1800 3060
594 227 871 259 SYLvARUM
906 227 1002 258 mu.
1025 227 1079 259 ιι.
1104 217 1146 259 7.
1511 218 1597 261 277

366 323 592 379 [Ingratus
605 323 730 365 Nero
750 322 955 364 dulcibus
973 323 1191 375 theatris,]

366 391 426 434 Et
445 395 597 433 noster
615 391 695 432 tibi
714 390 964 445 praeseretur
982 389 1203 445 Orpheus·

367 460 506 503 Dices
527 460 789 503 culminibus
810 459 943 502 Remi
961 463 1175 514 vagantes
1539 459 1596 502 60

139 602 208 634 qua
222 591 280 625 tibi
295 596 359 625 tum
372 591 547 634 placebant,
562 594 781 636 supprimendo
802 593 940 625 carmina
956 592 1102 631 Lareni,-
1125 594 1178 625 sed
1192 593 1338 635 quicquid
1354 593 1472 634 sacius,
1492 595 1597 624 noster

143 635 284 677 Orpheus
298 635 356 668 tibi
370 639 585 678 anteponetur.
633 637 734 668 Canes
755 637 898 668 scelestus
917 636 1078 679 flammas,
1103 646 1177 678 quus
1199 637 1312 678 impius
1330 635 1596 679 Tyrunnusjussit

747 729 984 742 eeeeeeeeeeee

140 805 224 839 satis
239 809 330 838 esset
344 805 503 838 evincere
525 806 616 838 hunc
643 816 775 838 versum
793 816 860 838 non
879 817 899 838 a
914 807 1026 838 Statio
1052 806 1244 847 profectum
1273 816 1359 840 esse.
1403 807 1462 840 Sic
1489 809 1596 852 igitur

139 850 215 890 lege
236 853 273 880 et
294 854 460 880 connecte
478 854 584 880 totum
603 849 713 881 locum
727 859 738 880 ι
761 851 809 882 Ac
830 849 1196 891 primum...Ludes...Et
1210 852 1500 891 supplex...uurum.
1549 853 1596 885 Tu

138 894 227 930 sedes
250 890 403 923 reserabis
428 891 616 932 lustrorum,
644 892 688 923 Et
715 895 819 924 noster
842 893 901 924 tibi
925 892 1079 931 reseretur
1097 892 1261 933 Orpheus!
1284 893 1412 925 Marti.
1456 893 1506 926 At
1531 905 1592 936 pro

140 933 334 967 Marklandi
351 932 518 973 referetur,
534 934 613 967 edd.
627 939 712 966 vett.
728 944 843 966 omnes
858 935 1035 975 exhibent,
1056 935 1254 975 praeserctur.
1287 937 1298 954 ‘
1317 935 1509 969 Difficultas
1525 947 1594 970 non

139 976 252 1010 aderit
266 977 346 1017 ulla,
364 975 468 1008 modo
483 977 546 1009 hoc
562 986 660 1008 versu
681 976 767 1019 (58.)
790 979 943 1010 voculam
959 979 1021 1010 erit
1032 977 1275 1019 subintelligas,
1287 989 1379 1010 more
1392 979 1596 1022 Papiniano,

139 1020 298 1061 abrupte.
314 1023 350 1051 et
365 1019 496 1051 omissis
513 1020 652 1056 voculis.
675 1020 834 1062 loquendi
848 1031 857 1059 ς
881 1020 923 1052 de
945 1030 1008 1062 qua
1026 1030 1063 1052 re
1079 1021 1191 1052 multis
1207 1022 1372 1064 exemplis
1387 1022 1431 1053 ad
1446 1023 1594 1056 Thebai-

138 1063 215 1095 dem
242 1062 383 1103 egimus·
429 1062 610 1095 Sententia
638 1071 718 1103 erga
746 1063 929 1104 Calliopes,
952 1063 1137 1095 Genethlia
1164 1064 1302 1096 Lucano
1326 1065 1496 1106 canentis,
1517 1067 1596 1107 erit,

139 1109 350 1138 contemtum
366 1104 406 1136 iri
423 1114 495 1146 prae
511 1106 648 1138 Lucano
664 1106 849 1144 Neronem,
872 1107 1020 1138 'I'heatro
1048 1106 1150 1148 pleno
1171 1105 1312 1138 favente
1337 1107 1386 1139 illi
1409 1117 1479 1148 prae
1503 1109 1595 1141 isto!

139 1147 196 1181 Ita
207 1147 380 1190 Barthius,
392 1157 490 1190 quem
503 1147 580 1181 vide
594 1149 734 1181 adhunc
747 1149 956 1182 locum—59
968 1149 1129 1182 Heinsius
1143 1149 1382 1191 conjectabat:
1408 1151 1478 1183 Nec
1490 1157 1594 1185 noster

792 1244 932 1277 NOTAE

139 1317 341 1362 inscriptum
366 1319 572 1362 ‘orpheus,’
592 1319 746 1353 imitatus
772 1321 838 1353 Or·

138 1370 275 1412 pheum,
285 1371 356 1414 qui,
371 1371 461 1403 inter
477 1371 569 1403 varia
584 1381 702 1413 opera,
719 1371 838 1413 poema

138 1420 271 1454 fecerat
296 1423 398 1455 etiam
420 1421 539 1454 eadem
564 1422 787 1464 inscriptione
802 1426 838 1454 et

138 1476 349 1514 argumento.
393 1472 480 1506 Quae
517 1473 606 1504 enim
642 1472 839 1506 scribebant

141 1522 261 1555 Poetae
274 1521 370 1555 facta
380 1532 470 1564 esse,
481 1532 522 1556 ea
536 1523 600 1565 ipsi
618 1523 628 1542 ‘
640 1522 775 1555 facere’
797 1533 838 1555 ac

142 1582 264 1614 gerere
279 1573 497 1614 dicebantur,
512 1578 548 1606 et
567 1574 646 1605 inde
674 1575 684 1592 ¹
699 1573 818 1606 Poetae
828 1573 838 1588 ²

141 1622 239 1655 dicti.
282 1623 382 1656 Unde
413 1624 568 1656 Lucanus
597 1623 725 1656 dicitur
747 1633 838 1656 rese·

142 1682 233 1705 rasse
255 1673 354 1706 sedes
380 1672 585 1715 Inferorum,
609 1683 686 1706 cum
712 1675 839 1707 cecinit

143 1723 285 1766 Orphea
299 1724 568 1757 descendentem
583 1724 627 1757 ad
642 1724 787 1767 Inferos,
801 1730 839 1757 et

140 1773 177 1806 in
192 1774 302 1806 lucem
315 1783 498 1807 reversum.

183 1827 227 1857 68
257 1824 409 1866 Ingratus
434 1825 520 1858 Nero
543 1826 681 1858 dulcibus
705 1827 840 1859 theatris

140 1875 188 1909 Ee
203 1878 306 1908 amer
318 1875 379 1908 tibi
389 1875 579 1918 prefer-etur·
594 1877 752 1918 Orpheus]
775 1877 839 1909 Lo·

142 1934 202 1958 eus
215 1925 431 1958 difficillimus
442 1937 452 1966 ;
475 1930 594 1968 totque
606 1930 686 1958 sunt
695 1925 769 1958 fere
781 1936 839 1959 ex-

141 1975 355 2018 plicationes,
390 1980 475 2017 quot
504 1976 724 2018 interpretes.
768 1977 840 2009 Do-

142 2026 258 2058 mitius
271 2026 348 2059 haec
364 2026 489 2060 habet:
507 2027 672 2068 Ingratus]
694 2027 761 2061 Qui
773 2037 841 2060 non

142 2076 273 2116 pateris
307 2081 523 2117 spectatores
558 2076 627 2109 frui
665 2078 841 2118 voluptate

143 2124 386 2158 audiendorum
415 2128 598 2159 carminum
630 2127 772 2167 Lucani,
804 2133 842 2160 et

143 2180 258 2209 tamen
272 2176 336 2208 tibi
359 2178 461 2209 etiam
486 2177 593 2209 invito
614 2181 841 2218 anteponetur

143 2226 211 2259 hoc
221 2227 438 2268 opusculum
450 2227 564 2269 aitque
574 2227 747 2259 Domitius
756 2228 842 2260 Poe-

143 2280 215 2308 tam
227 2276 293 2309 hoc
318 2277 432 2310 dicere
452 2278 486 2309 in
506 2277 664 2309 invidiam
683 2277 842 2320 Neronis,

145 2326 203 2369 qui
224 2336 360 2359 carmen
376 2328 505 2360 Lucani
527 2328 663 2359 recitari
683 2338 750 2360 non
766 2338 841 2370 per-

144 2377 250 2418 misit,
277 2377 432 2410 invidens
451 2378 541 2410 illius
562 2378 666 2418 laudi,
681 2388 748 2420 quo
765 2388 843 2411 eum

143 2427 291 2470 impulit,
305 2428 393 2461 utin
413 2428 661 2470 Imperatorem
684 2429 842 2471 conjura-

144 2481 199 2511 ret
225 2487 303 2510 cum
332 2478 420 2510 aliis.
461 2479 623 2510 Tacitus:
646 2480 842 2511 ‘Lucanum

145 2529 293 2570 propriae
330 2538 443 2562 causae
479 2528 727 2569 accendebant,
749 2529 840 2571 quod

145 2577 269 2611 famam
286 2579 471 2611 carminum
487 2579 563 2620 ejus
576 2580 753 2621 premebat
770 2580 840 2612 Ne-

146 2638 198 2670 ro,
211 2629 498 2672 prohibueratque
520 2629 717 2662 ostentare!
754 2631 840 2662 Ber-

147 2679 277 2712 nartius
283 2680 367 2721 legit
374 2680 511 2720 ingratis
519 2686 557 2712 ut
568 2686 604 2712 et
610 2681 758 2723 Lipsius,
766 2690 841 2712 seu-

147 2739 287 2773 sumque
301 2741 377 2764 esse
393 2733 460 2765 ait:
491 2732 523 2765 O
541 2733 648 2773 Nero,
665 2734 718 2764 vel
735 2733 843 2765 invito

147 2779 209 2813 tibi
224 2781 258 2814 in
271 2781 409 2815 theatris
422 2782 629 2825 praeferetur
642 2788 760 2816 noster
776 2783 842 2816 Or-

892 1321 1012 1363 pheus.
1056 1322 1310 1364 Quinquennali
1332 1321 1422 1354 enim
1438 1322 1594 1354 certami-

893 1381 947 1409 ne,
958 1382 1034 1404 cnm
1051 1372 1207 1405 Lucanus
1222 1372 1400 1414 Orpheum
1416 1371 1594 1405 decantas-

892 1427 957 1463 set,
980 1429 1161 1455 coronatus
1184 1428 1305 1456 contra
1325 1423 1501 1455 Neronem
1527 1427 1594 1464 est,

893 1473 984 1515 quod
1012 1474 1192 1515 aegerrime
1214 1474 1376 1506 toleravit
1398 1473 1594 1515 Imperator

894 1524 1115 1556 citharoedus.
1160 1524 1345 1557 Gevartius
1362 1533 1444 1556 vero
1459 1524 1594 1561 scribit,

893 1583 959 1605 non
974 1574 1029 1606 hic
1045 1575 1200 1607 converti
1216 1584 1405 1607 sermonem
1421 1574 1464 1606 ad
1485 1575 1596 1607 Nero-

892 1634 982 1666 nem,
1005 1625 1064 1657 sed
1089 1626 1267 1667 Calliopen
1298 1631 1464 1668 perpetuo
1485 1626 1595 1658 Luca-

892 1685 972 1707 num
987 1676 1135 1718 alloqui:
1164 1682 1200 1709 et
1213 1676 1328 1709 dicere
1343 1687 1352 1709 ι
1376 1677 1471 1709 Nero
1485 1677 1592 1718 ingra-

891 1729 942 1758 tus
956 1726 1023 1758 erit
1037 1726 1189 1765 theatris,
1199 1726 1233 1758 id
1246 1726 1478 1768 est,poe'mata
1489 1727 1596 1768 ipsius

893 1776 1020 1818 populo
1034 1786 1102 1808 nou
1120 1777 1328 1817 placebunt;
1350 1786 1429 1808 nam
1450 1777 1596 1818 ingratus

892 1828 948 1859 hic
970 1827 1103 1869 passive
1127 1827 1377 1868 accipiendum,
1399 1832 1438 1859 ut
1459 1828 1595 1870 ‘ingra-

894 1883 966 1911 tum
991 1876 1128 1918 cibum‚'
1166 1877 1356 1919 ‘ingratam
1387 1877 1595 1910 orationem’

895 1928 1037 1960 dicimus
1046 1938 1055 1967 ;
1069 1932 1106 1960 et
1116 1933 1235 1960 noster
1244 1927 1418 1970 Orpheus,
1426 1937 1446 1960 o
1456 1929 1595 1961 Lucane

896 1978 972 2017 tibi,
986 1978 1022 2009 id
1037 1983 1101 2019 est,
1122 1978 1157 2009 iu
1173 1983 1266 2010 tuam
1283 1978 1439 2019 gratiam,
1453 1978 1486 2009 in
1503 1983 1596 2011 tuam

894 2029 1042 2068 laudern,
1056 2028 1259 2071 praeferetur
1282 2028 1422 2070 scriptis
1438 2028 1597 2060 Neronis.

897 2080 955 2112 Sic
990 2080 1084 2121 apud
1119 2083 1272 2111 nostrum
1309 2079 1406 2120 Epic.
1445 2079 1595 2112 Phileti:

901 2130 996 2162 ‘Non
1012 2130 1134 2162 saevins
1151 2134 1244 2161 atros
1260 2129 1291 2161 N
1296 2129 1438 2170 igrasset
1456 2129 1598 2171 planctu

895 2180 1043 2221 genitrix
1069 2179 1133 2211 tibi
1155 2189 1250 2211 saeva
1275 2178 1445 2211 lacertos!
1489 2180 1598 2212 Hein-

895 2231 963 2262 sius
978 2230 1139 2271 corrigit:
1164 2231 1232 2261 Nec
1247 2233 1350 2261 noster
1373 2229 1432 2261 tibi
1450 2230 1598 2270 praesere·

896 2283 947 2312 tur
979 2279 1133 2320 Orpheus.
1177 2279 1227 2310 Ut
1253 2287 1347 2310 meus
1379 2279 1424 2311 sit
1453 2278 1595 2311 Poetae:

895 2330 1063 2369 Tandem,
1090 2329 1180 2361 sicut
1209 2328 1382 2369 Orpheus,
1407 2339 1428 2360 o
1447 2329 1598 2371 Lucane,

896 2381 972 2422 ipse
987 2389 1122 2424 quoque
1136 2380 1305 2412 reserabis
1321 2379 1469 2422 Inferos,
1482 2386 1519 2413 et
1530 2382 1598 2413 Eu-

896 2431 1038 2473 rydicen
1049 2431 1172 2463 iterum
1185 2439 1341 2462 accerses
1353 2441 1362 2470 ;
1375 2431 1464 2473 quod
1475 2431 1598 2473 poema

895 2481 946 2512 ita
960 2481 1027 2512 erit
1043 2485 1225 2522 acceptum
1242 2482 1381 2522 populo,
1393 2487 1432 2514 ut
1449 2482 1598 2514 Neronis

895 2541 1014 2563 versus
1043 2531 1167 2573 ingrati
1200 2531 1270 2563 sint
1301 2531 1408 2564 futuri
1440 2543 1510 2574 prae
1539 2534 1598 2565 illo

897 2581 1050 2613 theatris.
1094 2581 1203 2613 Immo
1225 2592 1290 2615 nec
1317 2583 1478 2625 Orpheus
1501 2593 1596 2617 mens

897 2637 956 2664 tuo
968 2631 1185 2673 praeferetur.
1210 2633 1327 2666 Noster
1341 2634 1496 2677 Orpheus]
1506 2635 1598 2669 Quia

896 2692 997 2724 quem
1012 2692 1073 2722 ego
1091 2684 1326 2725 peperi‚illum
1341 2689 1378 2716 tu
1394 2685 1562 2717 cecinisti.

938 2736 980 2765 60
1004 2733 1102 2765 Dices
1121 2734 1304 2766 culminibus
1326 2734 1419 2766 Remi
1446 2740 1598 2776 vagantes

898 2783 1045 2822 Infandos
1065 2784 1183 2816 domini
1206 2784 1344 2817 nocentis
1356 2783 1461 2826 ignes]
1481 2786 1598 2828 Scrip-
