1800 3060
245 199 330 243 284

742 215 782 246 P.
817 214 1008 246 PAP¹N11

1045 215 1209 248 STATII

474 308 660 351 Peliden
679 310 834 354 Thetis
853 312 1017 355 horruit
1037 314 1282 355 cadentem.

473 377 550 419 Sic
572 379 684 433 ripis
703 393 786 433 ego
807 381 1115 422 murmurantis
1138 381 1284 423 Hebri

473 444 578 486 Non
600 454 765 488 mutum
787 452 926 502 caput
947 447 1151 503 Orpheos
1172 449 1403 504 sequebar.

477 512 554 554 Sic
576 517 621 555 et
637 516 682 556 tu
700 512 865 570 (rabidi
886 515 1011 557 nefas
1030 517 1205 571 tyranni
1220 515 1254 572 !)

1620 519 1704 562 100

472 580 503 623 J
508 594 638 623 ussus
658 583 930 638 praecipitem
951 585 1101 627 subire
1125 585 1304 636 Lethen,

474 649 594 690 Dum
612 662 789 704 pugnas
809 651 949 703 canis,
969 653 1196 707 arduaque
1215 665 1328 695 voce

474 716 571 759 Das
588 718 754 760 solatia
774 720 1013 774 grandibus
1034 721 1269 776 sepulcris,

474 783 538 840 (Ο
560 785 702 827 dirum
723 787 899 830 scelus!
932 800 959 829 o
981 789 1132 831 scelus
1147 787 1180 843 ἔ)
1198 789 1382 832 tacebis.

234 923 358 962 fossum
375 925 487 957 dextra
502 926 618 967 trepidi
641 927 782 961 Paridis.
826 927 883 960 Sic
904 938 961 969 ego
976 929 1124 970 sequebar
1137 933 1230 971 caput
1244 940 1387 963 sonorum
1405 931 1527 974 Orphei
1541 932 1576 966 in
1590 925 1706 967 littori-

243 967 301 999 bus
314 969 538 1010 perstrepentis
550 970 665 1002 Hebri.
711 971 768 1003 Sic
789 975 821 1002 et
843 974 878 1003 tu
903 974 936 1013 (ο
961 973 1060 1004 scelus
1067 972 1188 1011 furiosi
1202 974 1354 1015 principis
1366 973 1397 1016 l)
1411 975 1520 1014 jussus
1534 986 1566 1008 es
1578 977 1706 1017 ingredi

242 1012 386 1051 rapidam
401 1011 532 1052 Lethen,
548 1014 619 1044 dum
635 1015 721 1045 canis
744 1014 868 1055 proelia,
890 1019 922 1046 et
947 1015 1182 1057 magnificentia
1205 1026 1350 1049 versuum
1371 1018 1483 1050 solaris
1504 1020 1625 1052 cineres
1639 1020 1708 1052 He-

242 1063 333 1086 roum
347 1055 572 1098 Romanorum,
586 1056 620 1099 (o
635 1057 739 1089 dirum
751 1057 869 1090 crimen
881 1057 897 1090 Ι
911 1068 929 1089 o
940 1059 1058 1090 crimen
1068 1057 1101 1101 l)
1115 1059 1241 1092 silentio
1255 1061 1519 1094 condamnaberis.
1536 1062 1702 1096 δίεισι-Μαι

855 1165 915 1180 ‘O‘
919 1165 1099 1179 ΝΜΟ

243 1240 447 1281 impotentis.
494 1242 613 1275 Lectio
629 1244 785 1284 trementi,
810 1254 873 1286 pro
893 1244 974 1287 vulg

977 1269 985 1278 .
1010 1245 1171 1278 trementis
1196 1249 1250 1277 est
1272 1255 1316 1276 ex
1335 1244 1475 1287 ingenio
1495 1245 1690 1278 Marklandi

245 1283 339 1315 Nihil
365 1285 565 1317 mutandum
593 1292 693 1327 putat
717 1288 976 1321 Batonius-9⁷
1000 1289 1098 1321 Rom.
1122 1289 1254 1321 Peliden
1273 1289 1381 1321 Thetis
1397 1288 1600 1322 obruit.—98
1624 1290 1706 1323 Ebri

243 1326 320 1358 edd.
336 1331 531 1362 vem—100
555 1329 611 1362 Sic
627 1334 661 1362 tu
676 1331 780 1362 rabidi
804 1331 950 1375 (ncgsass)
975 1332 1104 1374 tyranni
1119 1332 1152 1364 in
1169 1331 1412 1365 iisdem—111
1435 1332 1500 1365 Seu
1512 1332 1600 1375 pacis
1613 1332 1704 1372 meri,

904 1428 1047 1462 NOTAE

242 1511 302 1554 iis]
310 1512 555 1546 PelidenThetis
563 1513 684 1546 horruit
693 1516 870 1558 cadentem]
881 1517 949 1549 Re·

243 1563 350 1605 spicit
365 1563 604 1607 fabulam,qua
621 1566 762 1600 tradunt
777 1567 948 1600 Achillem

242 1624 263 1646 a
278 1614 406 1646 Paride
419 1615 452 1645 in
470 1616 632 1655 templum
645 1616 814 1658 Apollinis
825 1619 950 1659 Thym·

242 1664 341 1704 braei,
364 1676 426 1707 spe
451 1666 601 1699 visendae
627 1668 827 1710 l'olyxenae,
851 1669 948 1711 cnjus

243 1725 358 1748 amore
390 1717 547 1758 ardebat,
577 1719 738 1751 allectum
766 1719 887 1761 fuisse,
910 1726 948 1753 et

241 1766 368 1799 ibidem
386 1776 486 1799 manu
504 1768 611 1809 ipsius
634 1770 783 1812 Paridis,
805 1771 947 1804 consilio

242 1827 326 1850 vero
342 1818 524 1860 Apollinis,
546 1819 579 1851 in
597 1821 665 1852 talo
679 1821 864 1863 confixum,
886 1823 945 1864 qui

240 1869 337 1901 locus
355 1870 458 1902 totius
475 1871 629 1912 corporis
644 1872 756 1904 letalis
773 1877 860 1905 erat.
886 1874 945 1906 Pe·

240 1920 343 1962 liden]
364 1920 533 1953 Achillem
550 1922 649 1954 Pelei
665 1922 781 1956 filium.

283 1974 326 2003 98
349 1971 406 2003 Sic
419 1973 499 2013 ripis
513 1983 570 2012 ego
591 1975 818 2006 murmurantis
842 1973 947 2006 Hebri

242 2022 319 2054 Non
346 2026 467 2054 mutum
495 2026 588 2064 caput
613 2024 755 2064 Orpheos
781 2025 946 2067 sequebar]

239 2072 400 2105 Tradunt
410 2073 640 2115 Bacchantes‚
654 2074 712 2107 ubi
725 2075 869 2117 Orphea
878 2076 946 2108 dis-

241 2129 461 2166 cerpserunt,
487 2131 593 2165 caput
615 2125 691 2166 ejus
709 2125 896 2167 projecisse
913 2126 946 2158 in

241 2174 399 2207 Hebrum
409 2173 547 2206 fluvium
561 2174 729 2216 Thraciae,
742 2176 833 2218 quod
851 2176 946 2208 dela-

242 2230 317 2258 tum
344 2229 397 2258 est
420 2227 455 2258 in
481 2225 617 2257 Lesbon
648 2226 807 2267 insulam,
833 2227 947 2269 ibique

242 2276 376 2309 Graecis
402 2276 445 2308 ad
469 2276 728 2318 expeditionem
759 2278 947 2319 Trojanam

242 2327 403 2359 euntibus
428 2333 590 2359 eventum
621 2327 702 2359 belli
725 2328 948 2360 vaticinatum

242 2387 317 2409 esse
333 2388 344 2417 3
363 2377 457 2410 unde
473 2388 533 2410 non
546 2382 665 2410 inuium
680 2378 819 2411 dicitur.
853 2380 947 2412 Mur-

240 2429 396 2460 nmrantis
425 2428 546 2469 Hebri]
585 2429 819 2471 Rapidissimo
854 2431 945 2463 enim

241 2487 342 2510 cursu
372 2476 446 2510 fluit
477 2477 533 2510 hic
560 2477 698 2520 fluvius,
727 2482 945 2523 sonitumque

241 2528 316 2562 edit
328 2529 575 2570 gravissimum.

286 2582 349 2612 loo
372 2579 491 2611 Rabidi
506 2581 651 2622 tyranni]
675 2582 835 2615 Neronis.

286 2634 347 2663 101
361 2631 474 2664 Jussus
485 2632 681 2672 proecipitem
695 2634 799 2666 subire
809 2633 946 2676 Lethen]

242 2683 413 2723 Lucanus,
446 2682 586 2714 Nerone
616 2690 794 2724 premente
825 2684 948 2718 famam

242 2733 430 2766 carminum
445 2742 596 2774 suornm,
620 2738 657 2766 et
679 2739 855 2768 ostentare
871 2747 947 2778 pro-

241 2784 395 2827 hibente,
412 2785 604 2819 Pisonianae
621 2785 765 2822 adhaesit
792 2788 946 2830 conjura-

1001 1516 1098 1558 tioni,
1122 1521 1380 1559 aerumnisque,
1406 1520 1443 1550 et
1473 1521 1598 1559 tortus,
1635 1527 1705 1551 ma-

1002 1571 1090 1600 trem
1109 1568 1286 1608 indicavit,
1300 1569 1506 1610 impunitate
1525 1569 1705 1611 promissa,

1002 1623 1041 1650 ut
1077 1618 1125 1650 ait
1160 1619 1314 1659 Tacitus,
1339 1619 1397 1661 qui
1422 1619 1497 1651 haec
1524 1618 1635 1652 refert
1661 1621 1705 1652 de

1002 1675 1111 1700 morte
1127 1669 1236 1701 illius:
1259 1670 1268 1687 ‘
1281 1669 1371 1701 Exin
1388 1670 1438 1702 M.
1454 1668 1580 1702 Annaei
1597 1671 1706 1703 Luca-

1001 1719 1036 1751 ni
1051 1719 1182 1751 caedem
1205 1720 1352 1761 imperat
1372 1720 1480 1752 Nero.
1524 1720 1560 1752 Is
1577 1720 1705 1762 proflu-

1003 1775 1082 1801 ente
1094 1770 1272 1811 sanguine,
1281 1769 1477 1813 (immersus
1489 1769 1603 1802 calida
1615 1781 1704 1813 aqua

1002 1829 1106 1851 venas
1121 1820 1254 1851 medico
1272 1820 1498 1862 praebuerat,)
1511 1821 1567 1853 ubi
1581 1820 1706 1863 friges·

1000 1879 1078 1902 cere
1096 1870 1200 1911 pedes
1214 1880 1413 1913 manusque,
1428 1876 1463 1903 et
1480 1872 1645 1912 paulatim
1662 1871 1706 1904 ab

1000 1920 1163 1952 extremis
1180 1921 1305 1953 cedere
1317 1921 1631 1963 spi1·itum,fervido
1647 1922 1706 1954 ad-

999 1971 1066 2003 huc
1081 1976 1118 2003 et
1141 1976 1301 2014 compote
1328 1972 1452 2004 mentis
1476 1977 1630 2014 pectore,
1654 1973 1704 2005 iu-

1001 2023 1125 2064 telligit
1136 2033 1145 2062 ;
1160 2022 1361 2055 recordatus
1373 2033 1513 2056 carmen
1529 2032 1550 2055 a
1561 2033 1600 2055 se
1613 2033 1704 2056 com-

1001 2076 1238 2116 positumque
1255 2075 1469 2107 vulneratum
1485 2074 1625 2107 militem
1642 2083 1705 2117 per

1001 2124 1171 2167 ejusmodi
1211 2125 1331 2157 mortis
1368 2125 1548 2167 imaginem
1578 2125 1705 2159 obiisse

999 2177 1204 2218 tradiderat,
1225 2186 1343 2209 versus
1368 2177 1462 2219 ipsos
1485 2177 1624 2210 retulit:
1646 2186 1703 2209 es-

1000 2237 1067 2270 que
1080 2228 1128 2259 illi
1145 2237 1304 2269 suprema
1315 2237 1380 2260 vox
1396 2227 1488 2261 fuit.’
1511 2228 1596 2260 Sunt
1610 2227 1702 2259 haud

1000 2278 1106 2310 dubie
1132 2278 1202 2319 isti,
1225 2278 1285 2310 lib.
1301 2287 1358 2311 ιιι.
1381 2280 1391 2297 ⁸
1405 2278 1582 2312 Scinditur
1608 2279 1703 2311 avul-

1002 2338 1072 2368 sus,
1087 2337 1152 2360 nec
1176 2328 1267 2361 sicut
1294 2329 1435 2361 vulnere
1458 2329 1594 2371 sanguis
1610 2329 1702 2361 Emi-

1000 2379 1074 2412 cuit
1088 2380 1218 2411 lentus:
1238 2379 1349 2421 ruptis
1370 2380 1465 2412 cadit
1477 2379 1628 2422 undique
1645 2391 1702 2413 ve-

1000 2430 1065 2470 nis,
1088 2430 1343 2471 Discursusque
1368 2430 1488 2462 animae
1511 2429 1645 2462 diversa
1667 2431 1703 2463 in

1000 2483 1152 2516 membra
1167 2482 1311 2514 meantis
1331 2482 1552 2523 Interceptus
1581 2482 1678 2524 aquis
1692 2492 1704 2524 ς

1000 2535 1124 2566 nullius
1142 2533 1213 2564 vita
1230 2533 1379 2574 peremti
1396 2533 1458 2565 Est
1475 2537 1570 2565 tanta
1586 2533 1704 2566 dimis-

1000 2595 1036 2618 sa
1049 2584 1124 2618 via!

1046 2639 1108 2668 103
1131 2636 1203 2668 Das
1217 2635 1329 2667 solatia
1351 2634 1524 2675 grandibus
1538 2636 1704 2679 septebrio]

1002 2686 1043 2719 Id
1067 2691 1134 2727 est,
1160 2686 1336 2718 Heroibus
1359 2685 1545 2727 Romnum
1569 2687 1707 2728 Solatia,

1002 2743 1042 2770 ut
1053 2747 1195 2782 quorum
1211 2736 1304 2770 fama
1318 2737 1522 2779 nominaque
1548 2738 1615 2771 tuis
1633 2747 1706 2772 ver·

1001 2789 1096 2822 sibus
1113 2788 1148 2821 in
1163 2791 1331 2821 aeternum
1346 2787 1482 2821 victura
1495 2793 1586 2823 sunt.
