1800 3060
237 221 324 264 500

738 231 778 262 Ρ.
812 230 957 263 PAPIN
968 232 1000 263 u
1035 232 1200 264 STATII

241 328 400 371 Omnia
421 340 523 370 nam
543 326 672 368 laetas
692 326 784 380 pila
803 327 1048 369 attollentia
1066 327 1260 379 frondes,

240 396 465 451 Nullaque
482 395 652 436 famosa
669 396 867 448 signatur
886 395 1044 437 lancea
1061 396 1208 450 pinna.

240 465 480 513 Praeterea,
501 462 617 504 fidos
633 462 839 504 dominus
859 463 898 504 si
917 462 1088 504 dividat
1107 476 1250 513 enses,

239 531 442 574 Pandere
462 531 561 584 quis
580 533 753 572 centum
774 530 920 571 valeat
938 529 1122 573 fraenare
1141 530 1348 585 maniplis
1631 534 1690 577 95

238 666 288 688 ros
302 667 416 696 ranws,
437 660 469 688 et
483 657 568 688 nulla
581 658 686 689 lancea
700 660 827 688 notatur
839 656 980 696 infausta
991 667 1102 698 penna.
1147 657 1308 691 Proeterea
1321 658 1348 690 si
1363 658 1505 700 princeps
1524 659 1692 692 distribuat

238 700 345 731 munia
359 700 523 737 militaria,
547 700 660 741 dicere,
683 700 752 742 quis
766 700 968 732 intermixtus
981 701 1146 742 manipulis
1165 700 1319 741 legionum
1335 702 1433 743 possit
1447 702 1555 734 ducere
1570 706 1691 735 centum

847 794 964 806 eeeeee

965 794 1085 807 ooooo

239 870 313 892 esse
326 859 449 900 refugo.
491 860 608 892 Parm.
629 861 759 901 gurgite
773 861 925 893 tila—92
948 862 1063 893 Parm.
1077 862 1202 895 Venet.
1219 865 1251 895 2.
1267 867 1301 895 et
1313 863 1410 895 Rom.
1426 874 1501 896 cnm
1523 863 1691 895 nonnullis

240 904 314 935 aliis
336 904 454 936 laceras
476 914 509 945 p.
532 914 562 935 a.
581 904 736 943 frondem
762 903 862 936 Aldd.
883 904 993 937 Colin.
1021 905 1155 946 Gryph.
1181 906 1286 937 Basil.
1302 907 1416 938 Plant.
1433 909 1498 939 &c.
1512 908 1601 938 laetas
1613 918 1645 947 p.
1661 917 1692 938 α.

229 947 373 986 frondes.
418 947 578 978 Heinsius
594 947 628 978 in
645 947 790 979 Advers.
809 947 865 979 lib.
883 956 922 978 ιι.
941 957 1019 988 cap.
1037 950 1090 979 18.
1111 949 1283 981 correxit:
1311 949 1434 981 Clarias
1444 961 1478 991 p.
1494 960 1522 981 α.
1539 951 1695 988 frondes:

240 990 356 1020 nescio
385 990 460 1031 quis
492 991 594 1021 alius:
619 991 726 1022 laurus
746 1001 780 1031 p.
807 1001 837 1021 a.
857 991 1000 1030 frondes.

1043 991 1141 1022 Rom.
1168 992 1284 1023 Omnia
1299 993 1467 1032 jam—93
1491 993 1582 1025 Edd.
1606 997 1694 1025 vett.

239 1032 404 1074 Multaque
410 1032 538 1071 fumosa
551 1033 696 1073 signatur
710 1034 813 1065 lancea
825 1043 927 1074 penna
937 1044 950 1071 ‚·
966 1034 1094 1065 Markl.
1111 1035 1196 1076 conj.
1220 1036 1366 1067 damnosa
1379 1045 1406 1068 ε.
1422 1037 1443 1067 l.
1457 1036 1564 1077 pinna.
1610 1036 1694 1067 Lec-

239 1075 287 1106 tio
302 1080 422 1107 nostra
437 1080 490 1107 est
505 1086 548 1107 ex
564 1077 762 1117 conjectura
772 1076 939 1115 Salmasii,
955 1086 1055 1118 quem
1072 1077 1150 1109 vide
1163 1077 1206 1109 ad
1223 1078 1312 1110 nist.
1330 1079 1415 1120 Aug.
1431 1079 1559 1118 Script.
1576 1079 1651 1110 Vol.
1665 1086 1692 1110 1.

239 1127 274 1158 p.
303 1121 397 1150 1023.
434 1118 525 1150 Vide
551 1119 657 1151 etiam
685 1119 811 1160 Syllog.
841 1119 953 1160 Epist.
978 1120 1074 1151 Tom.
1097 1129 1139 1152 ιι.

1167 1131 1201 1162 p.
1223 1123 1397 1153 545.—-95.
1423 1124 1467 1153 96
1489 1121 1578 1153 Edd.
1606 1125 1693 1153 vett.

231 1159 375 1199 froenare
390 1162 540 1203 maniplos
555 1162 756 1194 Intermissa-⁹
770 1172 868 1204 eques.
913 1163 1094 1195 Salmasius
1118 1173 1174 1205 ap.
1190 1163 1341 1197 Gronov.
1355 1165 1472 1197 Diatr.
1494 1174 1570 1206 cap.
1585 1166 1638 1196 47.
1655 1167 1692 1196 et

901 1238 1043 1271 NOTAE

241 1310 279 1332 as
290 1301 528 1342 Massiliensis,
552 1302 643 1344 apud
664 1302 829 1343 Plinium,
845 1306 939 1334 octo-

239 1352 336 1393 genis
353 1352 477 1384 cubitis
497 1362 602 1393 supra
622 1353 834 1384 Britanniam
851 1353 939 1384 intu-

238 1402 369 1435 mescit.
405 1403 484 1435 Hoc
510 1408 625 1435 tamen
641 1413 758 1435 verum
781 1413 847 1435 non
865 1413 940 1435 esse

240 1453 347 1485 tradit
361 1454 497 1487 Strabo.
544 1453 761 1495 circumsona]
785 1454 874 1487 Quia
885 1454 941 1486 hic

241 1508 346 1535 aestus
363 1504 491 1536 circum
507 1506 689 1537 maximum
702 1505 775 1537 edit
791 1505 938 1538 sonitum

241 1563 281 1586 ac
292 1555 489 1595 strepitum.

282 1608 324 1637 92
351 1606 467 1638 Omnia
479 1615 550 1637 nam
564 1607 654 1638 loetas
674 1605 742 1647 pila
766 1605 942 1638 attollentia

233 1655 379 1696 frondes,
397 1656 551 1697 Nullaque
567 1656 690 1697 famosa
711 1655 860 1696 signatur
874 1656 940 1688 lan-

238 1716 294 1738 cea
316 1706 430 1747 pinna]
458 1707 506 1738 Ut
528 1707 583 1739 hic
606 1707 698 1738 locus
714 1706 941 1748 intelligatur,

244 1757 493 1789 observandum
511 1762 575 1797 est,
589 1767 647 1790 eos
675 1757 734 1800 qni
763 1767 817 1790 res
843 1759 940 1791 laetas

239 1813 277 1840 et
301 1808 390 1840 bene
413 1813 524 1851 gestas
540 1809 728 1841 nuntiaturi
745 1809 940 1851 veniebant,

239 1869 309 1891 non
346 1859 454 1891 solum
480 1859 626 1891 tabellas
655 1861 842 1899 laureatas,
880 1860 939 1891 sed

240 1911 341 1941 etiam
359 1920 488 1942 summa
504 1910 573 1951 pila
597 1911 700 1942 ramis
727 1911 817 1942 lauri
838 1909 940 1953 (quos

241 1959 297 1991 hic
312 1961 402 1991 laeias
417 1959 560 2000 frondes,
588 1966 626 1991 ut
651 1960 702 1992 rei
730 1960 816 1992 bene
836 1964 939 2000 gestae

243 2019 304 2042 seu
334 2011 486 2042 victoriae
518 2010 662 2050 indices,
689 2014 788 2042 vocat
816 2010 942 2051 Poe'ta)

241 2071 392 2093 ornasse.
438 2062 467 2093 E
490 2062 662 2094 contrario
677 2061 802 2104 quires
817 2062 937 2093 turbu-

239 2111 352 2144 lentas
374 2116 411 2144 et
434 2111 617 2144 infeliciter
633 2117 759 2154 gestas,
780 2116 841 2144 aut
867 2112 938 2144 bel-

239 2163 307 2194 lum
324 2163 540 2205 nuntiabant,
565 2164 600 2195 iu
618 2173 746 2195 summo
768 2164 939 2196 hastarum

240 2213 482 2246 lancearumve
523 2214 639 2247 tulisse
678 2215 811 2255 pinnas,
846 2215 940 2247 velut

240 2265 372 2305 signum
390 2265 437 2296 rei
467 2264 587 2296 tristis.
633 2265 743 2297 Vetus
769 2265 940 2307 interpres

238 2315 415 2348 Juvenalis
449 2315 490 2347 ad
530 2316 625 2348 illum
652 2316 763 2347 locum
787 2315 860 2347 Sat.
887 2325 938 2349 ιν.

239 2367 250 2384 ⁴
264 2367 440 2408 Tanquam
468 2377 487 2398 e
511 2366 655 2398 diversis
672 2366 826 2408 partibus
848 2366 938 2398 orbis

237 2415 351 2448 Anxia
367 2417 538 2458 praecipiti
553 2417 702 2449 venisset
714 2417 854 2458 epistola
866 2418 940 2459 pin-

236 2466 305 2499 na!
348 2466 358 2483 ‘
375 2467 512 2509 Antea,'
534 2468 658 2510 iuquit,
686 2472 695 2486 ‘
709 2468 738 2499 si
762 2467 844 2510 quid
860 2478 938 2500 con-

238 2517 326 2548 sules
351 2518 567 2558 nuntiabant,
581 2517 615 2548 in
639 2516 757 2549 urbem
783 2527 845 2558 per
867 2517 939 2559 epi-

238 2569 345 2600 stolas
357 2569 578 2600 nuntiabant:
596 2569 625 2600 si
640 2568 790 2600 victoriae
806 2568 940 2600 nuntia-

238 2618 378 2660 bantur,
391 2619 506 2650 laurus
531 2620 565 2650 iu
588 2619 735 2660 epistola
747 2617 939 2659 figebatur:

239 2669 266 2700 si
282 2675 396 2700 autem
413 2668 539 2711 aliquid
564 2669 709 2709 adversi,
728 2669 832 2710 pinna
858 2667 940 2710 fige-

242 2719 367 2752 batur!
412 2719 509 2753 Idem
525 2719 634 2751 tradit
658 2719 800 2751 Servius
827 2719 869 2751 ad
885 2719 941 2751 ΙΕ-

240 2770 332 2801 neid.
349 2779 401 2802 lx.
436 2769 506 2803 ibi:
530 2771 539 2788 ‘
557 2769 704 2802 Pinnata
730 2779 791 2811 per
817 2769 939 2803 urbem

996 1302 1125 1334 Nuntia
1139 1301 1228 1334 fama
1244 1302 1334 1335 ruit.’
1379 1302 1389 1320 ‘
1406 1302 1553 1337 Quidam
1571 1303 1691 1337 volunt

995 1351 1121 1384 famam
1149 1353 1225 1384 ideo
1249 1353 1304 1385 hic
1334 1353 1510 1394 pinnatam
1535 1363 1555 1384 a
1580 1352 1692 1386 Poeta

994 1403 1186 1444 inductam,
1222 1403 1302 1445 quia
1342 1404 1525 1435 tumultum
1564 1408 1601 1435 et
1635 1413 1698 1436 res*

993 1453 1158 1486 adversas
1181 1455 1339 1486 nuntiat:
1375 1459 1412 1486 ut
1439 1454 1521 1486 iliud
1548 1459 1692 1496 tangere

994 1505 1164 1546 videatur,
1182 1504 1273 1547 quod
1290 1503 1486 1547 quibellum
1504 1505 1691 1544 nuntiaret,

994 1555 1150 1596 pinnatae
1186 1555 1304 1587 literas
1340 1555 1514 1587 diceretur
1545 1553 1691 1588 afferre:

993 1604 1174 1646 Significat
1198 1615 1280 1646 ergo
1307 1605 1437 1638 Statius
1459 1615 1502 1638 ex
1534 1605 1691 1639 omnibns

992 1656 1076 1688 locis
1104 1656 1222 1688 felices
1253 1657 1451 1688 Domitiano
1475 1656 1610 1688 nuntios
1636 1666 1693 1689 ve-

994 1706 1096 1747 nisse,
1111 1707 1242 1739 nullum
1262 1707 1405 1739 tristem.
1450 1707 1540 1739 Vide
1564 1708 1693 1740 Salma-

994 1757 1079 1789 sium
1095 1757 1138 1789 ad
1152 1757 1383 1798 Lampridium
1396 1757 1529 1800 Severi,
1544 1763 1581 1791 et
1604 1757 1693 1791 Gro-

993 1807 1128 1839 novium
1146 1817 1215 1838 suae
1226 1807 1344 1839 Diatr.
1360 1817 1436 1850 cap.
1451 1810 1506 1840 47.

1036 1860 1079 1890 94
1103 1859 1200 1891 Fz’dos
1215 1860 1314 1901 enses]
1329 1859 1398 1891 Per
1417 1869 1502 1891 enses
1527 1859 1692 1901 intelligit

994 1921 1136 1943 munera
1153 1911 1290 1950 bellica,
1311 1915 1350 1943 nt
1375 1920 1419 1942 ex
1439 1911 1592 1954 pluribus
1609 1912 1691 1945 locis

993 1960 1132 2002 Papinii
1148 1962 1286 2002 probari
1301 1966 1426 2002 potest.
1469 1961 1593 2003 ltaque
1615 1962 1625 1979 ‘
1641 1962 1691 1994 di-

994 2011 1110 2043 videre
1121 2014 1129 2027 ’
1144 2021 1240 2043 enses
1257 2010 1385 2043 dicitur
1400 2011 1599 2052 imperator,
1613 2022 1691 2045 cum

991 2060 1102 2093 officia
1114 2066 1150 2094 et
1166 2061 1352 2103 dignitates
1363 2062 1492 2094 militiae
1505 2063 1691 2097 distribuit.

996 2112 1105 2154 Fides]
1127 2113 1216 2146 Quia
1241 2112 1389 2145 fidelitas
1411 2115 1555 2146 maxime
1578 2115 1692 2158 requi-

992 2163 1080 2195 ritur
1096 2163 1128 2194 in
1146 2162 1291 2195 ducibus
1307 2164 1520 2196 exercituum
1537 2170 1574 2197 et
1595 2164 1691 2207 copi-

993 2223 1101 2252 arum,
1123 2212 1246 2254 quibus
1263 2217 1338 2245 tota
1363 2214 1452 2246 salus
1477 2214 1690 2257 Reipublicae

993 2262 1158 2295 innititur.

1034 2316 1075 2345 95
1103 2314 1184 2349 Quis
1193 2316 1315 2345 centum
1328 2314 1428 2345 valeat
1435 2313 1578 2352 fraenare
1591 2314 1692 2347 mani-

988 2364 1052 2406 plis
1066 2364 1274 2396 Intermixtus
1296 2373 1388 2405 equos
1409 2364 1574 2406 [maniplos
1587 2364 1690 2397 Inter·

992 2415 1105 2446 missus
1133 2413 1239 2456 eques]
1275 2414 1343 2446 Hic
1371 2415 1464 2446 locus
1499 2414 1687 2455 obscurum

993 2466 1056 2498 sed
1084 2466 1268 2499 Salmasius
1293 2464 1443 2498 adhibita
1465 2465 1530 2497 levi
1553 2474 1687 2497 correc-

994 2517 1087 2549 tione
1116 2515 1250 2548 facilem
1278 2516 1458 2548 intellectu
1494 2515 1602 2555 dedit,
1637 2515 1687 2547 sic

993 2568 1159 2609 legendo:
1186 2567 1266 2604 Quis
1285 2570 1408 2598 centum
1430 2566 1531 2598 valeat
1544 2564 1687 2604 sroenare

992 2618 1140 2659 maniplis
1164 2617 1365 2650 Intermissus
1391 2625 1491 2656 equos,
1517 2615 1568 2646 vel
1583 2615 1687 2647 Inter-

991 2668 1120 2702 mixtus.
1157 2669 1304 2700 Fraenare
1319 2669 1440 2699 centum
1453 2675 1544 2706 equos
1557 2669 1611 2698 est
1623 2665 1685 2697 du-

992 2729 1071 2752 cere
1087 2725 1225 2752 centum
1240 2717 1383 2759 equites.
1422 2715 1684 2749 Observandum

993 2775 1059 2811 est,
1076 2770 1202 2812 duplex
1224 2767 1328 2800 fuisse
1345 2776 1451 2810 genus
1463 2767 1614 2809 equitum
1628 2766 1684 2809 qni

1783 1367 1800 1386 Ι
