1800 3060
251 213 335 257 468
744 225 783 254 P.
817 223 1005 255 ΡΛΡιΝιι
1038 224 1203 256 εΤΑΤη

424 319 578 372 Serta3
608 331 686 360 nec
705 318 847 374 maj0r
868 319 995 373 sitis;
1025 325 1069 362 et
1087 321 1305 364 bibendus

593 385 768 428 Castior
787 386 943 427 amnis.

423 453 614 505 Quando
634 457 675 495 te
695 454 814 495 dulci
833 454 964 495 Latio
984 455 1204 496 remittent

421 522 644 565 Dalmatae
665 523 870 564 montes?
901 523 975 564 ubi
998 522 1102 564 Dite
1124 524 1220 564 viso

422 589 622 631 Pallidus
643 590 790 631 fossor
810 590 933 640 redit,
955 593 1166 644 erutoque

593 657 811 699 Concolor
830 670 954 699 auro.

421 724 537 767 Ecce
556 738 625 766 me
644 729 796 766 natum
817 726 1022 779 propiore
1042 729 1156 767 terra

423 792 528 834 Non
548 797 693 834 tamen
712 798 843 847 portu
864 794 1053 835 retinent
1072 807 1249 836 amoeno

422 860 614 903 Desides
636 861 777 912 Baiae,
799 861 1007 904 liticenve
1028 867 1160 905 notus

593 928 804 972 Hectoris
827 932 975 972 armis.

1646 597 1701 639 15

1639 936 1699 981 20

248 1052 362 1090 myrto,
379 1059 458 1082 nunc
472 1050 569 1091 major
581 1051 654 1083 sitis
666 1055 725 1092 est,
746 1055 778 1084 et
788 1054 941 1094 potandus
954 1053 1205 1096 castior-fluvius.
1252 1054 1384 1091 Quando
1398 1054 1568 1088 Dalnmeioe
1581 1060 1701 1090 montes

248 1095 280 1123 te
294 1093 423 1125 reddent
434 1097 527 1133 grato
542 1094 656 1127 Latio?
677 1095 729 1126 uln'
733 1096 840 1135 fossor
852 1096 998 1137 pallidus,
1013 1101 1041 1128 et
1057 1098 1192 1136 ejusdem
1209 1098 1320 1130 coloris
1338 1109 1376 1130 oc
1389 1102 1563 1131 extractum
1577 1110 1698 1142 annm,

247 1136 418 1167 revertitur
432 1147 448 1168 e
453 1136 579 1178 sodiua,
601 1141 721 1180 aspecto
738 1139 883 1170 Plutone.
928 1140 1008 1171 Ecce
1029 1150 1096 1180 ego,
1119 1141 1257 1181 quamtis
1279 1145 1372 1173 natus
1397 1142 1457 1173 sim
1476 1152 1570 1185 prope
1591 1153 1700 1183 segnes

249 1177 363 1222 Baias,
383 1179 446 1211 illae
461 1183 565 1212 tomen
578 1191 637 1212 non
653 1191 700 1213 me
713 1183 848 1214 retinent
862 1183 895 1213 in
908 1186 1002 1222 grato
1013 1187 1117 1224 portu,
1139 1194 1193 1215 nec
1207 1185 1330 1216 tubicen
1352 1185 1478 1218 celebris
1502 1186 1599 1218 armis
1614 1186 1698 1219 Hec-

861 1256 879 1267 ο
883 1256 1001 1268 “effe-e
1005 1257 1104 1269 emo

249 1296 349 1336 major
370 1297 442 1329 sitis
456 1301 487 1330 et
503 1298 650 1330 bibendus
670 1299 811 1332 Venett.
836 1302 866 1332 1.
882 1302 914 1332 2.
931 1302 962 1333 3.
978 1303 1011 1333 4.
1035 1301 1152 1334 Parm.
1178 1302 1275 1334 Rom.
1298 1302 1394 1335 Brix.
1418 1302 1554 1336 Vicent.
1570 1302 1651 1337 ΑΜ.
1664 1307 1697 1337 2.

249 1339 357 1372 Colin.
373 1340 504 1383 Gryph.
519 1342 623 1374 Basil.
638 1342 753 1375 Plant.
768 1345 834 1374 ἃς.
880 1343 999 1375 Lectio
1016 1349 1130 1376 nostra
1153 1348 1205 1376 est
1225 1355 1267 1376 ex
1293 1345 1431 1387 ingenio
1446 1346 1698 1379 Marklandi.—

249 1383 289 1414 1⁷
313 1383 529 1417 Parmensis:
555 1385 637 1417 Ecce
652 1395 700 1418 me
714 1389 920 1418 vatum-19
942 1386 1070 1419 Eadem
1086 1387 1209 1420 editio:
1233 1388 1382 1421 laticenve
1396 1392 1506 1422 molus.
1552 1389 1594 1422 In
1609 1390 1697 1423 Gro-

899 1450 1047 1484 NOTAE

293 1515 332 1545 14
350 1514 506 1547 Dalmotoe
518 1514 650 1556 montes]
663 1514 753 1547 Vide
768 1524 871 1557 supra
880 1515 945 1548 La-

249 1566 372 1606 crymis
389 1566 528 1598 Etrusci
544 1577 593 1599 vs.
609 1570 662 1599 90.
712 1567 863 1599 Ubi-Dite
879 1568 946 1599 viso

248 1615 506 1655 Pauidussossor
521 1618 616 1658 redit,
635 1621 781 1659 erutoque
798 1618 948 1650 Concolor

246 1667 338 1708 auro]
351 1667 547 1700 Quaerendo
558 1669 646 1700 enim
661 1677 743 1700 auro
759 1673 859 1701 terrae
877 1673 946 1701 tam

248 1717 318 1749 alte
348 1716 567 1759 effodiuntur,
593 1722 631 1750 ut
657 1728 757 1760 paene
787 1723 947 1760 retegant

245 1766 381 1799 inferos
395 1768 547 1800 avaritiae
565 1769 742 1802 cuniculis.
772 1768 862 1801 Vide
875 1769 946 1800 Pli-

244 1818 341 1849 nium
359 1818 418 1851 lib.
434 1827 556 1851 xxxn.
580 1829 654 1861 cap.
670 1822 702 1851 4.
740 1820 867 1852 Forsan
885 1829 947 1861 per

245 1869 359 1900 Ditem
381 1869 482 1901 visum
507 1870 629 1902 alludit
655 1871 697 1902 ad
722 1875 947 1903 monstrorum

247 1927 365 1959 genus,
380 1930 457 1961 quae
473 1920 507 1951 in
519 1921 608 1952 hunc
623 1920 713 1953 diem
730 1922 943 1954 metallorum

245 1967 444 2010 fossoribus,
471 1970 506 2002 in
537 1970 815 2011 profundioribus
843 1977 945 2004 terrae

247 2019 453 2060 regionibus,
469 2020 646 2052 obversari
661 2021 772 2053 solere
789 2021 944 2054 referunt

246 2078 359 2101 rerum
370 2070 614 2102 metallicarum
631 2071 828 2112 scriptores.
873 2071 946 2104 Hos

247 2119 259 2136 ‘
275 2118 504 2152 daemunculos
527 2121 718 2153 montanos'
733 2125 856 2154 vocant
869 2132 946 2164 pas-

246 2170 331 2202 sim:
356 2170 399 2202 de
415 2171 538 2213 quibus
548 2172 597 2204 ita
617 2172 786 2213 Georgius
802 2173 946 2213 Agrico-

247 2222 281 2253 la
296 2221 355 2253 lib.
373 2222 435 2254 ult.
460 2222 504 2254 de
532 2222 745 2256 Animalibus
764 2225 946 2256 Subterra-

246 2273 340 2304 neis:
365 2273 475 2305 ‘Sunt
490 2273 659 2316 denique,’
672 2274 795 2316 inquit,
823 2275 945 2307 ‘mites

247 2322 385 2365 quidam
402 2323 587 2365 daemones,
598 2334 681 2366 quos
697 2324 944 2358 Germanorum

247 2373 366 2414 alii‚ssut
381 2374 485 2406 etiam
500 2374 630 2416 Graeci,
649 2375 793 2408 Cobalos
810 2380 945 2418 vocant,

246 2424 336 2465 quod
350 2424 519 2456 hominum
536 2429 615 2456 sunt
631 2425 831 2458 imitatores.
857 2426 945 2458 Nam

247 2475 342 2517 quasi
359 2476 481 2508 laetitia
497 2477 686 2518 gestientes
702 2477 825 2518 rident,
838 2478 945 2511 multa

247 2525 409 2557 videntur
438 2525 562 2568 facere,
589 2537 667 2559 cum
696 2526 778 2558 nihil
806 2526 944 2561 faciant.

246 2575 319 2609 Alii
333 2575 508 2608 nominant
535 2577 727 2609 virunculos
757 2582 946 2619 montanos,

244 2625 479 2668 significantes
503 2631 684 2667 staturam,
706 2636 772 2669 qua
801 2628 945 2669 plerum-

244 2685 315 2717 que
329 2681 422 2717 nunt,
437 2686 559 2718 nempe
575 2677 654 2708 nani
671 2682 738 2709 tres
759 2678 943 2710 dodrantes

247 2726 351 2767 longi.
394 2727 564 2759 Videntur
578 2733 691 2759 autem
716 2738 790 2760 esse
814 2730 944 2761 seneci-

248 2784 343 2817 ones‚
375 2781 411 2809 et
434 2777 549 2810 vestiti
571 2787 663 2810 more
686 2779 943 2821 metallicorum‚

998 1516 1032 1548 id
1047 1522 1111 1558 est,
1125 1517 1248 1551 vittate
1261 1518 1403 1559 indusio,
1417 1523 1453 1551 et
1467 1519 1558 1552 corio
1570 1520 1698 1553 circum

999 1568 1132 1600 lumbos
1147 1568 1365 1610 dependente
1377 1569 1500 1602 induti.
1545 1570 1593 1603 Hi
1605 1570 1698 1603 dam-

1000 1626 1079 1650 num
1096 1617 1177 1650 dare
1194 1629 1260 1651 non
1289 1620 1399 1652 solent
1414 1620 1614 1661 metallicis3
1636 1621 1698 1654 sed

1001 1674 1170 1711 vagantur
1185 1670 1220 1702 in
1234 1670 1345 1712 puteis
1370 1675 1407 1703 et
1431 1671 1608 1705 cuniculis.
1650 1672 1698 1704 Et

1000 1730 1076 1753 cum
1105 1721 1186 1752 nihil
1217 1726 1332 1763 agant,
1369 1721 1401 1753 in
1423 1721 1515 1754 omni
1541 1721 1696 1754 laborum

1000 1781 1124 1813 genere
1152 1782 1188 1804 se
1211 1781 1374 1805 exercere
1400 1771 1578 1813 videntur3
1601 1772 1698 1816 quasi

1000 1822 1102 1855 modo
1131 1822 1265 1856 fodiant
1293 1833 1409 1863 venas,
1435 1823 1536 1856 modo
1558 1825 1594 1856 in
1617 1833 1698 1856 vasa

1000 1872 1182 1906 infundant
1202 1874 1235 1905 id
1252 1874 1343 1916 quod
1366 1873 1522 1907 effossum
1545 1879 1610 1915 est,
1627 1883 1696 1906 mo-

1001 1923 1044 1955 do
1079 1929 1215 1956 versent
1258 1924 1448 1956 machinam
1488 1923 1696 1956 tractoriam.

1000 1973 1201 2016 Quanquam
1232 1984 1314 2006 vero
1361 1973 1534 2006 interdum
1569 1974 1696 2016 glareis

998 2023 1168 2056 lacessant
1194 2024 1382 2066 operarios,
1397 2024 1565 2057 rarissime
1581 2029 1695 2058 tamen

1000 2083 1059 2105 eos
1089 2074 1238 2107 laedunt:
1269 2085 1334 2107 nec
1373 2075 1505 2108 laedunt
1534 2085 1694 2118 unquam,

999 2124 1065 2155 nisi
1079 2125 1172 2166 prius
1187 2125 1316 2158 fuerint
1338 2126 1503 2158 cachinno
1519 2131 1579 2158 aut
1593 2127 1695 2159 male·

1000 2174 1094 2208 dicto
1108 2176 1258 2208 lacessiti
1273 2187 1282 2216 ;
1305 2186 1374 2208 non
1384 2176 1561 2208 dissimiles
1574 2177 1694 2210 iisdae-

1000 2226 1168 2266 monibus,
1200 2236 1284 2270 quos
1314 2227 1457 2259 Gutelos
1487 2232 1546 2259 aut
1566 2227 1694 2259 Trullas

998 2275 1160 2308 Germani
1177 2282 1312 2318 vocant,
1325 2287 1408 2320 quos
1431 2287 1515 2310 sexu
1538 2281 1607 2310 tam
1623 2287 1693 2309 mu-

996 2325 1102 2366 lieris,
1117 2336 1218 2368 quam
1234 2327 1298 2358 viri
1315 2327 1493 2368 ementito,
1508 2336 1584 2359 cnm
1602 2326 1693 2368 apud

999 2375 1081 2407 alias
1094 2376 1257 2418 nationes,
1267 2381 1336 2409 tum
1346 2377 1437 2418 apud
1447 2377 1595 2410 Sueones
1602 2387 1692 2409 max·

998 2424 1065 2457 ime
1080 2426 1114 2457 in
1130 2425 1297 2459 famulatu
1313 2426 1418 2459 fuisse
1431 2426 1552 2460 aiunt!
1595 2427 1692 2468 Dice]

998 2477 1063 2508 Dis
1079 2476 1169 2508 idem
1185 2478 1243 2519 qui
1261 2478 1373 2510 Pluto.
1416 2477 1577 2519 Pallidus]
1594 2477 1691 2509 Metu

998 2527 1128 2559 scilicet
1149 2527 1192 2559 ob
1209 2527 1315 2560 visum
1338 2528 1531 2560 Plutonem.
1575 2527 1691 2559 Erato-

997 2586 1055 2617 que
1073 2578 1222 2610 Concolor
1249 2577 1340 2619 auro]
1363 2577 1418 2610 Sic
1445 2576 1544 2609 Silius
1571 2577 1613 2609 de
1627 2576 1692 2609 As·

999 2628 1153 2659 turibus:
1188 2630 1198 2645 ⁸
1214 2627 1319 2660 Aster
1343 2637 1463 2661 avarus
1491 2627 1690 2660 Visceribus

998 2679 1120 2710 lacerae
1139 2679 1269 2710 telluris
1290 2677 1458 2720 mergitur
1475 2677 1562 2719 imis,
1580 2679 1623 2710 Et
1638 2687 1689 2711 re-

998 2729 1048 2761 dit
1064 2728 1182 2761 infelix
1196 2727 1316 2762 effosso
1327 2729 1484 2762 concolor
1499 2728 1605 2761 auro.²

1042 2782 1081 2812 17
1106 2779 1257 2821 Propiore
1271 2779 1372 2822 terra]
1395 2779 1551 2821 Neapoli.
