1800 3060
222 191 306 234 112
719 204 759 234 Ρ.
795 204 984 236 PAPINIJ
1022 206 1184 238 sTA'ru

222 299 394 341 Felices
416 301 625 354 utrosque
647 305 829 343 vocant:
853 302 932 343 sed
953 303 996 344 in
1018 304 1192 356 agmine
1214 302 1357 357 plures

222 367 430 409 Invidere
451 367 558 409 vim.
617 367 648 410 J
651 369 892 411 amdudum
912 375 1042 425 poste
1062 371 1241 413 reclinis

222 434 398 486 Quaerit
418 434 597 490 Hymen
617 435 823 479 thalamis
845 438 1054 480 intactum
1075 439 1221 481 dicere
1241 453 1429 490 carmen,

221 503 326 555 Quo
347 508 491 544 vatem
511 503 704 546 mulcere
726 509 882 559 queat:
915 506 995 547 dat
1014 506 1044 548 J
1048 520 1132 548 uno
1154 508 1347 549 verenda

220 570 434 622 Vincula,
455 574 498 613 et
517 570 677 625 insigni
695 573 891 626 geminat
912 573 1167 616 Concordia
1187 575 1322 618 taeda.
1592 577 1679 619 240

217 704 359 733 muntur.
404 700 575 742 Appellant
589 701 979 743 utrumquefortunatnm:
999 705 1054 736 sed
1065 704 1169 745 plures
1191 713 1233 735 ex
1253 704 1346 735 turha
1360 704 1539 736 inviderunt
1559 715 1677 746 sponso.

218 744 410 775 Jumdudum
426 745 619 786 Hymenaeus
631 745 762 777 innixus
780 746 875 787 posti,
890 747 1003 787 quaerit
1017 757 1125 779 canere
1141 746 1387 788 Epithalamion,
1403 758 1422 778 a
1434 749 1518 778 nullo
1534 749 1680 780 hactenus

217 787 426 830 decantatum,
439 799 497 831 quo
517 788 616 831 possit
630 788 765 820 Po‘e'tam
787 788 951 821 oblectare.
995 790 1080 822 Juno
1103 791 1276 822 veneranda
1300 791 1356 822 dat
1380 791 1513 828 vincula,
1539 794 1571 823 et
1596 791 1677 823 Con-

831 903 1072 917 ‘fimum‘

218 977 349 1009 laborat.
394 977 441 1010 N.
457 976 581 1009 Heius.
598 976 688 1018 conj.
703 975 965 1008 laborum—236
989 976 1109 1008 Felices
1123 987 1271 1019 verosque
1287 977 1388 1010 Urat.
1401 982 1565 1020 uter-osque
1581 980 1677 1012 Rom.

217 1022 272 1052 sed
286 1019 425 1061 imagine
439 1021 563 1052 Venet.
573 1022 712 1051 1.-237
728 1019 840 1051 codd.
855 1019 953 1052 Urat.
968 1020 1065 1051 Leid.
1080 1021 1260 1053 Drakenb.
1275 1026 1311 1053 et
1328 1022 1406 1053 Par.
1421 1031 1498 1054 curn
1507 1023 1633 1054 Venet-
1645 1025 1677 1054 1.

218 1064 317 1096 Rom.
332 1066 364 1095 l.
377 1066 409 1095 2.
422 1063 564 1095 Veneti.
579 1065 612 1095 2.
625 1065 656 1095 3.
669 1065 702 1094 4.
717 1061 797 1094 Ald.
814 1066 852 1094 et
869 1062 974 1095 Bern.
990 1063 1136 1095 reclivis:
1151 1064 1298 1096 mutavit
1315 1064 1545 1106 Lindenbrog.
1589 1066 1678 1098 Vide

218 1105 260 1138 ad
286 1116 317 1139 v.
336 1109 410 1138 161.
455 1106 634 1138 Praeterea
661 1105 758 1137 Urat.
775 1114 863 1146 posse
890 1115 953 1146 pro
974 1109 1183 1145 posta—238
1205 1107 1439 1148 Lindenbrog.
1468 1108 1634 1140 intectum*
1646 1110 1678 1140 d.

217 1158 342 1180 carmen
353 1160 366 1187 ‚·
388 1149 514 1181 Venet.
531 1151 562 1181 1.
577 1149 726 1181 vitiatum
739 1149 772 1180 d.
787 1151 1030 1180 carmem—239
1051 1149 1177 1181 Venet.
1196 1151 1227 1181 1.
1240 1151 1282 1182 da
1299 1151 1506 1182 &moe—240
1530 1152 1679 1191 Cingula,

217 1195 249 1222 et
261 1191 380 1231 insigni
397 1191 442 1223 N.
458 1191 581 1224 Heius.
595 1191 630 1222 in
645 1190 790 1222 Advers.
804 1201 839 1231 p.
858 1194 935 1223 605.
953 1191 996 1223 de
1014 1201 1081 1231 qua
1097 1201 1133 1223 re
1155 1192 1226 1233 agit
1243 1192 1278 1224 in
1294 1193 1385 1225 notis
1395 1194 1436 1225 ad
1453 1193 1512 1225 Sil.
1525 1203 1590 1226 vu.
1601 1196 1679 1227 447.

212 1234 285 1266 Sed
302 1234 348 1267 cf.
360 1235 456 1274 Virg.
473 1234 548 1267 AEn.
562 1243 613 1267 ιν.
635 1237 689 1266 59.
703 1238 739 1265 et
751 1234 879 1266 Tibull.
896 1241 938 1266 11.
954 1236 987 1266 2.
1009 1237 1062 1266 18.
1113 1234 1245 1267 Vincula
1267 1238 1299 1267 et
1321 1235 1440 1276 insigni
1453 1236 1591 1276 geminat
1606 1247 1678 1268 con-

216 1277 322 1309 cordia
336 1278 420 1308 toeda
436 1277 537 1310 codd.
555 1282 592 1309 et
615 1276 694 1308 edd.
709 1281 795 1309 vett.
833 1277 961 1309 Markl.
986 1281 1022 1308 et
1049 1277 1106 1309 alii
1122 1287 1164 1309 ex
1186 1279 1312 1310 Venet.
1327 1281 1359 1310 1.
1383 1278 1533 1311 afferunt
1559 1279 1679 1319 geniat,

212 1329 283 1352 nec
299 1320 418 1351 videre
434 1324 596 1362 poterant
611 1319 692 1362 quid
720 1319 784 1351 sibi
806 1319 904 1351 velit.
951 1319 986 1351 Si
1003 1320 1209 1361 compendia
1230 1326 1386 1354 veterum
1402 1321 1678 1354 membranarum

217 1363 467 1404 intelligerent,
492 1363 621 1395 scirent
639 1367 736 1395 certe
760 1362 824 1394 hoc
849 1362 930 1394 nihil
947 1363 1038 1395 aliud
1053 1372 1128 1395 esse
1143 1374 1242 1405 quam
1254 1364 1408 1405 (gieinat)
1429 1366 1584 1404 geminat.
1631 1365 1677 1397 N.

217 1406 340 1439 Heius.
358 1406 446 1438 Scal.
461 1411 498 1439 et
515 1405 742 1446 Lindenbrog.
763 1405 856 1445 conj.
874 1405 994 1445 insigni
1006 1416 1042 1446 g.
1059 1406 1096 1438 C.
1117 1407 1222 1445 nodo‚·
1245 1407 1417 1439 Boxhorn.
1430 1408 1570 1447 insignes
1586 1417 1622 1446 g.
1641 1409 1678 1440 C.

215 1450 334 1489 toedas3
360 1449 522 1481 Pan-has.
533 1450 623 1491 Guy.
638 1454 674 1480 et
689 1448 811 1480 Barth.
825 1448 964 1489 insignis
976 1449 1102 1488 gemina
1114 1451 1153 1482 C.
1168 1452 1251 1482 toeda
1264 1460 1277 1487 ‚·
1302 1451 1402 1482 Lenz.
1414 1450 1569 1490 insignem
1583 1460 1618 1489 g.
1637 1451 1676 1482 C.

215 1493 330 1524 vittam
345 1502 357 1529 ‚·
380 1497 449 1532 aut,
465 1494 580 1524 dextra
602 1501 664 1533 pro
680 1493 785 1528 toeda5
810 1496 869 1522 aut
883 1502 891 1522 :
915 1493 1074 1531 insignem
1085 1492 1219 1532 gemmis
1236 1493 1275 1524 C.
1291 1494 1402 1524 vittam
1412 1502 1424 1530 ;
1447 1494 1521 1525 vel:
1542 1494 1629 1525 Juno
1646 1497 1677 1524 et

214 1535 351 1574 incingit
362 1535 503 1575 geminos
516 1536 664 1567 concorde
679 1538 799 1566 catena.
823 1532 877 1565 Cf.
893 1535 1032 1575 Koenig.
1049 1535 1091 1566 ad
1108 1535 1230 1567 Claud.
1242 1544 1279 1567 x.
1307 1538 1384 1567 203.
1428 1536 1674 1568 Marklandus:

215 1578 378 1617 etinsigni
398 1581 539 1618 gemmat
557 1579 594 1608 C.
615 1578 706 1616 nodo,
719 1575 808 1618 quod
833 1586 899 1608 non
923 1577 1105 1617 immerito,
1127 1578 1238 1619 iuquit
1254 1578 1424 1614 Hanfflus,
1440 1579 1580 1610 habebit
1597 1579 1678 1610 riso·

217 1629 283 1652 res.
328 1621 499 1663 Hopfius:
523 1620 659 1662 insignit
670 1620 798 1661 gemina
827 1620 866 1653 C.
893 1621 978 1652 toeda
993 1630 1007 1659 ,¹
1032 1625 1068 1654 et
1091 1620 1178 1653 alius
1193 1620 1355 1663 quidam:
1378 1622 1513 1662 insignit
1537 1622 1678 1662 geminas

873 1727 1019 1761 NOTAE

255 1806 321 1836 236
343 1802 465 1836 Felices
476 1807 622 1845 utrosque
635 1802 759 1844 vocant]
780 1803 918 1835 Faustae
971 1803 1177 1845 nuptiarum.
1221 1803 1310 1836 Vide
1321 1803 1430 1836 Theb.
1446 1813 1503 1836 111.
1519 1806 1594 1837 691.

211 1853 377 1896 ejinsmodi
389 1855 651 1886 acclamationes
664 1855 698 1885 in
711 1853 841 1896 nuptiis
855 1853 919 1885 usi·
1013 1857 1078 1886 239
1106 1854 1232 1895 Vatem]
1256 1855 1412 1887 Stellam.
1445 1855 1514 1887 Dat
1527 1856 1612 1887 Juno
1625 1866 1677 1887 ve-

213 1910 309 1938 tatae.
363 1905 564 1937 Theocritus
594 1905 711 1946 Epith.
741 1904 916 1936 Helenes:
971 1905 1066 1935 rencia
1076 1904 1220 1945 Vincula]
1231 1905 1324 1938 Juno
1336 1904 1442 1936 etiam
1454 1905 1676 1946 nuptiisprae-

212 1956 286 1988 haec
315 1960 395 1988 sunt
418 1956 608 1988 laetantium
636 1955 760 1992 omina,
777 1954 821 1986 de
843 1953 917 1996 qui·
973 1954 1122 1987 sidebat.
1168 1956 1214 1987 Et
1236 1960 1312 1986 erat
1334 1955 1452 1986 Romae
1475 1955 1510 1986 in
1527 1955 1675 1996 jugario

212 2006 275 2038 bus
284 2006 416 2038 Seneca
428 2006 591 2048 Tragicos
602 2006 637 2038 in
652 2005 812 2046 Octavia,
823 2004 916 2037 Actu

211 2067 261 2090 1v.

252 2111 316 2140 237
354 2108 450 2139 Poste.
474 2106 618 2148 reclinis]
651 2105 830 2138 Cantaturi
855 2115 913 2138 ex-

215 2159 340 2199 pressit
360 2158 529 2191 habitum.
574 2158 620 2189 Et
642 2157 722 2189 hinc
734 2156 917 2188 observan-

209 2210 274 2241 dus
289 2220 375 2246 mos,
389 2219 456 2251 quo
469 2207 733 2250 Epithalamium
745 2211 825 2239 ante
841 2207 914 2239 tha-

209 2260 291 2291 lami
313 2258 404 2291 fores
427 2263 638 2290 cantaretur.
682 2257 815 2288 Statius
837 2257 913 2298 ipse

210 2310 372 2342 Genethl.
390 2308 538 2341 Lucani:
568 2308 577 2326 ‘
589 2308 635 2339 Et
651 2313 782 2339 vestros
797 2307 912 2348 hyme-

208 2370 308 2392 naeon
325 2365 405 2392 ante
420 2363 535 2400 postes
549 2358 661 2391 Festis
672 2358 827 2390 cantibus
841 2358 916 2399 ipsa

208 2409 421 2452 personabo!
477 2408 688 2441 Scholiastes
716 2408 915 2441 Theocriti:

207 2461 249 2492 Τὸ
261 2459 294 2492 δὲ
307 2458 506 2499 ἐπιθαλάμιον
519 2460 645 2502 ᾅδουσιν
654 2459 686 2491 αἱ
698 2458 839 2501 πάρθενοι
851 2458 911 2501 πρὸ

207 2512 264 2544 τοῦ
274 2510 424 2551 θαλάμου,
435 2510 489 2542 ἵνα
501 2512 557 2549 τῆς
570 2510 718 2552 παρθένου
728 2509 912 2550 βιαζομένης

208 2562 266 2594 ὑπὸ
293 2563 350 2594 τοῦ
378 2561 484 2603 ἀνδρὸς
509 2562 529 2600 ἡ
552 2562 637 2602 φώνη
656 2562 700 2602 μὴ
722 2562 914 2602 ἐξακούηται-

212 2614 361 2654 Virgines
382 2622 454 2644 vero
473 2616 588 2644 canunt
607 2613 827 2654 epithalamion
841 2615 914 2645 ante

206 2663 337 2696 thalami
344 2663 445 2703 sores,
458 2672 496 2694 ne
509 2662 643 2703 virginis
654 2673 715 2695 vox
729 2665 803 2695 dnm
813 2674 833 2696 a
843 2664 912 2695 viro

206 2714 438 2753 devirginatur,
453 2713 614 2745 audiatur.

248 2766 313 2796 238
339 2763 480 2805 Hymen]
495 2764 563 2797 Seu
579 2764 802 2806 Hymenaeus,
817 2765 912 2798 Deus

973 2005 1048 2036 vico
1074 2015 1135 2036 ara
1161 2004 1306 2038 Junonis
1336 2004 1451 2045 Jugae,
1481 2005 1537 2035 ubi
1565 2006 1674 2036 veteri

970 2055 1040 2087 ritu
1050 2055 1219 2087 nubentes
1231 2054 1376 2087 vinculis
1387 2055 1588 2096 quibusdam
1596 2055 1676 2096 jun-

971 2105 1142 2146 gebantur
1172 2105 1208 2136 in
1246 2114 1346 2137 omen
1375 2104 1501 2137 futurae
1534 2115 1674 2139 concor-

970 2155 1048 2187 diae.
1079 2154 1244 2195 Virgilius
1258 2165 1268 2186 :
1291 2155 1301 2172 ‘
1313 2155 1442 2188 Jnuoui
1454 2159 1534 2187 ante
1545 2164 1676 2196 omnes,

970 2204 1026 2237 cui
1042 2204 1153 2237 vincla
1170 2205 1304 2247 jugalia
1320 2205 1432 2237 curae.’
1599 2245 1603 2247 -

1011 2259 1076 2289 240
1114 2257 1159 2288 Et
1188 2257 1310 2297 insigni
1330 2256 1472 2297 geminat
1499 2256 1675 2289 Concordia

964 2306 1065 2347 taeda]
1091 2307 1252 2348 Geminat,
1273 2307 1363 2339 idem
1377 2311 1432 2338 est
1447 2307 1537 2348 qnod
1568 2316 1674 2348 copu-

966 2359 1032 2399 lat,
1045 2367 1104 2390 seu
1120 2357 1309 2399 conjungit.
1352 2356 1442 2389 Vide
1474 2367 1505 2388 v.
1530 2360 1560 2388 1.
1584 2356 1674 2399 Equi

968 2409 1077 2441 Maxi.
1121 2408 1344 2441 Concordiam
1366 2407 1539 2440 finxerunt
1564 2408 1675 2439 Deam

964 2464 1113 2499 veteres,
1131 2463 1170 2490 ut
1185 2462 1221 2490 et
1242 2458 1374 2490 Fidem.
1420 2458 1467 2490 Et
1489 2458 1675 2500 aliquoties

965 2509 1280 2552 repraesentabatur
1294 2508 1484 2541 Concordia
1500 2518 1578 2540 cum
1591 2507 1674 2540 dua-

966 2560 1028 2594 bus
1061 2560 1218 2592 manibus
1255 2559 1410 2601 junctim
1452 2559 1542 2602 quod
1579 2558 1671 2590 vide-

967 2614 1024 2643 tur
1065 2611 1101 2643 in
1127 2610 1298 2653 aliquibus
1334 2609 1480 2642 nummis
1507 2608 1672 2641 Neronis.

968 2663 1050 2694 Eam
1067 2671 1147 2693 vero
1166 2660 1374 2693 invocabant
1387 2660 1423 2692 in
1440 2658 1674 2692 celebratione

966 2713 1159 2754 nuptiarum
1172 2722 1181 2743 :
1207 2711 1316 2744 omnis
1327 2711 1419 2742 enim
1434 2709 1581 2742 felicitas
1593 2719 1674 2742 con-

959 2763 1048 2807 jtigii
1077 2762 1237 2806 provenit
1265 2771 1307 2794 ex
1334 2765 1453 2794 mutua
1477 2760 1670 2801 concordia,
