1800 3060
573 213 848 245 SYLVARUM
887 210 1059 242 1.113.11.
1092 200 1132 240 l.
1498 197 1582 238 201

130 312 371 357 OEbaliden
391 310 469 352 illo
489 321 692 364 praeceps
713 309 901 348 mutaret
921 305 1108 359 Apollo,

128 380 314 423 Alcides
334 381 535 432 pensaret
556 375 709 429 Hylan
727 388 737 416 :
767 387 846 415 seu
868 373 1033 415 Graius
1056 371 1223 413 amictu

129 449 278 490 Attica
292 445 471 488 facundi
493 444 742 485 decurreret
761 455 863 483 orsa
885 439 1136 488 Menandri,

130 513 351 556 Laudaret
368 512 521 565 gavisa
541 523 712 560 sonum,
734 510 985 562 crinemque
1008 508 1219 549 decorum
1498 503 1585 544 115

130 581 368 624 Pressisset
386 592 514 621 rosea
533 577 705 619 lasciva
722 575 883 618 Thalia
904 586 1098 616 corona:

131 701 204 740 trit,
217 701 354 732 crederes
364 699 506 740 genitum
519 701 617 730 matre
633 697 802 738 Amyclam.
850 696 939 726 Celer
953 694 1064 735 Apollo

132 743 322 775 OEbalidem:
345 742 471 774 Alcides
486 741 607 782 Hylam
625 742 778 781 pensaret.
822 738 896 770 Sive
915 737 1043 768 indutus
1059 737 1171 767 Groeco
1183 736 1278 776 pullio
1287 735 1461 776 perlegeret
1477 733 1586 766 Attica

130 795 220 827 φατι
237 785 402 827 eloquentis
416 783 597 824 Menandri,
618 784 691 814 laeta
709 781 818 813 Thalia
843 780 1023 822 approbaret
1037 778 1221 810 suavitatem
1236 777 1330 819 vocis,
1344 780 1375 808 et
1386 787 1505 819 procax
1519 776 1586 807 cin-

1083 695 1276 734 permularet
1297 693 1350 723 illo
1367 691 1585 733 Hyacinthum

736 874 975 887 OO‘OONOOON

130 933 263 971 landus,
277 937 314 965 et
327 932 501 964 stntmriae
518 936 554 964 et
569 931 738 973 grsplnicae
754 936 851 963 certe
876 930 1139 971 ignarum—116
1164 928 1324 968 Fregissee
1347 927 1490 958 Venett.
1510 928 1539 956 1.
1556 927 1588 956 2.

131 979 164 1008 8.
176 978 209 1007 4.
231 975 347 1008 Parm.
362 975 459 1006 Rom.
473 975 568 1006 Brix.
584 975 725 1005 Vicent.
742 973 846 1005 Aldd.
863 973 973 1005 Colin.
989 972 1122 1012 Gryplu.
1139 971 1243 1002 Basil.
1261 971 1377 1001 Plant.
1394 971 1459 1000 διε.
1498 968 1588 1000 Gro-

131 1018 249 1050 novius
258 1017 361 1050 Obss.
371 1026 422 1049 tv.
433 1020 488 1049 21.
504 1017 550 1048 ita
565 1018 715 1057 explieat
727 1028 735 1047 ι
745 1017 755 1034 ‘
771 1015 894 1056 Frangi
912 1015 984 1046 vult
998 1015 1124 1046 crinem
1141 1018 1367 1052 exstructum,
1380 1021 1456 1043 cum
1469 1020 1589 1051 super-

133 1060 295 1101 imposita
307 1069 435 1091 corona
450 1059 653 1100 deprimitur
667 1064 705 1091 et
718 1059 768 1090 sic
783 1058 879 1100 quasi
895 1057 1098 1089 destruitur.
1139 1056 1323 1096 Virgilius:
1348 1057 1358 1072 ⁸
1375 1059 1475 1086 tonsa
1490 1062 1589 1084 coma

133 1112 250 1144 pressa
273 1101 430 1141 corona?
453 1107 491 1133 ut
512 1103 521 1118 ⁸
537 1101 698 1142 frangere
720 1101 836 1132 toros'
867 1109 929 1141 pro
953 1097 1170 1140 deprimere.’
1210 1100 1219 1115 ⁴
1238 1099 1290 1129 Ex
1317 1097 1440 1137 Virgil.
1471 1105 1587 1127 veram

134 1150 215 1178 ante
235 1145 350 1178 oculos
370 1144 488 1176 habuit
514 1144 707 1184 lectionem,
731 1153 831 1185 quam
856 1143 943 1174 hanc
967 1151 1041 1174 esse
1067 1146 1225 1173 autumo:
1247 1141 1423 1181 crinemque
1447 1139 1590 1170 decorum

782 1229 814 1260 N
821 1227 924 1261 OTAE

135 1297 363 1338 palastrsqne
374 1294 416 1326 ab
426 1293 508 1336 ipsis
522 1293 676 1334 inprimis
690 1293 830 1325 exculta

131 1345 210 1378 fnit.
234 1343 334 1378 Unde
350 1344 549 1386 Propertius
563 1355 572 1375 :
594 1346 604 1361 ‘
621 1344 732 1376 Multa
748 1349 829 1382 tuae,

131 1397 270 1437 Sparte,
287 1397 448 1427 miramur
455 1395 538 1436 jura
548 1394 743 1437 palaestrae!
770 1395 830 1425 Cn·

132 1445 248 1478 min
265 1445 435 1486 poledris]
457 1445 500 1477 ld
514 1451 578 1485 est,
591 1444 767 1486 implicitis
782 1444 831 1475 διὰ

131 1495 191 1528 τὰς
202 1494 331 1535 πλάκας,
352 1499 389 1527 et
403 1505 523 1527 nexus.
566 1495 653 1527 Tota
669 1494 757 1526 enim
775 1504 830 1526 ars

133 1546 236 1578 lnctae
253 1545 287 1577 in
301 1555 343 1577 eo
357 1549 444 1585 erat,
458 1550 496 1576 ut
511 1544 703 1576 firmissime
715 1549 831 1576 necte·

134 1600 231 1627 retur
253 1595 468 1627 sdversarius
493 1600 530 1626 et
558 1594 770 1635 dejiceretur
795 1593 831 1624 in

136 1649 276 1677 terram.
318 1645 473 1676 Carnam
501 1643 651 1684 membru]
686 1644 831 1676 Gestnm

134 1693 334 1727 luctantium
359 1693 541 1734 exprimit:
565 1694 643 1725 dum
668 1694 759 1725 enim
777 1703 832 1725 vo-

134 1744 211 1775 lunt
235 1742 383 1784 dejicere
402 1742 646 1781 adversarium,
660 1743 735 1774 nisu
757 1751 832 1774 cur·

135 1797 270 1825 vantur.
290 1791 413 1832 Staret]
435 1791 535 1823 Stare
548 1790 745 1823 firmitatem
762 1792 832 1823 luc·

136 1842 242 1874 tantis
255 1841 410 1881 denotat,
423 1842 481 1882 qui
497 1850 563 1872 non
584 1846 700 1882 potest
714 1842 832 1882 dejici.

135 1892 307 1934 Amyclam]
327 1891 370 1923 ld
384 1896 451 1930 est,
465 1891 637 1922 Laconica
651 1901 713 1923 seu
730 1891 833 1933 Spar·

136 1947 230 1982 tana,
242 1942 287 1974 ab
301 1941 453 1982 Amyclis
467 1940 550 1972 urbe
566 1941 734 1973 Laconiae.

180 1994 243 2026 112
264 1991 446 2032 OEbaliden]
485 1991 715 2033 Hyacinthum
754 2002 835 2033 pue-

137 2052 212 2074 rum
233 2042 439 2082 Spartanum
465 2041 509 2072 ab
535 2041 675 2073 OEbalia
698 2043 836 2083 regione

138 2092 295 2126 Laconia
310 2093 476 2125 OEbaliden
491 2093 636 2132 dietum,
646 2102 744 2135 quem
756 2094 835 2125 ada-

138 2143 244 2175 mavit
258 2142 396 2184 Apollo.
418 2143 633 2184 Hyacinthus
644 2144 702 2176 ille
716 2145 836 2176 eodem

137 2198 295 2236 tempore
323 2194 502 2225 amabatur
529 2194 572 2226 ab
601 2194 774 2236 Apolline,
798 2201 836 2227 et

139 2243 318 2285 Zephyro:
339 2242 401 2275 sed
423 2252 499 2274 cum
520 2245 719 2285 propensior
743 2251 836 2277 esset

139 2294 175 2326 in
199 2293 406 2335 Apollinem,
434 2294 542 2325 iratus
566 2294 744 2335 Zephyrus
769 2295 836 2327 dis-

139 2355 218 2378 cum
241 2345 285 2377 ab
310 2345 466 2385 Apolline
486 2345 643 2376 emissum
668 2346 703 2377 in
729 2352 836 2388 caput

139 2394 324 2438 Hyacinthi
341 2396 502 2436 propulit,
519 2405 728 2437 puerumque
745 2397 836 2428 ocei-

139 2446 215 2479 dit-2
252 2451 374 2488 postes
396 2446 431 2477 in
458 2444 577 2477 florem
613 2446 665 2478 sni
693 2447 835 2478 nominis

139 2501 361 2530 mutatu-est.
404 2496 460 2528 lta
471 2496 699 2538 Palaephatus.
722 2497 834 2530 Paulo

141 2549 240 2581 aliter
253 2547 398 2580 Ovidius
412 2546 502 2578 Met.
517 2555 554 2578 x.

182 2600 245 2630 11³
264 2596 406 2637 Alcides]
428 2596 597 2628 Hercules
614 2596 834 2638 Amphitryo-

143 2645 195 2679 nis
212 2646 312 2687 filius,
330 2656 438 2688 nepos
451 2645 575 2688 Alcaei,
588 2657 610 2678 a
625 2657 692 2689 quo
710 2648 836 2680 Alcides

142 2695 255 2728 dietus
288 2694 367 2728 fuit.
418 2695 543 2738 Hylen]
578 2697 690 2737 Hylas
723 2706 836 2729 comes

143 2745 313 2788 Herculis,
336 2746 478 2778 multum
502 2746 546 2779 ab
574 2755 616 2780 eo
644 2747 836 2782 adamatus.

884 1291 973 1323 Vide
998 1291 1115 1332 Epith.
1133 1290 1249 1322 Stellae
1265 1298 1315 1320 vs.
1334 1290 1409 1320 199.
1431 1292 1469 1319 et
1483 1286 1590 1319 Theb.

884 1351 919 1374 ν.
933 1345 1008 1374 443.
1054 1341 1175 1372 Graius
1192 1338 1325 1378 amieis]
1348 1337 1391 1370 Id
1407 1342 1473 1378 est,
1491 1337 1590 1369 indn-

884 1398 940 1424 tus
958 1393 1063 1433 pallio
1079 1391 1219 1424 Graeco.

929 1446 990 1475 114
1013 1441 1199 1482 Menandri]
1222 1439 1416 1473 Menander
1443 1439 1590 1471 Atheni-

885 1493 987 1533 ensis,
1001 1493 1184 1533 Dioppidis
1195 1491 1296 1530 filius,
1312 1490 1415 1532 poe‘ta
1426 1490 1593 1529 comicus,

886 1554 982 1575 novae
1010 1543 1198 1582 comoediae,
1226 1543 1339 1573 luscus
1363 1540 1444 1581 fuit,
1467 1541 1593 1572 acutis-

886 1594 970 1624 simo
986 1593 1135 1633 ingenio,
1150 1601 1340 1632 propensus
1362 1591 1396 1622 in
1421 1591 1594 1631 mulieres,

885 1653 993 1685 nsque
1009 1642 1053 1674 ad
1066 1643 1230 1674 insaniam
1245 1653 1254 1674 :
1278 1641 1470 1682 composuit
1483 1641 1592 1672 Fabu-

885 1694 935 1725 las
950 1696 1004 1725 80.
1021 1698 1057 1724 et
1074 1693 1265 1734 Epistolam
1289 1702 1389 1723 unam
1413 1692 1455 1723 sd
1476 1691 1592 1723 Ptole-

886 1753 1008 1776 moeum
1024 1753 1152 1785 regem,
1168 1747 1204 1775 et
1216 1744 1283 1775 alia
1296 1743 1464 1785 quaednm.
1508 1743 1594 1774 Per-

886 1794 977 1826 sonis
1007 1793 1183 1825 comoediae
1214 1793 1449 1834 exprimendis
1478 1793 1594 1824 excel-

885 1845 962 1876 luit.
1006 1843 1172 1875 Attamen
1197 1843 1375 1874 Philemon
1399 1843 1448 1874 illi
1471 1843 1594 1884 praela·

887 1899 942 1926 tus
958 1898 1013 1926 est
1035 1895 1151 1935 pravis
1174 1893 1227 1925 sui
1254 1893 1418 1934 temporis
1436 1892 1594 1933 judiciis,

889 1954 965 1977 cum
982 1948 1175 1986 praestaret.
1219 1943 1320 1976 Quod
1336 1942 1515 1984 sequentia
1530 1952 1594 1973 sae-

889 1996 966 2027 cula
996 1998 1222 2035 agnoverunt.
1267 1993 1367 2025 Unde
1398 1993 1570 2025 Martialis
1584 2005 1594 2025 ι

890 2047 900 2063 ‘
918 2045 1013 2077 Rara
1048 2049 1214 2076 coronato
1249 2045 1408 2085 plausere
1445 2044 1595 2075 Theatra

889 2093 1107 2127 Menandro!
1165 2093 1321 2133 Facundi]
1364 2094 1451 2125 Haee
1503 2094 1593 2125 enim

890 2145 1119 2178 Quintilianus
1134 2144 1179 2176 de
1196 2154 1237 2176 eo
1254 2144 1395 2175 scribit:
1420 2148 1430 2162 ‘
1449 2144 1593 2175 Menan-

889 2195 976 2234 der‚'
989 2195 1113 2236 inquit,
1129 2196 1139 2214 ‘
1152 2204 1228 2225 meo
1249 2194 1382 2235 judicio
1407 2193 1594 2234 diligenter

889 2246 1011 2285 lectus,
1036 2247 1079 2275 ad
1111 2248 1235 2275 cuncta
1259 2253 1334 2284 quae
1364 2243 1596 2284 praecipimus,

889 2294 1071 2328 efficienda
1085 2293 1244 2325 sufficiat.
1288 2293 1345 2324 Ita
1362 2302 1496 2325 omnem
1512 2294 1592 2325 vitae

888 2345 1071 2385 imaginem
1095 2342 1288 2383 expressit:
1311 2347 1407 2374 tauta
1428 2342 1464 2374 in
1486 2352 1528 2375 eo
1542 2343 1592 2375 in-

890 2394 1048 2426 veniendi
1065 2393 1177 2433 copia,
1190 2397 1226 2424 et
1237 2393 1419 2434 eloquendi
1433 2392 1594 2426 facultas.

890 2445 947 2476 Ita
970 2449 1022 2475 est
1046 2443 1200 2474 omnibus
1226 2442 1340 2483 rebus,
1359 2444 1526 2484 personis,
1541 2444 1592 2476 af-

889 2493 1038 2526 fectibus
1053 2492 1357 2524 accommodatus?
1399 2494 1490 2526 Vide
1507 2495 1592 2526 Dio-

886 2554 964 2576 nem
980 2544 1259 2583 chrysostomum
1274 2543 1308 2574 in
1321 2543 1502 2585 Oratione,
1515 2554 1591 2587 quae

887 2594 1056 2635 iuscripta
1070 2598 1125 2625 est
1138 2593 1206 2635 περὶ
1218 2593 1319 2634 Λάγου
1333 2594 1520 2632 Ἀσκήσεως.

931 2648 994 2678 116
1016 2645 1185 2677 Pressisset
1200 2645 1393 2687 [fregisset]
1415 2647 1511 2678 Bene
1520 2646 1593 2686 fre-

885 2697 999 2737 gisset.
1042 2695 1168 2736 Frangi
1188 2696 1278 2727 enim
1304 2697 1447 2737 pulchre
1466 2697 1593 2731 dicitur

890 2746 993 2780 crinis
1004 2750 1214 2788 exstructus,
1227 2756 1303 2780 cum
1324 2746 1541 2790 deprimitur,
1555 2757 1592 2785 et
