<?xml version="1.0" encoding="UTF-8"?>
<!DOCTYPE html PUBLIC "-//W3C//DTD XHTML 1.0 Transitional//EN"
    "http://www.w3.org/TR/xhtml1/DTD/xhtml1-transitional.dtd">
<html xmlns="http://www.w3.org/1999/xhtml" xml:lang="en" lang="en">
 <head>
  <title>
</title>
<meta http-equiv="Content-Type" content="text/html;charset=utf-8" />
  <meta name='ocr-system' content='tesseract 3.04.00' />
  <meta name='ocr-capabilities' content='ocr_page ocr_carea ocr_par ocr_line ocrx_word'/>
</head>
<body>
  <div class='ocr_page' id='page_1' title='image "./operaomniaexedit01statuoft_0356.png"; bbox 0 0 1800 3060; ppageno 0'>
   <div class='ocr_carea' id='block_1_1' title="bbox 199 197 1162 240">
    <p class='ocr_par' dir='ltr' id='par_1_1' title="bbox 199 197 1162 240">
     <span class='ocr_line' id='line_1_1' title="bbox 199 197 1162 240; baseline -0.002 0"><span class='ocrx_word' id='word_1_1' title='bbox 199 197 286 240; x_wconf 83' lang='grc'><strong>346</strong></span> <span class='ocrx_word' id='word_1_2' title='bbox 698 209 739 239; x_wconf 77' lang='grc' dir='ltr'><strong>Ρ.</strong></span> <span class='ocrx_word' id='word_1_3' title='bbox 772 207 963 238; x_wconf 77' lang='lat' dir='ltr'>PAP1N11</span> <span class='ocrx_word' id='word_1_4' title='bbox 998 207 1162 239; x_wconf 78' lang='lat' dir='ltr'>STA&#39;rn</span> 
     </span>
    </p>
   </div>
   <div class='ocr_carea' id='block_1_2' title="bbox 200 304 1486 617">
    <p class='ocr_par' dir='ltr' id='par_1_2' title="bbox 200 304 1300 354">
     <span class='ocr_line' id='line_1_2' title="bbox 200 304 1300 354; baseline -0.001 -9"><span class='ocrx_word' id='word_1_5' title='bbox 200 304 358 354; x_wconf 85' lang='lat' dir='ltr'><strong>Pacta,</strong></span> <span class='ocrx_word' id='word_1_6' title='bbox 379 316 460 345; x_wconf 90' lang='lat' dir='ltr'><strong>nec</strong></span> <span class='ocrx_word' id='word_1_7' title='bbox 479 304 655 346; x_wconf 89' lang='lat' dir='ltr'><strong>erubuit</strong></span> <span class='ocrx_word' id='word_1_8' title='bbox 673 304 930 346; x_wconf 83' lang='lat' dir='ltr'><strong>famulantis</strong></span> <span class='ocrx_word' id='word_1_9' title='bbox 949 304 1099 346; x_wconf 85' lang='lat' dir='ltr'><strong>fistula</strong></span> <span class='ocrx_word' id='word_1_10' title='bbox 1121 305 1300 347; x_wconf 85' lang='lat' dir='ltr'><strong>Phoebi.</strong></span> 
     </span>
    </p>

    <p class='ocr_par' dir='ltr' id='par_1_3' title="bbox 201 371 1404 494">
     <span class='ocr_line' id='line_1_3' title="bbox 201 371 1404 426; baseline 0.002 -13"><span class='ocrx_word' id='word_1_11' title='bbox 201 371 294 413; x_wconf 91' lang='lat' dir='ltr'><strong>Sed</strong></span> <span class='ocrx_word' id='word_1_12' title='bbox 313 384 458 426; x_wconf 87' lang='lat' dir='ltr'>neque</span> <span class='ocrx_word' id='word_1_13' title='bbox 477 371 724 413; x_wconf 84' lang='lat' dir='ltr'>barbaricis</span> <span class='ocrx_word' id='word_1_14' title='bbox 744 371 879 413; x_wconf 86' lang='lat' dir='ltr'><strong>Latio</strong></span> <span class='ocrx_word' id='word_1_15' title='bbox 898 372 1187 418; x_wconf 86' lang='lat' dir='ltr'><strong>transmissus</strong></span> <span class='ocrx_word' id='word_1_16' title='bbox 1209 374 1266 414; x_wconf 84' lang='lat' dir='ltr'><strong>ab</strong></span> <span class='ocrx_word' id='word_1_17' title='bbox 1289 373 1404 415; x_wconf 85' lang='lat' dir='ltr'><strong>oris:</strong></span> 
     </span>
     <span class='ocr_line' id='line_1_4' title="bbox 201 439 1311 494; baseline 0.002 -14"><span class='ocrx_word' id='word_1_18' title='bbox 201 439 390 494; x_wconf 83' lang='lat' dir='ltr'>Smyrna</span> <span class='ocrx_word' id='word_1_19' title='bbox 409 440 488 480; x_wconf 89' lang='lat' dir='ltr'><strong>tibi</strong></span> <span class='ocrx_word' id='word_1_20' title='bbox 509 439 668 492; x_wconf 85' lang='lat' dir='ltr'>gentile</span> <span class='ocrx_word' id='word_1_21' title='bbox 691 439 851 490; x_wconf 89' lang='lat' dir='ltr'><strong>solum,</strong></span> <span class='ocrx_word' id='word_1_22' title='bbox 871 444 1098 493; x_wconf 86' lang='lat' dir='ltr'><strong>potusque</strong></span> <span class='ocrx_word' id='word_1_23' title='bbox 1119 440 1311 482; x_wconf 87' lang='lat' dir='ltr'>verendo</span> 
     </span>
    </p>

    <p class='ocr_par' dir='ltr' id='par_1_4' title="bbox 202 505 1486 617">
     <span class='ocr_line' id='line_1_5' title="bbox 203 505 1486 562; baseline 0.001 -14"><span class='ocrx_word' id='word_1_24' title='bbox 203 507 348 548; x_wconf 88' lang='lat' dir='ltr'><strong>Fonte</strong></span> <span class='ocrx_word' id='word_1_25' title='bbox 369 505 529 557; x_wconf 83' lang='lat' dir='ltr'>Meles,</span> <span class='ocrx_word' id='word_1_26' title='bbox 552 507 802 561; x_wconf 81' lang='lat' dir='ltr'><strong>Hermique</strong></span> <span class='ocrx_word' id='word_1_27' title='bbox 823 507 987 548; x_wconf 83' lang='lat' dir='ltr'>vadum</span> <span class='ocrx_word' id='word_1_28' title='bbox 1005 521 1017 558; x_wconf 88' lang='lat'><strong>;</strong></span> <span class='ocrx_word' id='word_1_29' title='bbox 1050 520 1138 561; x_wconf 91' lang='lat' dir='ltr'><strong>quo</strong></span> <span class='ocrx_word' id='word_1_30' title='bbox 1163 507 1334 562; x_wconf 85' lang='lat' dir='ltr'><strong>Lydius</strong></span> <span class='ocrx_word' id='word_1_31' title='bbox 1354 508 1486 550; x_wconf 78' lang='lat' dir='ltr'><strong>intrat</strong></span> 
     </span>
     <span class='ocr_line' id='line_1_6' title="bbox 202 574 1246 617; baseline 0 -1"><span class='ocrx_word' id='word_1_32' title='bbox 202 575 412 617; x_wconf 86' lang='lat' dir='ltr'>Bacchus</span> <span class='ocrx_word' id='word_1_33' title='bbox 433 578 477 616; x_wconf 87' lang='lat' dir='ltr'><strong>et</strong></span> <span class='ocrx_word' id='word_1_34' title='bbox 496 578 651 616; x_wconf 84' lang='lat' dir='ltr'><strong>aurato</strong></span> <span class='ocrx_word' id='word_1_35' title='bbox 673 574 816 617; x_wconf 88' lang='lat' dir='ltr'><strong>reficit</strong></span> <span class='ocrx_word' id='word_1_36' title='bbox 838 588 919 617; x_wconf 84' lang='lat' dir='ltr'><strong>sua</strong></span> <span class='ocrx_word' id='word_1_37' title='bbox 940 589 1106 617; x_wconf 84' lang='lat' dir='ltr'>cornua</span> <span class='ocrx_word' id='word_1_38' title='bbox 1125 576 1246 616; x_wconf 88' lang='lat' dir='ltr'><strong>limo.</strong></span> 
     </span>
    </p>
   </div>
   <div class='ocr_carea' id='block_1_3' title="bbox 1607 442 1664 484">
    <p class='ocr_par' dir='ltr' id='par_1_5' title="bbox 1607 442 1664 484">
     <span class='ocr_line' id='line_1_7' title="bbox 1607 442 1664 484; baseline -0.018 0"><span class='ocrx_word' id='word_1_39' title='bbox 1607 442 1664 484; x_wconf 84' lang='lat'><strong>60</strong></span> 
     </span>
    </p>
   </div>
   <div class='ocr_carea' id='block_1_4' title="bbox 199 695 1667 825">
    <p class='ocr_par' dir='ltr' id='par_1_6' title="bbox 199 695 1667 825">
     <span class='ocr_line' id='line_1_8' title="bbox 201 695 1667 738; baseline 0.003 -12"><span class='ocrx_word' id='word_1_40' title='bbox 201 695 375 738; x_wconf 76' lang='lat' dir='ltr'><strong>necfistula</strong></span> <span class='ocrx_word' id='word_1_41' title='bbox 395 697 505 729; x_wconf 69' lang='lat' dir='ltr'><strong>Phoebi</strong></span> <span class='ocrx_word' id='word_1_42' title='bbox 519 697 641 729; x_wconf 79' lang='lat' dir='ltr'><strong>erubuit</strong></span> <span class='ocrx_word' id='word_1_43' title='bbox 655 698 782 729; x_wconf 69' lang='lat' dir='ltr'>sev-rire.</span> <span class='ocrx_word' id='word_1_44' title='bbox 832 697 946 729; x_wconf 74' lang='lat' dir='ltr'>Verum</span> <span class='ocrx_word' id='word_1_45' title='bbox 958 707 1018 728; x_wconf 83' lang='lat' dir='ltr'>mm</span> <span class='ocrx_word' id='word_1_46' title='bbox 1029 700 1064 728; x_wconf 76' lang='lat' dir='ltr'><strong>tu</strong></span> <span class='ocrx_word' id='word_1_47' title='bbox 1079 700 1271 729; x_wconf 70' lang='lat' dir='ltr'><strong>transvectus</strong></span> <span class='ocrx_word' id='word_1_48' title='bbox 1279 707 1312 728; x_wconf 86' lang='lat' dir='ltr'><strong>es</strong></span> <span class='ocrx_word' id='word_1_49' title='bbox 1327 697 1460 729; x_wconf 78' lang='lat' dir='ltr'>Romam</span> <span class='ocrx_word' id='word_1_50' title='bbox 1474 708 1494 729; x_wconf 83' lang='grc' dir='ltr'><strong><em>α</em></strong></span> <span class='ocrx_word' id='word_1_51' title='bbox 1510 697 1667 730; x_wconf 55' lang='lat' dir='ltr'><strong>Barbam}</strong></span> 
     </span>
     <span class='ocr_line' id='line_1_9' title="bbox 199 739 1665 782; baseline 0.003 -14"><span class='ocrx_word' id='word_1_52' title='bbox 199 739 316 778; x_wconf 78' lang='lat' dir='ltr'><strong>plagis.</strong></span> <span class='ocrx_word' id='word_1_53' title='bbox 360 739 496 781; x_wconf 79' lang='lat' dir='ltr'><strong><em>Smyrna</em></strong></span> <span class='ocrx_word' id='word_1_54' title='bbox 512 741 570 772; x_wconf 74' lang='lat' dir='ltr'><strong>tibi</strong></span> <span class='ocrx_word' id='word_1_55' title='bbox 583 743 688 781; x_wconf 80' lang='lat' dir='ltr'><strong>patria</strong></span> <span class='ocrx_word' id='word_1_56' title='bbox 699 745 760 780; x_wconf 83' lang='lat' dir='ltr'><strong>est,</strong></span> <span class='ocrx_word' id='word_1_57' title='bbox 773 744 804 772; x_wconf 82' lang='lat' dir='ltr'><strong>et</strong></span> <span class='ocrx_word' id='word_1_58' title='bbox 820 740 925 771; x_wconf 76' lang='lat' dir='ltr'><strong>bibisti</strong></span> <span class='ocrx_word' id='word_1_59' title='bbox 943 741 1133 771; x_wconf 73' lang='lat' dir='ltr'>venerandas</span> <span class='ocrx_word' id='word_1_60' title='bbox 1147 750 1243 781; x_wconf 79' lang='lat' dir='ltr'>aquas</span> <span class='ocrx_word' id='word_1_61' title='bbox 1259 741 1400 780; x_wconf 73' lang='lat' dir='ltr'><strong>Metelis,</strong></span> <span class='ocrx_word' id='word_1_62' title='bbox 1418 744 1448 772; x_wconf 81' lang='lat' dir='ltr'><strong>et</strong></span> <span class='ocrx_word' id='word_1_63' title='bbox 1466 741 1592 780; x_wconf 76' lang='lat' dir='ltr'><strong>Hermi,</strong></span> <span class='ocrx_word' id='word_1_64' title='bbox 1609 751 1665 782; x_wconf 80' lang='lat' dir='ltr'><strong>quo</strong></span> 
     </span>
     <span class='ocr_line' id='line_1_10' title="bbox 204 780 1666 825; baseline 0.002 -13"><span class='ocrx_word' id='word_1_65' title='bbox 204 780 325 823; x_wconf 77' lang='lat' dir='ltr'><strong>Lydius</strong></span> <span class='ocrx_word' id='word_1_66' title='bbox 350 783 496 815; x_wconf 73' lang='lat' dir='ltr'><strong>Bacchus</strong></span> <span class='ocrx_word' id='word_1_67' title='bbox 518 784 709 825; x_wconf 78' lang='lat' dir='ltr'><strong>ingreditur,</strong></span> <span class='ocrx_word' id='word_1_68' title='bbox 734 788 765 816; x_wconf 77' lang='lat' dir='ltr'><strong>ec</strong></span> <span class='ocrx_word' id='word_1_69' title='bbox 779 787 936 815; x_wconf 78' lang='lat' dir='ltr'><strong>restaurat</strong></span> <span class='ocrx_word' id='word_1_70' title='bbox 960 793 1016 814; x_wconf 80' lang='lat' dir='ltr'><strong>sua</strong></span> <span class='ocrx_word' id='word_1_71' title='bbox 1041 793 1152 815; x_wconf 79' lang='lat' dir='ltr'>cornua</span> <span class='ocrx_word' id='word_1_72' title='bbox 1167 784 1201 814; x_wconf 80' lang='lat' dir='ltr'><strong>in</strong></span> <span class='ocrx_word' id='word_1_73' title='bbox 1222 793 1314 815; x_wconf 82' lang='lat' dir='ltr'>aureo</span> <span class='ocrx_word' id='word_1_74' title='bbox 1329 783 1395 823; x_wconf 75' lang='lat' dir='ltr'>ejus</span> <span class='ocrx_word' id='word_1_75' title='bbox 1415 785 1499 816; x_wconf 81' lang='lat' dir='ltr'><strong>limo.</strong></span> <span class='ocrx_word' id='word_1_76' title='bbox 1542 785 1666 816; x_wconf 78' lang='lat' dir='ltr'><strong><em>Deinde</em></strong></span> 
     </span>
    </p>
   </div>
   <div class='ocr_carea' id='block_1_5' title="bbox 815 881 1057 893">
    <p class='ocr_par' dir='ltr' id='par_1_7' title="bbox 815 881 1057 893">
     <span class='ocr_line' id='line_1_11' title="bbox 815 881 1057 893; baseline 0 0"><span class='ocrx_word' id='word_1_77' title='bbox 815 881 956 893; x_wconf 62' lang='lat' dir='ltr'><strong>OOOONJ</strong></span> <span class='ocrx_word' id='word_1_78' title='bbox 959 881 1057 893; x_wconf 52' lang='lat'><strong>&#39;&#39;&#39;&#39;</strong></span> 
     </span>
    </p>
   </div>
   <div class='ocr_carea' id='block_1_6' title="bbox 203 944 1672 1245">
    <p class='ocr_par' dir='ltr' id='par_1_8' title="bbox 203 944 1672 1245">
     <span class='ocr_line' id='line_1_12' title="bbox 204 944 1667 988; baseline 0.003 -12"><span class='ocrx_word' id='word_1_79' title='bbox 204 944 346 977; x_wconf 78' lang='lat' dir='ltr'><strong>Pertulit</strong></span> <span class='ocrx_word' id='word_1_80' title='bbox 363 945 537 987; x_wconf 79' lang='lat' dir='ltr'><strong><em>Eurysthei</em></strong></span> <span class='ocrx_word' id='word_1_81' title='bbox 550 945 735 988; x_wconf 78' lang='lat' dir='ltr'><strong><em>Tirynthius</em></strong></span> <span class='ocrx_word' id='word_1_82' title='bbox 747 946 876 978; x_wconf 76' lang='lat' dir='ltr'><strong>hon-ida</strong></span> <span class='ocrx_word' id='word_1_83' title='bbox 891 947 987 986; x_wconf 80' lang='lat' dir='ltr'><strong>regis,</strong></span> <span class='ocrx_word' id='word_1_84' title='bbox 1010 957 1053 978; x_wconf 89' lang='lat' dir='ltr'><strong>ex</strong></span> <span class='ocrx_word' id='word_1_85' title='bbox 1064 946 1185 987; x_wconf 84' lang='lat' dir='ltr'><strong>Virgil.</strong></span> <span class='ocrx_word' id='word_1_86' title='bbox 1197 956 1280 979; x_wconf 84' lang='lat' dir='ltr'><strong>vm.</strong></span> <span class='ocrx_word' id='word_1_87' title='bbox 1293 950 1369 980; x_wconf 82' lang='grc'><strong>291.</strong></span> <span class='ocrx_word' id='word_1_88' title='bbox 1385 948 1395 965; x_wconf 87' lang='lat'>‘</span> <span class='ocrx_word' id='word_1_89' title='bbox 1408 952 1446 979; x_wconf 89' lang='lat' dir='ltr'><strong>ut</strong></span> <span class='ocrx_word' id='word_1_90' title='bbox 1458 947 1559 979; x_wconf 90' lang='lat' dir='ltr'><strong>duros</strong></span> <span class='ocrx_word' id='word_1_91' title='bbox 1574 947 1667 980; x_wconf 89' lang='lat' dir='ltr'><strong>mille</strong></span> 
     </span>
     <span class='ocr_line' id='line_1_13' title="bbox 203 987 1668 1032; baseline 0.001 -13"><span class='ocrx_word' id='word_1_92' title='bbox 203 987 339 1019; x_wconf 83' lang='lat' dir='ltr'>labores</span> <span class='ocrx_word' id='word_1_93' title='bbox 351 989 445 1029; x_wconf 82' lang='lat' dir='ltr'>Rege</span> <span class='ocrx_word' id='word_1_94' title='bbox 461 989 523 1020; x_wconf 85' lang='lat' dir='ltr'><strong>sub</strong></span> <span class='ocrx_word' id='word_1_95' title='bbox 543 989 746 1029; x_wconf 86' lang='lat' dir='ltr'>Eurystheo,</span> <span class='ocrx_word' id='word_1_96' title='bbox 762 988 842 1021; x_wconf 80' lang='lat' dir='ltr'><strong>fatis</strong></span> <span class='ocrx_word' id='word_1_97' title='bbox 862 990 1010 1022; x_wconf 72' lang='lat' dir='ltr'><strong>‚lunonis</strong></span> <span class='ocrx_word' id='word_1_98' title='bbox 1030 990 1169 1032; x_wconf 71' lang='lat' dir='ltr'><strong>iniquae,</strong></span> <span class='ocrx_word' id='word_1_99' title='bbox 1190 990 1404 1023; x_wconf 88' lang='lat' dir='ltr'><strong>Pertulerit.&#39;</strong></span> <span class='ocrx_word' id='word_1_100' title='bbox 1450 991 1574 1022; x_wconf 83' lang='lat' dir='ltr'><strong>Placet</strong></span> <span class='ocrx_word' id='word_1_101' title='bbox 1589 991 1668 1030; x_wconf 79' lang='lat' dir='ltr'>hoe,</span> 
     </span>
     <span class='ocr_line' id='line_1_14' title="bbox 205 1032 1670 1075; baseline 0.001 -13"><span class='ocrx_word' id='word_1_102' title='bbox 205 1036 242 1063; x_wconf 89' lang='lat' dir='ltr'><strong>et</strong></span> <span class='ocrx_word' id='word_1_103' title='bbox 252 1041 371 1063; x_wconf 90' lang='lat' dir='ltr'>verum</span> <span class='ocrx_word' id='word_1_104' title='bbox 388 1037 492 1071; x_wconf 79' lang='lat' dir='ltr'><strong>puto3</strong></span> <span class='ocrx_word' id='word_1_105' title='bbox 517 1037 571 1063; x_wconf 84' lang='lat' dir='ltr'><strong>est</strong></span> <span class='ocrx_word' id='word_1_106' title='bbox 584 1032 672 1063; x_wconf 88' lang='lat' dir='ltr'><strong>enim</strong></span> <span class='ocrx_word' id='word_1_107' title='bbox 690 1032 871 1064; x_wconf 83' lang='lat' dir='ltr'><strong>manifesta</strong></span> <span class='ocrx_word' id='word_1_108' title='bbox 888 1033 1008 1064; x_wconf 86' lang='lat' dir='ltr'><strong>allusio</strong></span> <span class='ocrx_word' id='word_1_109' title='bbox 1030 1033 1074 1064; x_wconf 90' lang='lat' dir='ltr'><strong>ad</strong></span> <span class='ocrx_word' id='word_1_110' title='bbox 1100 1034 1210 1064; x_wconf 89' lang='lat' dir='ltr'><strong>locum</strong></span> <span class='ocrx_word' id='word_1_111' title='bbox 1226 1034 1372 1075; x_wconf 82' lang='lat' dir='ltr'><strong>Virgilii.</strong></span> <span class='ocrx_word' id='word_1_112' title='bbox 1415 1034 1540 1065; x_wconf 80' lang='lat' dir='ltr'>Posses</span> <span class='ocrx_word' id='word_1_113' title='bbox 1564 1034 1670 1064; x_wconf 87' lang='lat' dir='ltr'><strong>etiam</strong></span> 
     </span>
     <span class='ocr_line' id='line_1_15' title="bbox 204 1074 1669 1115; baseline 0.001 -10"><span class='ocrx_word' id='word_1_114' title='bbox 204 1074 320 1115; x_wconf 84' lang='lat' dir='ltr'>legere</span> <span class='ocrx_word' id='word_1_115' title='bbox 337 1079 373 1106; x_wconf 93' lang='lat' dir='ltr'><strong>et</strong></span> <span class='ocrx_word' id='word_1_116' title='bbox 389 1075 493 1106; x_wconf 85' lang='lat' dir='ltr'><strong>facile</strong></span> <span class='ocrx_word' id='word_1_117' title='bbox 508 1074 695 1106; x_wconf 82' lang='lat' dir='ltr'>defendere</span> <span class='ocrx_word' id='word_1_118' title='bbox 711 1076 827 1115; x_wconf 74' lang='lat' dir='ltr'><strong>Argivi</strong></span> <span class='ocrx_word' id='word_1_119' title='bbox 851 1085 911 1115; x_wconf 81' lang='lat' dir='ltr'><strong>pro</strong></span> <span class='ocrx_word' id='word_1_120' title='bbox 935 1079 966 1108; x_wconf 79' lang='lat' dir='ltr'><strong>et</strong></span> <span class='ocrx_word' id='word_1_121' title='bbox 990 1076 1089 1113; x_wconf 74' lang='lat' dir='ltr'><strong>soevi5</strong></span> <span class='ocrx_word' id='word_1_122' title='bbox 1110 1076 1172 1107; x_wconf 89' lang='lat' dir='ltr'><strong>sed</strong></span> <span class='ocrx_word' id='word_1_123' title='bbox 1197 1077 1275 1107; x_wconf 79' lang='lat' dir='ltr'><strong>milii</strong></span> <span class='ocrx_word' id='word_1_124' title='bbox 1302 1077 1446 1108; x_wconf 84' lang='lat' dir='ltr'><strong>alterurn</strong></span> <span class='ocrx_word' id='word_1_125' title='bbox 1475 1077 1580 1107; x_wconf 89' lang='lat' dir='ltr'><strong>multo</strong></span> <span class='ocrx_word' id='word_1_126' title='bbox 1607 1077 1669 1108; x_wconf 89' lang='lat' dir='ltr'><strong>im-</strong></span> 
     </span>
     <span class='ocr_line' id='line_1_16' title="bbox 204 1117 1670 1160; baseline 0.002 -12"><span class='ocrx_word' id='word_1_127' title='bbox 204 1117 343 1158; x_wconf 85' lang='lat' dir='ltr'><strong>pensius</strong></span> <span class='ocrx_word' id='word_1_128' title='bbox 359 1118 486 1159; x_wconf 84' lang='lat' dir='ltr'><strong>placet,</strong></span> <span class='ocrx_word' id='word_1_129' title='bbox 508 1123 653 1158; x_wconf 87' lang='lat' dir='ltr'><strong>propter</strong></span> <span class='ocrx_word' id='word_1_130' title='bbox 668 1119 778 1150; x_wconf 92' lang='lat' dir='ltr'><strong>locum</strong></span> <span class='ocrx_word' id='word_1_131' title='bbox 796 1119 943 1159; x_wconf 83' lang='lat' dir='ltr'><strong>Virgilii.</strong></span> <span class='ocrx_word' id='word_1_132' title='bbox 990 1119 1068 1150; x_wconf 88' lang='lat' dir='ltr'><strong>Scio</strong></span> <span class='ocrx_word' id='word_1_133' title='bbox 1084 1119 1295 1151; x_wconf 88' lang='lat' dir='ltr'><strong>Gronovinm</strong></span> <span class='ocrx_word' id='word_1_134' title='bbox 1311 1120 1426 1151; x_wconf 82' lang='lat' dir='ltr'><strong>Diatr.</strong></span> <span class='ocrx_word' id='word_1_135' title='bbox 1439 1129 1517 1160; x_wconf 84' lang='lat' dir='ltr'><strong>cap.</strong></span> <span class='ocrx_word' id='word_1_136' title='bbox 1531 1122 1586 1151; x_wconf 86' lang='grc'><strong>20.</strong></span> <span class='ocrx_word' id='word_1_137' title='bbox 1613 1120 1670 1151; x_wconf 87' lang='lat' dir='ltr'><strong>de-</strong></span> 
     </span>
     <span class='ocr_line' id='line_1_17' title="bbox 203 1159 1671 1203; baseline 0.001 -12"><span class='ocrx_word' id='word_1_138' title='bbox 203 1159 348 1192; x_wconf 85' lang='lat' dir='ltr'>fendere</span> <span class='ocrx_word' id='word_1_139' title='bbox 365 1161 605 1202; x_wconf 83' lang='lat' dir='ltr'><strong>repetitionem</strong></span> <span class='ocrx_word' id='word_1_140' title='bbox 622 1161 871 1202; x_wconf 87' lang='lat' dir='ltr'><strong>conjunctionis</strong></span> <span class='ocrx_word' id='word_1_141' title='bbox 887 1162 920 1192; x_wconf 90' lang='lat' dir='ltr'><strong>in</strong></span> <span class='ocrx_word' id='word_1_142' title='bbox 938 1163 1000 1192; x_wconf 74' lang='lat' dir='ltr'><strong>lioc</strong></span> <span class='ocrx_word' id='word_1_143' title='bbox 1017 1163 1102 1193; x_wconf 89' lang='lat' dir='ltr'><strong>loco.</strong></span> <span class='ocrx_word' id='word_1_144' title='bbox 1145 1162 1213 1193; x_wconf 90' lang='lat' dir='ltr'>Sed</span> <span class='ocrx_word' id='word_1_145' title='bbox 1231 1163 1259 1193; x_wconf 85' lang='lat' dir='ltr'><strong>si</strong></span> <span class='ocrx_word' id='word_1_146' title='bbox 1274 1163 1338 1194; x_wconf 84' lang='lat' dir='ltr'><strong>hoe</strong></span> <span class='ocrx_word' id='word_1_147' title='bbox 1354 1163 1566 1199; x_wconf 76' lang='lat' dir='ltr'><strong>admittatur,</strong></span> <span class='ocrx_word' id='word_1_148' title='bbox 1589 1172 1671 1203; x_wconf 86' lang='lat' dir='ltr'><strong>quo-</strong></span> 
     </span>
     <span class='ocr_line' id='line_1_18' title="bbox 205 1202 1672 1245; baseline 0.001 -10"><span class='ocrx_word' id='word_1_149' title='bbox 205 1204 306 1235; x_wconf 86' lang='lat' dir='ltr'>modo</span> <span class='ocrx_word' id='word_1_150' title='bbox 322 1202 529 1236; x_wconf 83' lang='lat' dir='ltr'>defendetur</span> <span class='ocrx_word' id='word_1_151' title='bbox 541 1204 736 1245; x_wconf 86' lang='lat' dir='ltr'><strong>ambiguum</strong></span> <span class='ocrx_word' id='word_1_152' title='bbox 754 1204 846 1236; x_wconf 90' lang='lat' dir='ltr'><strong>istud</strong></span> <span class='ocrx_word' id='word_1_153' title='bbox 862 1205 938 1236; x_wconf 69' lang='lat' dir='ltr'>sceva·</span> <span class='ocrx_word' id='word_1_154' title='bbox 953 1205 1060 1244; x_wconf 75' lang='lat' dir='ltr'><strong>regis?</strong></span> <span class='ocrx_word' id='word_1_155' title='bbox 1083 1205 1146 1236; x_wconf 90' lang='lat' dir='ltr'><strong>nisi</strong></span> <span class='ocrx_word' id='word_1_156' title='bbox 1160 1206 1296 1245; x_wconf 87' lang='lat' dir='ltr'><strong>probari</strong></span> <span class='ocrx_word' id='word_1_157' title='bbox 1313 1206 1421 1245; x_wconf 80' lang='lat' dir='ltr'><strong>possit</strong></span> <span class='ocrx_word' id='word_1_158' title='bbox 1432 1205 1471 1236; x_wconf 80' lang='grc' dir='ltr'><strong>τὸ</strong></span> <span class='ocrx_word' id='word_1_159' title='bbox 1485 1206 1561 1236; x_wconf 73' lang='lat' dir='ltr'><strong>aeoevi</strong></span> <span class='ocrx_word' id='word_1_160' title='bbox 1585 1205 1672 1245; x_wconf 66' lang='lat' dir='ltr'><strong>regis</strong></span> 
     </span>
    </p>
   </div>
   <div class='ocr_carea' id='block_1_7' title="bbox 204 1247 1738 1290">
    <p class='ocr_par' dir='ltr' id='par_1_9' title="bbox 204 1247 1738 1290">
     <span class='ocr_line' id='line_1_19' title="bbox 204 1247 1738 1290; baseline 0.001 -12"><span class='ocrx_word' id='word_1_161' title='bbox 204 1247 399 1278; x_wconf 83' lang='lat' dir='ltr'>necessario</span> <span class='ocrx_word' id='word_1_162' title='bbox 411 1247 590 1288; x_wconf 72' lang='lat' dir='ltr'>designare</span> <span class='ocrx_word' id='word_1_163' title='bbox 607 1247 797 1288; x_wconf 68' lang='lat' dir='ltr'>Eurysthea.-</span> <span class='ocrx_word' id='word_1_164' title='bbox 820 1248 909 1289; x_wconf 91' lang='lat' dir='ltr'><strong>quod</strong></span> <span class='ocrx_word' id='word_1_165' title='bbox 925 1249 998 1290; x_wconf 86' lang='lat' dir='ltr'><strong>quis</strong></span> <span class='ocrx_word' id='word_1_166' title='bbox 1015 1248 1164 1279; x_wconf 81' lang='lat' dir='ltr'><strong>dixerit?</strong></span> <span class='ocrx_word' id='word_1_167' title='bbox 1208 1249 1275 1280; x_wconf 87' lang='lat' dir='ltr'>Sed</span> <span class='ocrx_word' id='word_1_168' title='bbox 1293 1248 1411 1280; x_wconf 74' lang='lat' dir='ltr'><strong>falsum</strong></span> <span class='ocrx_word' id='word_1_169' title='bbox 1429 1249 1566 1280; x_wconf 86' lang='lat' dir='ltr'><strong>videtur</strong></span> <span class='ocrx_word' id='word_1_170' title='bbox 1580 1249 1671 1288; x_wconf 82' lang='lat' dir='ltr'><strong>quod</strong></span> <span class='ocrx_word' id='word_1_171' title='bbox 1735 1262 1738 1266; x_wconf 93' lang='lat'>·</span> 
     </span>
    </p>
   </div>
   <div class='ocr_carea' id='block_1_8' title="bbox 204 1289 1675 1719">
    <p class='ocr_par' dir='ltr' id='par_1_10' title="bbox 204 1289 1675 1719">
     <span class='ocr_line' id='line_1_20' title="bbox 206 1289 1669 1332; baseline 0.001 -12"><span class='ocrx_word' id='word_1_172' title='bbox 206 1289 374 1331; x_wconf 77' lang='lat' dir='ltr'><strong>sequitur,</strong></span> <span class='ocrx_word' id='word_1_173' title='bbox 398 1290 525 1321; x_wconf 78' lang='lat' dir='ltr'><strong>horrida</strong></span> <span class='ocrx_word' id='word_1_174' title='bbox 539 1291 624 1330; x_wconf 80' lang='lat' dir='ltr'><strong>regis</strong></span> <span class='ocrx_word' id='word_1_175' title='bbox 638 1290 766 1328; x_wconf 82' lang='lat' dir='ltr'><strong>Pacta;</strong></span> <span class='ocrx_word' id='word_1_176' title='bbox 789 1300 855 1322; x_wconf 91' lang='lat' dir='ltr'><strong>non</strong></span> <span class='ocrx_word' id='word_1_177' title='bbox 881 1291 971 1322; x_wconf 78' lang='lat' dir='ltr'><strong>enim</strong></span> <span class='ocrx_word' id='word_1_178' title='bbox 995 1291 1207 1332; x_wconf 78' lang='lat' dir='ltr'>Eurystheus</span> <span class='ocrx_word' id='word_1_179' title='bbox 1233 1291 1275 1323; x_wconf 85' lang='lat' dir='ltr'><strong>ad</strong></span> <span class='ocrx_word' id='word_1_180' title='bbox 1294 1292 1393 1323; x_wconf 79' lang='lat' dir='ltr'><strong>Pacta</strong></span> <span class='ocrx_word' id='word_1_181' title='bbox 1417 1291 1669 1330; x_wconf 56' lang='lat' dir='ltr'>descendebam</span> 
     </span>
     <span class='ocr_line' id='line_1_21' title="bbox 204 1333 1670 1375; baseline 0 -10"><span class='ocrx_word' id='word_1_182' title='bbox 204 1342 272 1365; x_wconf 88' lang='lat' dir='ltr'><strong>non</strong></span> <span class='ocrx_word' id='word_1_183' title='bbox 289 1337 358 1364; x_wconf 89' lang='lat' dir='ltr'><strong>tam</strong></span> <span class='ocrx_word' id='word_1_184' title='bbox 379 1333 464 1364; x_wconf 90' lang='lat' dir='ltr'>bene</span> <span class='ocrx_word' id='word_1_185' title='bbox 482 1343 559 1365; x_wconf 90' lang='lat' dir='ltr'>cum</span> <span class='ocrx_word' id='word_1_186' title='bbox 577 1333 730 1365; x_wconf 80' lang='lat' dir='ltr'>Hercule</span> <span class='ocrx_word' id='word_1_187' title='bbox 746 1339 861 1365; x_wconf 88' lang='lat' dir='ltr'><strong>actum</strong></span> <span class='ocrx_word' id='word_1_188' title='bbox 876 1333 961 1365; x_wconf 86' lang='lat' dir='ltr'><strong>fuit:</strong></span> <span class='ocrx_word' id='word_1_189' title='bbox 987 1335 1048 1365; x_wconf 84' lang='lat' dir='ltr'><strong>sed</strong></span> <span class='ocrx_word' id='word_1_190' title='bbox 1066 1344 1176 1366; x_wconf 82' lang='lat' dir='ltr'>merus</span> <span class='ocrx_word' id='word_1_191' title='bbox 1192 1344 1251 1365; x_wconf 85' lang='lat' dir='ltr'><strong>rex</strong></span> <span class='ocrx_word' id='word_1_192' title='bbox 1267 1333 1334 1366; x_wconf 82' lang='lat' dir='ltr'><strong>fnit</strong></span> <span class='ocrx_word' id='word_1_193' title='bbox 1349 1334 1554 1375; x_wconf 79' lang='lat' dir='ltr'><strong>etjubebat.</strong></span> <span class='ocrx_word' id='word_1_194' title='bbox 1591 1334 1670 1365; x_wconf 74' lang='lat' dir='ltr'><strong>Val-</strong></span> 
     </span>
     <span class='ocr_line' id='line_1_22' title="bbox 205 1376 1671 1411; baseline -0.001 -4"><span class='ocrx_word' id='word_1_195' title='bbox 205 1376 302 1407; x_wconf 86' lang='lat' dir='ltr'><strong>Flac.</strong></span> <span class='ocrx_word' id='word_1_196' title='bbox 318 1385 343 1407; x_wconf 84' lang='lat'><strong>1.</strong></span> <span class='ocrx_word' id='word_1_197' title='bbox 359 1378 435 1407; x_wconf 79' lang='lat'>113.</span> <span class='ocrx_word' id='word_1_198' title='bbox 461 1376 584 1409; x_wconf 86' lang='lat' dir='ltr'>Senec.</span> <span class='ocrx_word' id='word_1_199' title='bbox 611 1376 718 1408; x_wconf 87' lang='lat' dir='ltr'>Herc.</span> <span class='ocrx_word' id='word_1_200' title='bbox 739 1377 820 1408; x_wconf 86' lang='lat' dir='ltr'>Fur.</span> <span class='ocrx_word' id='word_1_201' title='bbox 835 1380 888 1408; x_wconf 78' lang='lat'><strong>40.</strong></span> <span class='ocrx_word' id='word_1_202' title='bbox 904 1380 955 1409; x_wconf 84' lang='lat'><strong>78.</strong></span> <span class='ocrx_word' id='word_1_203' title='bbox 970 1379 1048 1409; x_wconf 82' lang='grc'><strong>479.</strong></span> <span class='ocrx_word' id='word_1_204' title='bbox 1073 1377 1203 1411; x_wconf 87' lang='lat' dir='ltr'><strong>Justin.</strong></span> <span class='ocrx_word' id='word_1_205' title='bbox 1227 1387 1269 1409; x_wconf 92' lang='lat'><strong>11.</strong></span> <span class='ocrx_word' id='word_1_206' title='bbox 1283 1380 1316 1409; x_wconf 78' lang='lat'><strong>4.</strong></span> <span class='ocrx_word' id='word_1_207' title='bbox 1342 1377 1464 1410; x_wconf 80' lang='lat' dir='ltr'><strong>Claud.</strong></span> <span class='ocrx_word' id='word_1_208' title='bbox 1481 1378 1571 1408; x_wconf 89' lang='lat' dir='ltr'><strong>Bell.</strong></span> <span class='ocrx_word' id='word_1_209' title='bbox 1588 1377 1671 1408; x_wconf 83' lang='lat' dir='ltr'><strong>Get.</strong></span> 
     </span>
     <span class='ocr_line' id='line_1_23' title="bbox 206 1419 1671 1462; baseline 0.001 -12"><span class='ocrx_word' id='word_1_210' title='bbox 206 1421 283 1450; x_wconf 86' lang='grc'><strong>377.</strong></span> <span class='ocrx_word' id='word_1_211' title='bbox 307 1419 460 1451; x_wconf 81' lang='lat' dir='ltr'><strong>Martial.</strong></span> <span class='ocrx_word' id='word_1_212' title='bbox 475 1428 527 1451; x_wconf 78' lang='lat' dir='ltr'><strong>lx.</strong></span> <span class='ocrx_word' id='word_1_213' title='bbox 543 1422 595 1451; x_wconf 84' lang='lat'><strong>66.</strong></span> <span class='ocrx_word' id='word_1_214' title='bbox 639 1420 692 1450; x_wconf 84' lang='lat' dir='ltr'><strong>Ex</strong></span> <span class='ocrx_word' id='word_1_215' title='bbox 709 1419 758 1450; x_wconf 85' lang='lat' dir='ltr'><strong>his</strong></span> <span class='ocrx_word' id='word_1_216' title='bbox 775 1420 856 1451; x_wconf 73' lang='lat' dir='ltr'><strong>locis</strong></span> <span class='ocrx_word' id='word_1_217' title='bbox 873 1429 940 1450; x_wconf 86' lang='lat' dir='ltr'><strong>non</strong></span> <span class='ocrx_word' id='word_1_218' title='bbox 959 1420 1060 1451; x_wconf 79' lang='lat' dir='ltr'><strong>Pacta</strong></span> <span class='ocrx_word' id='word_1_219' title='bbox 1075 1419 1136 1451; x_wconf 88' lang='lat' dir='ltr'><strong>sed</strong></span> <span class='ocrx_word' id='word_1_220' title='bbox 1148 1421 1245 1452; x_wconf 76' lang='lat' dir='ltr'>Jussa</span> <span class='ocrx_word' id='word_1_221' title='bbox 1266 1421 1477 1462; x_wconf 78' lang='lat' dir='ltr'>Eurystheos</span> <span class='ocrx_word' id='word_1_222' title='bbox 1505 1420 1671 1461; x_wconf 79' lang='lat' dir='ltr'><strong>agnoscis.</strong></span> 
     </span>
     <span class='ocr_line' id='line_1_24' title="bbox 205 1461 1673 1505; baseline 0.001 -13"><span class='ocrx_word' id='word_1_223' title='bbox 205 1461 331 1492; x_wconf 86' lang='lat' dir='ltr'><strong>Totum</strong></span> <span class='ocrx_word' id='word_1_224' title='bbox 347 1461 453 1502; x_wconf 79' lang='lat' dir='ltr'><strong>igitur</strong></span> <span class='ocrx_word' id='word_1_225' title='bbox 467 1463 578 1493; x_wconf 87' lang='lat' dir='ltr'><strong>locum</strong></span> <span class='ocrx_word' id='word_1_226' title='bbox 595 1462 645 1493; x_wconf 87' lang='lat' dir='ltr'><strong>sic</strong></span> <span class='ocrx_word' id='word_1_227' title='bbox 661 1463 758 1502; x_wconf 85' lang='lat' dir='ltr'>lege:</span> <span class='ocrx_word' id='word_1_228' title='bbox 784 1463 829 1494; x_wconf 72' lang='lat' dir='ltr'><strong>Et</strong></span> <span class='ocrx_word' id='word_1_229' title='bbox 843 1462 948 1504; x_wconf 84' lang='lat' dir='ltr'>(modo</span> <span class='ocrx_word' id='word_1_230' title='bbox 966 1485 974 1494; x_wconf 95' lang='lat'>.</span> <span class='ocrx_word' id='word_1_231' title='bbox 989 1485 997 1494; x_wconf 92' lang='lat'>.</span> <span class='ocrx_word' id='word_1_232' title='bbox 1010 1485 1019 1494; x_wconf 89' lang='lat'>.</span> <span class='ocrx_word' id='word_1_233' title='bbox 1034 1463 1181 1505; x_wconf 69' lang='lat' dir='ltr'><strong>summis)</strong></span> <span class='ocrx_word' id='word_1_234' title='bbox 1210 1463 1346 1495; x_wconf 76' lang='lat' dir='ltr'><strong>Pertulit</strong></span> <span class='ocrx_word' id='word_1_235' title='bbox 1362 1463 1533 1505; x_wconf 74' lang='lat' dir='ltr'><strong>Eurysthei</strong></span> <span class='ocrx_word' id='word_1_236' title='bbox 1560 1463 1673 1503; x_wconf 71' lang='lat' dir='ltr'><strong>Tiryn-</strong></span> 
     </span>
     <span class='ocr_line' id='line_1_25' title="bbox 206 1504 1674 1548; baseline 0.001 -14"><span class='ocrx_word' id='word_1_237' title='bbox 206 1504 292 1535; x_wconf 72' lang='lat' dir='ltr'><strong>thius</strong></span> <span class='ocrx_word' id='word_1_238' title='bbox 305 1504 433 1536; x_wconf 69' lang='lat' dir='ltr'><strong>horrida</strong></span> <span class='ocrx_word' id='word_1_239' title='bbox 446 1505 532 1545; x_wconf 75' lang='lat' dir='ltr'><strong>regis</strong></span> <span class='ocrx_word' id='word_1_240' title='bbox 545 1506 653 1537; x_wconf 80' lang='lat' dir='ltr'>Jussa.</span> <span class='ocrx_word' id='word_1_241' title='bbox 699 1505 793 1537; x_wconf 81' lang='lat' dir='ltr'><strong>Nihil</strong></span> <span class='ocrx_word' id='word_1_242' title='bbox 810 1509 923 1536; x_wconf 86' lang='lat' dir='ltr'>tamen</span> <span class='ocrx_word' id='word_1_243' title='bbox 940 1506 974 1537; x_wconf 92' lang='lat' dir='ltr'><strong>in</strong></span> <span class='ocrx_word' id='word_1_244' title='bbox 991 1511 1156 1538; x_wconf 80' lang='lat' dir='ltr'><strong>contextu</strong></span> <span class='ocrx_word' id='word_1_245' title='bbox 1183 1510 1279 1537; x_wconf 88' lang='lat' dir='ltr'><strong>muto</strong></span> <span class='ocrx_word' id='word_1_246' title='bbox 1302 1511 1447 1548; x_wconf 85' lang='lat' dir='ltr'><strong>propter</strong></span> <span class='ocrx_word' id='word_1_247' title='bbox 1469 1506 1558 1537; x_wconf 89' lang='lat' dir='ltr'><strong>istud</strong></span> <span class='ocrx_word' id='word_1_248' title='bbox 1575 1506 1674 1536; x_wconf 86' lang='lat' dir='ltr'><strong>initio</strong></span> 
     </span>
     <span class='ocr_line' id='line_1_26' title="bbox 206 1546 1674 1590; baseline 0.002 -13"><span class='ocrx_word' id='word_1_249' title='bbox 206 1546 419 1580; x_wconf 78' lang='lat' dir='ltr'><strong>Thebaidos:</strong></span> <span class='ocrx_word' id='word_1_250' title='bbox 447 1549 457 1565; x_wconf 90' lang='lat'>‘</span> <span class='ocrx_word' id='word_1_251' title='bbox 474 1548 631 1579; x_wconf 78' lang='lat' dir='ltr'><strong>Sidonios</strong></span> <span class='ocrx_word' id='word_1_252' title='bbox 670 1553 800 1589; x_wconf 73' lang='lat' dir='ltr'><strong>raptus,</strong></span> <span class='ocrx_word' id='word_1_253' title='bbox 832 1552 869 1580; x_wconf 87' lang='lat' dir='ltr'><strong>et</strong></span> <span class='ocrx_word' id='word_1_254' title='bbox 904 1548 1117 1580; x_wconf 81' lang='lat' dir='ltr'><strong>inexorabile</strong></span> <span class='ocrx_word' id='word_1_255' title='bbox 1151 1554 1290 1590; x_wconf 83' lang='lat' dir='ltr'><strong>paetum</strong></span> <span class='ocrx_word' id='word_1_256' title='bbox 1329 1549 1430 1590; x_wconf 82' lang='lat' dir='ltr'><strong>Legis</strong></span> <span class='ocrx_word' id='word_1_257' title='bbox 1459 1547 1674 1589; x_wconf 61' lang='lat' dir='ltr'>Agenorem-‚⁹</span> 
     </span>
     <span class='ocr_line' id='line_1_27' title="bbox 207 1590 1674 1632; baseline 0.001 -11"><span class='ocrx_word' id='word_1_258' title='bbox 207 1590 417 1622; x_wconf 78' lang='lat' dir='ltr'><strong>Markl.—fil</strong></span> <span class='ocrx_word' id='word_1_259' title='bbox 442 1590 606 1622; x_wconf 86' lang='lat' dir='ltr'><strong>Heinsius</strong></span> <span class='ocrx_word' id='word_1_260' title='bbox 619 1592 653 1622; x_wconf 90' lang='lat' dir='ltr'><strong>in</strong></span> <span class='ocrx_word' id='word_1_261' title='bbox 669 1591 806 1632; x_wconf 87' lang='lat' dir='ltr'><strong>scriptis</strong></span> <span class='ocrx_word' id='word_1_262' title='bbox 823 1591 923 1623; x_wconf 91' lang='lat' dir='ltr'>codd.</span> <span class='ocrx_word' id='word_1_263' title='bbox 938 1591 1091 1624; x_wconf 86' lang='lat' dir='ltr'><strong>invenit:</strong></span> <span class='ocrx_word' id='word_1_264' title='bbox 1117 1592 1218 1624; x_wconf 82' lang='lat' dir='ltr'>Fonte</span> <span class='ocrx_word' id='word_1_265' title='bbox 1233 1592 1346 1624; x_wconf 79' lang='lat' dir='ltr'>Melas.</span> <span class='ocrx_word' id='word_1_266' title='bbox 1394 1591 1481 1623; x_wconf 88' lang='lat' dir='ltr'><strong>Vide</strong></span> <span class='ocrx_word' id='word_1_267' title='bbox 1498 1591 1586 1623; x_wconf 88' lang='lat' dir='ltr'>Adv.</span> <span class='ocrx_word' id='word_1_268' title='bbox 1602 1600 1627 1622; x_wconf 86' lang='lat'><strong>1.</strong></span> <span class='ocrx_word' id='word_1_269' title='bbox 1641 1593 1674 1623; x_wconf 90' lang='grc'><strong>8.</strong></span> 
     </span>
     <span class='ocr_line' id='line_1_28' title="bbox 208 1633 1675 1675; baseline 0.001 -11"><span class='ocrx_word' id='word_1_270' title='bbox 208 1643 243 1673; x_wconf 82' lang='lat' dir='ltr'><strong>p.</strong></span> <span class='ocrx_word' id='word_1_271' title='bbox 261 1636 316 1665; x_wconf 89' lang='grc'><strong>79.</strong></span> <span class='ocrx_word' id='word_1_272' title='bbox 360 1633 458 1665; x_wconf 88' lang='lat' dir='ltr'>Idem</span> <span class='ocrx_word' id='word_1_273' title='bbox 486 1634 519 1664; x_wconf 89' lang='lat' dir='ltr'><strong>in</strong></span> <span class='ocrx_word' id='word_1_274' title='bbox 547 1634 638 1665; x_wconf 85' lang='lat' dir='ltr'><strong>curis</strong></span> <span class='ocrx_word' id='word_1_275' title='bbox 660 1634 818 1666; x_wconf 81' lang='lat' dir='ltr'><strong>secundis</strong></span> <span class='ocrx_word' id='word_1_276' title='bbox 845 1635 887 1665; x_wconf 87' lang='lat' dir='ltr'><strong>ad</strong></span> <span class='ocrx_word' id='word_1_277' title='bbox 915 1634 1019 1666; x_wconf 89' lang='lat' dir='ltr'><strong>Ovid.</strong></span> <span class='ocrx_word' id='word_1_278' title='bbox 1040 1635 1130 1666; x_wconf 85' lang='lat' dir='ltr'><strong>Met.</strong></span> <span class='ocrx_word' id='word_1_279' title='bbox 1155 1644 1197 1666; x_wconf 91' lang='lat'><strong>11.</strong></span> <span class='ocrx_word' id='word_1_280' title='bbox 1225 1637 1301 1667; x_wconf 84' lang='grc'><strong>247.</strong></span> <span class='ocrx_word' id='word_1_281' title='bbox 1329 1634 1434 1666; x_wconf 87' lang='lat' dir='ltr'><strong>citat:</strong></span> <span class='ocrx_word' id='word_1_282' title='bbox 1458 1635 1539 1675; x_wconf 82' lang='lat' dir='ltr'><strong>quod</strong></span> <span class='ocrx_word' id='word_1_283' title='bbox 1554 1634 1675 1675; x_wconf 72' lang='lat' dir='ltr'><strong>Lydius</strong></span> 
     </span>
     <span class='ocr_line' id='line_1_29' title="bbox 207 1676 1673 1719; baseline -0.001 -10"><span class='ocrx_word' id='word_1_284' title='bbox 207 1678 321 1717; x_wconf 73' lang='lat' dir='ltr'><strong>intrat,</strong></span> <span class='ocrx_word' id='word_1_285' title='bbox 343 1681 383 1709; x_wconf 90' lang='lat' dir='ltr'><strong>ut</strong></span> <span class='ocrx_word' id='word_1_286' title='bbox 397 1686 434 1709; x_wconf 84' lang='lat' dir='ltr'><strong>se</strong></span> <span class='ocrx_word' id='word_1_287' title='bbox 450 1677 640 1718; x_wconf 86' lang='lat' dir='ltr'><strong>conjecisse</strong></span> <span class='ocrx_word' id='word_1_288' title='bbox 656 1677 706 1709; x_wconf 84' lang='lat' dir='ltr'><strong>ait</strong></span> <span class='ocrx_word' id='word_1_289' title='bbox 721 1676 961 1710; x_wconf 83' lang='lat' dir='ltr'>Marklandus.</span> <span class='ocrx_word' id='word_1_290' title='bbox 1005 1677 1199 1719; x_wconf 71' lang='lat' dir='ltr'>Her-emique</span> <span class='ocrx_word' id='word_1_291' title='bbox 1213 1679 1336 1719; x_wconf 73' lang='lat' dir='ltr'>eadum,</span> <span class='ocrx_word' id='word_1_292' title='bbox 1356 1687 1415 1719; x_wconf 79' lang='lat' dir='ltr'><strong>quo</strong></span> <span class='ocrx_word' id='word_1_293' title='bbox 1429 1678 1550 1719; x_wconf 79' lang='lat' dir='ltr'><strong>Lydius</strong></span> <span class='ocrx_word' id='word_1_294' title='bbox 1572 1678 1673 1708; x_wconf 81' lang='lat' dir='ltr'><strong>intrat</strong></span> 
     </span>
    </p>
   </div>
   <div class='ocr_carea' id='block_1_9' title="bbox 872 1776 1015 1809">
    <p class='ocr_par' dir='ltr' id='par_1_11' title="bbox 872 1776 1015 1809">
     <span class='ocr_line' id='line_1_30' title="bbox 872 1776 1015 1809; baseline 0.007 -1"><span class='ocrx_word' id='word_1_295' title='bbox 872 1776 1015 1809; x_wconf 81' lang='lat' dir='ltr'>NOTAE</span> 
     </span>
    </p>
   </div>
   <div class='ocr_carea' id='block_1_10' title="bbox 209 1851 925 2812">
    <p class='ocr_par' dir='ltr' id='par_1_12' title="bbox 209 1851 916 1936">
     <span class='ocr_line' id='line_1_31' title="bbox 209 1851 916 1885; baseline 0.003 -2"><span class='ocrx_word' id='word_1_296' title='bbox 209 1852 288 1884; x_wconf 91' lang='lat' dir='ltr'><strong>culo</strong></span> <span class='ocrx_word' id='word_1_297' title='bbox 299 1851 484 1884; x_wconf 83' lang='lat' dir='ltr'>Hercules.</span> <span class='ocrx_word' id='word_1_298' title='bbox 529 1852 678 1885; x_wconf 84' lang='lat' dir='ltr'>Labores</span> <span class='ocrx_word' id='word_1_299' title='bbox 695 1855 810 1885; x_wconf 89' lang='lat' dir='ltr'>autem</span> <span class='ocrx_word' id='word_1_300' title='bbox 826 1851 916 1885; x_wconf 86' lang='lat' dir='ltr'>Her-</span> 
     </span>
     <span class='ocr_line' id='line_1_32' title="bbox 210 1903 667 1936; baseline 0.002 -2"><span class='ocrx_word' id='word_1_301' title='bbox 210 1903 295 1934; x_wconf 91' lang='lat' dir='ltr'><strong>culis</strong></span> <span class='ocrx_word' id='word_1_302' title='bbox 310 1903 469 1935; x_wconf 86' lang='lat' dir='ltr'><strong>omnibus</strong></span> <span class='ocrx_word' id='word_1_303' title='bbox 484 1903 667 1936; x_wconf 87' lang='lat' dir='ltr'><strong>notissimi.</strong></span> 
     </span>
    </p>

    <p class='ocr_par' dir='ltr' id='par_1_13' title="bbox 210 1953 919 2200">
     <span class='ocr_line' id='line_1_33' title="bbox 253 1953 919 1996; baseline -0.002 -11"><span class='ocrx_word' id='word_1_304' title='bbox 253 1957 296 1985; x_wconf 87' lang='grc'><strong>58</strong></span> <span class='ocrx_word' id='word_1_305' title='bbox 327 1954 397 1985; x_wconf 80' lang='lat' dir='ltr'><strong>Nec</strong></span> <span class='ocrx_word' id='word_1_306' title='bbox 433 1953 557 1986; x_wconf 80' lang='lat' dir='ltr'><strong>erubuit</strong></span> <span class='ocrx_word' id='word_1_307' title='bbox 586 1954 777 1994; x_wconf 79' lang='lat' dir='ltr'><strong>famulantis</strong></span> <span class='ocrx_word' id='word_1_308' title='bbox 803 1954 919 1996; x_wconf 76' lang='lat' dir='ltr'><strong>fistula</strong></span> 
     </span>
     <span class='ocr_line' id='line_1_34' title="bbox 210 2004 918 2046; baseline -0.001 -10"><span class='ocrx_word' id='word_1_309' title='bbox 210 2004 341 2045; x_wconf 73' lang='lat' dir='ltr'><strong>Phoebi]</strong></span> <span class='ocrx_word' id='word_1_310' title='bbox 361 2004 511 2036; x_wconf 79' lang='lat' dir='ltr'>Phoebus</span> <span class='ocrx_word' id='word_1_311' title='bbox 535 2004 626 2036; x_wconf 90' lang='lat' dir='ltr'><strong>enim</strong></span> <span class='ocrx_word' id='word_1_312' title='bbox 640 2014 699 2036; x_wconf 90' lang='lat' dir='ltr'><strong>seu</strong></span> <span class='ocrx_word' id='word_1_313' title='bbox 714 2005 842 2046; x_wconf 88' lang='lat' dir='ltr'><strong>Apollo</strong></span> <span class='ocrx_word' id='word_1_314' title='bbox 858 2014 918 2045; x_wconf 88' lang='lat' dir='ltr'><strong>pa-</strong></span> 
     </span>
     <span class='ocr_line' id='line_1_35' title="bbox 210 2054 919 2096; baseline -0.001 -9"><span class='ocrx_word' id='word_1_315' title='bbox 210 2055 262 2087; x_wconf 83' lang='lat' dir='ltr'><strong>vit</strong></span> <span class='ocrx_word' id='word_1_316' title='bbox 281 2059 438 2087; x_wconf 81' lang='lat' dir='ltr'>armenta</span> <span class='ocrx_word' id='word_1_317' title='bbox 461 2055 553 2096; x_wconf 84' lang='lat' dir='ltr'><strong>regis</strong></span> <span class='ocrx_word' id='word_1_318' title='bbox 577 2054 730 2087; x_wconf 88' lang='lat' dir='ltr'><strong>Admeti.</strong></span> <span class='ocrx_word' id='word_1_319' title='bbox 779 2056 919 2096; x_wconf 75' lang='lat' dir='ltr'><strong>Fistula]</strong></span> 
     </span>
     <span class='ocr_line' id='line_1_36' title="bbox 211 2105 919 2149; baseline 0 -12"><span class='ocrx_word' id='word_1_320' title='bbox 211 2106 343 2138; x_wconf 79' lang='lat' dir='ltr'><strong>Fistula</strong></span> <span class='ocrx_word' id='word_1_321' title='bbox 358 2106 499 2149; x_wconf 84' lang='lat' dir='ltr'><strong>propria</strong></span> <span class='ocrx_word' id='word_1_322' title='bbox 511 2111 699 2147; x_wconf 83' lang='lat' dir='ltr'><strong>pastorum.</strong></span> <span class='ocrx_word' id='word_1_323' title='bbox 733 2105 828 2138; x_wconf 83' lang='lat' dir='ltr'><strong>Alias</strong></span> <span class='ocrx_word' id='word_1_324' title='bbox 844 2106 919 2148; x_wconf 86' lang='lat' dir='ltr'><strong>ipse</strong></span> 
     </span>
     <span class='ocr_line' id='line_1_37' title="bbox 213 2157 691 2200; baseline -0.002 -10"><span class='ocrx_word' id='word_1_325' title='bbox 213 2158 338 2200; x_wconf 86' lang='lat' dir='ltr'><strong>Apollo</strong></span> <span class='ocrx_word' id='word_1_326' title='bbox 353 2158 502 2190; x_wconf 83' lang='lat' dir='ltr'><strong>musices</strong></span> <span class='ocrx_word' id='word_1_327' title='bbox 519 2157 691 2190; x_wconf 87' lang='lat' dir='ltr'><strong>inventor.</strong></span> 
     </span>
    </p>

    <p class='ocr_par' dir='ltr' id='par_1_14' title="bbox 212 2207 921 2445">
     <span class='ocr_line' id='line_1_38' title="bbox 254 2207 919 2248; baseline -0.002 -8"><span class='ocrx_word' id='word_1_328' title='bbox 254 2211 297 2240; x_wconf 90' lang='grc'><strong>59</strong></span> <span class='ocrx_word' id='word_1_329' title='bbox 321 2208 505 2240; x_wconf 72' lang='lat' dir='ltr'><strong>Bar-baricis</strong></span> <span class='ocrx_word' id='word_1_330' title='bbox 529 2208 568 2239; x_wconf 80' lang='lat' dir='ltr'><strong>ab</strong></span> <span class='ocrx_word' id='word_1_331' title='bbox 589 2207 669 2248; x_wconf 78' lang='lat' dir='ltr'><strong>oris]</strong></span> <span class='ocrx_word' id='word_1_332' title='bbox 692 2208 784 2242; x_wconf 82' lang='lat' dir='ltr'><strong>Quia</strong></span> <span class='ocrx_word' id='word_1_333' title='bbox 806 2207 919 2248; x_wconf 86' lang='lat' dir='ltr'>Smyr-</span> 
     </span>
     <span class='ocr_line' id='line_1_39' title="bbox 212 2259 921 2300; baseline 0 -10"><span class='ocrx_word' id='word_1_334' title='bbox 212 2269 271 2299; x_wconf 88' lang='lat' dir='ltr'><strong>na,</strong></span> <span class='ocrx_word' id='word_1_335' title='bbox 300 2263 339 2291; x_wconf 90' lang='lat' dir='ltr'><strong>ut</strong></span> <span class='ocrx_word' id='word_1_336' title='bbox 365 2269 464 2290; x_wconf 84' lang='lat' dir='ltr'>versu</span> <span class='ocrx_word' id='word_1_337' title='bbox 496 2260 654 2300; x_wconf 85' lang='lat' dir='ltr'><strong>sequenti</strong></span> <span class='ocrx_word' id='word_1_338' title='bbox 677 2259 817 2300; x_wconf 88' lang='lat' dir='ltr'><strong>dicitur,</strong></span> <span class='ocrx_word' id='word_1_339' title='bbox 844 2262 921 2290; x_wconf 87' lang='lat' dir='ltr'>erat</span> 
     </span>
     <span class='ocr_line' id='line_1_40' title="bbox 213 2310 919 2351; baseline 0 -9"><span class='ocrx_word' id='word_1_340' title='bbox 213 2310 327 2351; x_wconf 84' lang='lat' dir='ltr'><strong>patria</strong></span> <span class='ocrx_word' id='word_1_341' title='bbox 340 2310 492 2348; x_wconf 86' lang='lat' dir='ltr'><strong>Etrusci,</strong></span> <span class='ocrx_word' id='word_1_342' title='bbox 504 2314 540 2342; x_wconf 89' lang='lat' dir='ltr'><strong>et</strong></span> <span class='ocrx_word' id='word_1_343' title='bbox 555 2310 688 2342; x_wconf 86' lang='lat' dir='ltr'><strong>colonia</strong></span> <span class='ocrx_word' id='word_1_344' title='bbox 702 2310 919 2343; x_wconf 84' lang='lat' dir='ltr'>Graeeorum.</span> 
     </span>
     <span class='ocr_line' id='line_1_41' title="bbox 213 2361 920 2402; baseline -0.001 -9"><span class='ocrx_word' id='word_1_345' title='bbox 213 2361 358 2393; x_wconf 84' lang='lat' dir='ltr'><strong>Romani</strong></span> <span class='ocrx_word' id='word_1_346' title='bbox 373 2366 487 2394; x_wconf 85' lang='lat' dir='ltr'>autem</span> <span class='ocrx_word' id='word_1_347' title='bbox 503 2361 659 2402; x_wconf 85' lang='lat' dir='ltr'>Graecos,</span> <span class='ocrx_word' id='word_1_348' title='bbox 676 2361 837 2393; x_wconf 78' lang='lat' dir='ltr'>barbaros</span> <span class='ocrx_word' id='word_1_349' title='bbox 853 2370 920 2393; x_wconf 88' lang='lat' dir='ltr'><strong>non</strong></span> 
     </span>
     <span class='ocr_line' id='line_1_42' title="bbox 213 2413 399 2445; baseline 0 -1"><span class='ocrx_word' id='word_1_350' title='bbox 213 2413 399 2445; x_wconf 84' lang='lat' dir='ltr'><strong>vocabant.</strong></span> 
     </span>
    </p>

    <p class='ocr_par' dir='ltr' id='par_1_15' title="bbox 213 2463 925 2812">
     <span class='ocr_line' id='line_1_43' title="bbox 257 2463 919 2505; baseline -0.002 -10"><span class='ocrx_word' id='word_1_351' title='bbox 257 2466 300 2495; x_wconf 85' lang='lat'><strong>60</strong></span> <span class='ocrx_word' id='word_1_352' title='bbox 329 2463 482 2505; x_wconf 83' lang='lat' dir='ltr'>Smyrna]</span> <span class='ocrx_word' id='word_1_353' title='bbox 517 2463 675 2505; x_wconf 82' lang='lat' dir='ltr'>Smyrna,</span> <span class='ocrx_word' id='word_1_354' title='bbox 706 2463 788 2495; x_wconf 89' lang='lat' dir='ltr'><strong>urbs</strong></span> <span class='ocrx_word' id='word_1_355' title='bbox 812 2463 919 2495; x_wconf 82' lang='lat' dir='ltr'><strong>Ioniae</strong></span> 
     </span>
     <span class='ocr_line' id='line_1_44' title="bbox 213 2515 921 2556; baseline -0.003 -8"><span class='ocrx_word' id='word_1_356' title='bbox 213 2515 348 2548; x_wconf 82' lang='lat' dir='ltr'>Melete</span> <span class='ocrx_word' id='word_1_357' title='bbox 372 2524 472 2546; x_wconf 85' lang='lat' dir='ltr'>amne</span> <span class='ocrx_word' id='word_1_358' title='bbox 509 2515 667 2556; x_wconf 82' lang='lat' dir='ltr'><strong>irrigata,</strong></span> <span class='ocrx_word' id='word_1_359' title='bbox 697 2515 855 2554; x_wconf 87' lang='lat' dir='ltr'><strong>Homeri,</strong></span> <span class='ocrx_word' id='word_1_360' title='bbox 882 2519 921 2546; x_wconf 89' lang='lat' dir='ltr'><strong>ut</strong></span> 
     </span>
     <span class='ocr_line' id='line_1_45' title="bbox 215 2564 921 2608; baseline -0.003 -10"><span class='ocrx_word' id='word_1_361' title='bbox 215 2567 318 2608; x_wconf 85' lang='lat' dir='ltr'><strong>vulgo</strong></span> <span class='ocrx_word' id='word_1_362' title='bbox 340 2564 509 2604; x_wconf 86' lang='lat' dir='ltr'><strong>creditur,</strong></span> <span class='ocrx_word' id='word_1_363' title='bbox 533 2567 659 2606; x_wconf 85' lang='lat' dir='ltr'><strong>patria.</strong></span> <span class='ocrx_word' id='word_1_364' title='bbox 702 2565 848 2597; x_wconf 81' lang='lat' dir='ltr'><strong>Variant</strong></span> <span class='ocrx_word' id='word_1_365' title='bbox 877 2565 921 2596; x_wconf 90' lang='lat' dir='ltr'><strong>de</strong></span> 
     </span>
     <span class='ocr_line' id='line_1_46' title="bbox 215 2615 921 2658; baseline -0.003 -9"><span class='ocrx_word' id='word_1_366' title='bbox 215 2616 417 2650; x_wconf 85' lang='lat' dir='ltr'><strong>conditore:</strong></span> <span class='ocrx_word' id='word_1_367' title='bbox 456 2615 548 2658; x_wconf 90' lang='lat' dir='ltr'><strong>quod</strong></span> <span class='ocrx_word' id='word_1_368' title='bbox 585 2621 685 2657; x_wconf 87' lang='lat' dir='ltr'><strong>patet</strong></span> <span class='ocrx_word' id='word_1_369' title='bbox 723 2626 766 2647; x_wconf 85' lang='lat' dir='ltr'><strong>ex</strong></span> <span class='ocrx_word' id='word_1_370' title='bbox 801 2615 921 2647; x_wconf 80' lang='lat' dir='ltr'><strong>Tacito</strong></span> 
     </span>
     <span class='ocr_line' id='line_1_47' title="bbox 216 2665 921 2707; baseline -0.004 -7"><span class='ocrx_word' id='word_1_371' title='bbox 216 2667 307 2700; x_wconf 89' lang='lat' dir='ltr'>Anu.</span> <span class='ocrx_word' id='word_1_372' title='bbox 319 2676 373 2700; x_wconf 75' lang='lat' dir='ltr'><strong>iv.</strong></span> <span class='ocrx_word' id='word_1_373' title='bbox 416 2665 486 2698; x_wconf 83' lang='lat' dir='ltr'><strong>‘At</strong></span> <span class='ocrx_word' id='word_1_374' title='bbox 501 2665 696 2707; x_wconf 79' lang='lat' dir='ltr'><strong>Smyrnaei,’</strong></span> <span class='ocrx_word' id='word_1_375' title='bbox 719 2666 780 2706; x_wconf 89' lang='lat' dir='ltr'><strong>ait,</strong></span> <span class='ocrx_word' id='word_1_376' title='bbox 798 2666 808 2683; x_wconf 90' lang='lat'>‘</span> <span class='ocrx_word' id='word_1_377' title='bbox 822 2674 921 2706; x_wconf 88' lang='lat' dir='ltr'>repe·</span> 
     </span>
     <span class='ocr_line' id='line_1_48' title="bbox 214 2717 923 2758; baseline -0.003 -8"><span class='ocrx_word' id='word_1_378' title='bbox 214 2719 283 2751; x_wconf 79' lang='lat' dir='ltr'><strong>tita</strong></span> <span class='ocrx_word' id='word_1_379' title='bbox 297 2722 486 2758; x_wconf 82' lang='lat' dir='ltr'><strong>vetustate,</strong></span> <span class='ocrx_word' id='word_1_380' title='bbox 506 2727 566 2749; x_wconf 78' lang='lat' dir='ltr'><strong>sen</strong></span> <span class='ocrx_word' id='word_1_381' title='bbox 580 2718 744 2749; x_wconf 80' lang='lat' dir='ltr'><strong>Tantalus</strong></span> <span class='ocrx_word' id='word_1_382' title='bbox 758 2717 848 2750; x_wconf 86' lang='lat' dir='ltr'><strong>Jove</strong></span> <span class='ocrx_word' id='word_1_383' title='bbox 870 2726 923 2748; x_wconf 91' lang='lat' dir='ltr'><strong>or-</strong></span> 
     </span>
     <span class='ocr_line' id='line_1_49' title="bbox 217 2767 925 2812; baseline -0.006 -9"><span class='ocrx_word' id='word_1_384' title='bbox 217 2774 274 2804; x_wconf 79' lang='lat' dir='ltr'><strong>tus</strong></span> <span class='ocrx_word' id='word_1_385' title='bbox 289 2770 380 2812; x_wconf 90' lang='lat' dir='ltr'><strong>illos,</strong></span> <span class='ocrx_word' id='word_1_386' title='bbox 402 2770 475 2803; x_wconf 83' lang='lat' dir='ltr'><strong>sive</strong></span> <span class='ocrx_word' id='word_1_387' title='bbox 489 2768 642 2801; x_wconf 77' lang='lat' dir='ltr'>Theseus</span> <span class='ocrx_word' id='word_1_388' title='bbox 664 2772 702 2800; x_wconf 92' lang='lat' dir='ltr'><strong>et</strong></span> <span class='ocrx_word' id='word_1_389' title='bbox 717 2768 791 2810; x_wconf 87' lang='lat' dir='ltr'><strong>ipse</strong></span> <span class='ocrx_word' id='word_1_390' title='bbox 808 2767 925 2800; x_wconf 88' lang='lat' dir='ltr'><strong>divina</strong></span> 
     </span>
    </p>
   </div>
   <div class='ocr_carea' id='block_1_11' title="bbox 971 1850 1681 2652">
    <p class='ocr_par' dir='ltr' id='par_1_16' title="bbox 971 1850 1678 2199">
     <span class='ocr_line' id='line_1_50' title="bbox 972 1850 1676 1895; baseline -0.003 -11"><span class='ocrx_word' id='word_1_391' title='bbox 972 1852 1095 1895; x_wconf 81' lang='lat' dir='ltr'><strong>stirpe,</strong></span> <span class='ocrx_word' id='word_1_392' title='bbox 1108 1851 1181 1884; x_wconf 86' lang='lat' dir='ltr'><strong>sive</strong></span> <span class='ocrx_word' id='word_1_393' title='bbox 1193 1850 1403 1884; x_wconf 83' lang='lat' dir='ltr'>Amazonum</span> <span class='ocrx_word' id='word_1_394' title='bbox 1422 1861 1491 1883; x_wconf 85' lang='lat' dir='ltr'><strong>nna</strong></span> <span class='ocrx_word' id='word_1_395' title='bbox 1505 1851 1676 1884; x_wconf 79' lang='lat' dir='ltr'><strong>condidis-</strong></span> 
     </span>
     <span class='ocr_line' id='line_1_51' title="bbox 971 1902 1674 1936; baseline -0.004 -1"><span class='ocrx_word' id='word_1_396' title='bbox 971 1902 1050 1935; x_wconf 64' lang='lat' dir='ltr'><strong>set!</strong></span> <span class='ocrx_word' id='word_1_397' title='bbox 1098 1903 1252 1935; x_wconf 81' lang='lat' dir='ltr'><strong>Velleius</strong></span> <span class='ocrx_word' id='word_1_398' title='bbox 1281 1902 1340 1936; x_wconf 92' lang='lat' dir='ltr'><strong>lib.</strong></span> <span class='ocrx_word' id='word_1_399' title='bbox 1370 1912 1398 1934; x_wconf 87' lang='lat'><strong>1.</strong></span> <span class='ocrx_word' id='word_1_400' title='bbox 1420 1903 1468 1934; x_wconf 83' lang='lat' dir='ltr'><strong>ait</strong></span> <span class='ocrx_word' id='word_1_401' title='bbox 1493 1902 1536 1934; x_wconf 84' lang='lat' dir='ltr'><strong>ab</strong></span> <span class='ocrx_word' id='word_1_402' title='bbox 1570 1902 1674 1934; x_wconf 83' lang='lat' dir='ltr'><strong>AEolis</strong></span> 
     </span>
     <span class='ocr_line' id='line_1_52' title="bbox 971 1953 1676 1995; baseline -0.003 -9"><span class='ocrx_word' id='word_1_403' title='bbox 971 1954 1155 1986; x_wconf 70' lang='lat' dir='ltr'><strong>conditam.</strong></span> <span class='ocrx_word' id='word_1_404' title='bbox 1212 1954 1371 1995; x_wconf 80' lang='lat' dir='ltr'><strong>Potusque</strong></span> <span class='ocrx_word' id='word_1_405' title='bbox 1407 1954 1537 1985; x_wconf 73' lang='lat' dir='ltr'>verendo</span> <span class='ocrx_word' id='word_1_406' title='bbox 1575 1953 1676 1985; x_wconf 76' lang='lat' dir='ltr'><strong>Fonte</strong></span> 
     </span>
     <span class='ocr_line' id='line_1_53' title="bbox 972 2003 1678 2047; baseline -0.003 -10"><span class='ocrx_word' id='word_1_407' title='bbox 972 2005 1089 2047; x_wconf 78' lang='lat' dir='ltr'>Meles]</span> <span class='ocrx_word' id='word_1_408' title='bbox 1112 2005 1223 2036; x_wconf 85' lang='lat' dir='ltr'>Meles</span> <span class='ocrx_word' id='word_1_409' title='bbox 1233 2003 1356 2037; x_wconf 85' lang='lat' dir='ltr'><strong>fluvius</strong></span> <span class='ocrx_word' id='word_1_410' title='bbox 1368 2013 1476 2046; x_wconf 82' lang='lat' dir='ltr'>prope</span> <span class='ocrx_word' id='word_1_411' title='bbox 1487 2004 1678 2044; x_wconf 80' lang='lat' dir='ltr'>Smyrnam.</span> 
     </span>
     <span class='ocr_line' id='line_1_54' title="bbox 978 2056 1676 2098; baseline -0.004 -9"><span class='ocrx_word' id='word_1_412' title='bbox 978 2056 1132 2098; x_wconf 82' lang='lat' dir='ltr'>Verendo]</span> <span class='ocrx_word' id='word_1_413' title='bbox 1164 2057 1315 2098; x_wconf 89' lang='lat' dir='ltr'>Propter</span> <span class='ocrx_word' id='word_1_414' title='bbox 1344 2056 1547 2095; x_wconf 85' lang='lat' dir='ltr'>Homerum,</span> <span class='ocrx_word' id='word_1_415' title='bbox 1575 2064 1676 2097; x_wconf 89' lang='lat' dir='ltr'>quem</span> 
     </span>
     <span class='ocr_line' id='line_1_55' title="bbox 974 2106 1676 2149; baseline -0.001 -10"><span class='ocrx_word' id='word_1_416' title='bbox 974 2107 1018 2139; x_wconf 89' lang='lat' dir='ltr'><strong>ad</strong></span> <span class='ocrx_word' id='word_1_417' title='bbox 1029 2107 1129 2149; x_wconf 81' lang='lat' dir='ltr'><strong>hujus</strong></span> <span class='ocrx_word' id='word_1_418' title='bbox 1143 2106 1238 2139; x_wconf 85' lang='lat' dir='ltr'><strong>fluvii</strong></span> <span class='ocrx_word' id='word_1_419' title='bbox 1251 2107 1360 2149; x_wconf 85' lang='lat' dir='ltr'><strong>ripam</strong></span> <span class='ocrx_word' id='word_1_420' title='bbox 1373 2110 1491 2139; x_wconf 79' lang='lat' dir='ltr'><strong>natum</strong></span> <span class='ocrx_word' id='word_1_421' title='bbox 1507 2116 1583 2138; x_wconf 81' lang='lat' dir='ltr'>esse</span> <span class='ocrx_word' id='word_1_422' title='bbox 1600 2115 1676 2148; x_wconf 89' lang='lat' dir='ltr'><strong>per·</strong></span> 
     </span>
     <span class='ocr_line' id='line_1_56' title="bbox 971 2156 1534 2199; baseline 0 -11"><span class='ocrx_word' id='word_1_423' title='bbox 971 2157 1093 2190; x_wconf 87' lang='lat' dir='ltr'><strong>hibent</strong></span> <span class='ocrx_word' id='word_1_424' title='bbox 1106 2168 1116 2196; x_wconf 90' lang='lat'>;</span> <span class='ocrx_word' id='word_1_425' title='bbox 1139 2158 1194 2189; x_wconf 86' lang='lat' dir='ltr'><strong>vel</strong></span> <span class='ocrx_word' id='word_1_426' title='bbox 1211 2157 1291 2199; x_wconf 85' lang='lat' dir='ltr'><strong>quia</strong></span> <span class='ocrx_word' id='word_1_427' title='bbox 1305 2156 1418 2188; x_wconf 84' lang='lat' dir='ltr'><strong>fontes</strong></span> <span class='ocrx_word' id='word_1_428' title='bbox 1433 2157 1534 2189; x_wconf 88' lang='lat' dir='ltr'><strong>sacri.</strong></span> 
     </span>
    </p>

    <p class='ocr_par' dir='ltr' id='par_1_17' title="bbox 974 2206 1680 2443">
     <span class='ocr_line' id='line_1_57' title="bbox 1015 2206 1679 2250; baseline -0.003 -9"><span class='ocrx_word' id='word_1_429' title='bbox 1015 2212 1056 2241; x_wconf 84' lang='lat'><strong>61</strong></span> <span class='ocrx_word' id='word_1_430' title='bbox 1081 2207 1272 2250; x_wconf 78' lang='lat' dir='ltr'>Her-mique]</span> <span class='ocrx_word' id='word_1_431' title='bbox 1296 2208 1444 2239; x_wconf 82' lang='lat' dir='ltr'>Hermus</span> <span class='ocrx_word' id='word_1_432' title='bbox 1467 2206 1591 2239; x_wconf 86' lang='lat' dir='ltr'><strong>fluvius</strong></span> <span class='ocrx_word' id='word_1_433' title='bbox 1614 2207 1679 2248; x_wconf 77' lang='lat' dir='ltr'><strong>Ly-</strong></span> 
     </span>
     <span class='ocr_line' id='line_1_58' title="bbox 974 2258 1678 2300; baseline -0.003 -10"><span class='ocrx_word' id='word_1_434' title='bbox 974 2259 1054 2292; x_wconf 87' lang='lat' dir='ltr'><strong>diae.</strong></span> <span class='ocrx_word' id='word_1_435' title='bbox 1077 2259 1167 2290; x_wconf 90' lang='lat' dir='ltr'><strong>Vide</strong></span> <span class='ocrx_word' id='word_1_436' title='bbox 1182 2259 1297 2300; x_wconf 85' lang='lat' dir='ltr'><strong>Epith.</strong></span> <span class='ocrx_word' id='word_1_437' title='bbox 1311 2258 1432 2298; x_wconf 81' lang='lat' dir='ltr'><strong>Stella,</strong></span> <span class='ocrx_word' id='word_1_438' title='bbox 1446 2267 1495 2288; x_wconf 82' lang='lat' dir='ltr'><strong>vs.</strong></span> <span class='ocrx_word' id='word_1_439' title='bbox 1511 2259 1584 2290; x_wconf 85' lang='grc'><strong>127.</strong></span> <span class='ocrx_word' id='word_1_440' title='bbox 1609 2258 1678 2294; x_wconf 80' lang='lat' dir='ltr'><strong>Quo</strong></span> 
     </span>
     <span class='ocr_line' id='line_1_59' title="bbox 975 2308 1679 2352; baseline -0.004 -10"><span class='ocrx_word' id='word_1_441' title='bbox 975 2310 1095 2352; x_wconf 70' lang='lat' dir='ltr'><strong>Lydius</strong></span> <span class='ocrx_word' id='word_1_442' title='bbox 1109 2310 1211 2341; x_wconf 77' lang='lat' dir='ltr'><strong>intrat</strong></span> <span class='ocrx_word' id='word_1_443' title='bbox 1229 2309 1389 2350; x_wconf 70' lang='lat' dir='ltr'><strong>Bacchus]</strong></span> <span class='ocrx_word' id='word_1_444' title='bbox 1412 2309 1568 2340; x_wconf 76' lang='lat' dir='ltr'><strong>Bacchus</strong></span> <span class='ocrx_word' id='word_1_445' title='bbox 1583 2308 1679 2350; x_wconf 70' lang='lat' dir='ltr'><strong>Lydi-</strong></span> 
     </span>
     <span class='ocr_line' id='line_1_60' title="bbox 975 2359 1680 2402; baseline -0.001 -11"><span class='ocrx_word' id='word_1_446' title='bbox 975 2370 1012 2391; x_wconf 79' lang='lat' dir='ltr'><strong>us</strong></span> <span class='ocrx_word' id='word_1_447' title='bbox 1027 2360 1163 2401; x_wconf 90' lang='lat' dir='ltr'><strong>dicitur,</strong></span> <span class='ocrx_word' id='word_1_448' title='bbox 1178 2360 1258 2402; x_wconf 84' lang='lat' dir='ltr'><strong>qnia</strong></span> <span class='ocrx_word' id='word_1_449' title='bbox 1272 2359 1306 2391; x_wconf 90' lang='lat' dir='ltr'><strong>in</strong></span> <span class='ocrx_word' id='word_1_450' title='bbox 1322 2359 1430 2401; x_wconf 79' lang='lat' dir='ltr'><strong>Lydia</strong></span> <span class='ocrx_word' id='word_1_451' title='bbox 1447 2359 1607 2400; x_wconf 82' lang='lat' dir='ltr'><strong>religiose</strong></span> <span class='ocrx_word' id='word_1_452' title='bbox 1622 2368 1680 2391; x_wconf 88' lang='lat' dir='ltr'><strong>co-</strong></span> 
     </span>
     <span class='ocr_line' id='line_1_61' title="bbox 975 2411 1121 2443; baseline 0.007 -1"><span class='ocrx_word' id='word_1_453' title='bbox 975 2411 1121 2443; x_wconf 84' lang='lat' dir='ltr'><strong>lebatur.</strong></span> 
     </span>
    </p>

    <p class='ocr_par' dir='ltr' id='par_1_18' title="bbox 975 2459 1681 2652">
     <span class='ocr_line' id='line_1_62' title="bbox 1010 2459 1679 2502; baseline -0.003 -8"><span class='ocrx_word' id='word_1_454' title='bbox 1010 2465 1052 2494; x_wconf 88' lang='grc'><strong>62</strong></span> <span class='ocrx_word' id='word_1_455' title='bbox 1071 2462 1115 2494; x_wconf 81' lang='lat' dir='ltr'><strong>Ee</strong></span> <span class='ocrx_word' id='word_1_456' title='bbox 1126 2464 1238 2493; x_wconf 78' lang='lat' dir='ltr'><strong>aurato</strong></span> <span class='ocrx_word' id='word_1_457' title='bbox 1252 2460 1343 2502; x_wconf 77' lang='lat' dir='ltr'><strong>limo]</strong></span> <span class='ocrx_word' id='word_1_458' title='bbox 1357 2460 1505 2492; x_wconf 86' lang='lat' dir='ltr'>Hermus</span> <span class='ocrx_word' id='word_1_459' title='bbox 1517 2459 1606 2491; x_wconf 87' lang='lat' dir='ltr'><strong>enim</strong></span> <span class='ocrx_word' id='word_1_460' title='bbox 1619 2469 1679 2492; x_wconf 82' lang='lat' dir='ltr'><strong>an·</strong></span> 
     </span>
     <span class='ocr_line' id='line_1_63' title="bbox 975 2510 1677 2553; baseline -0.003 -9"><span class='ocrx_word' id='word_1_461' title='bbox 975 2522 1050 2545; x_wconf 85' lang='lat' dir='ltr'>reas</span> <span class='ocrx_word' id='word_1_462' title='bbox 1066 2521 1187 2544; x_wconf 84' lang='lat' dir='ltr'>arenas</span> <span class='ocrx_word' id='word_1_463' title='bbox 1200 2512 1339 2543; x_wconf 88' lang='lat' dir='ltr'>volvere</span> <span class='ocrx_word' id='word_1_464' title='bbox 1354 2511 1513 2543; x_wconf 84' lang='lat' dir='ltr'><strong>traditur.</strong></span> <span class='ocrx_word' id='word_1_465' title='bbox 1560 2510 1677 2553; x_wconf 65' lang='lat' dir='ltr'><strong>Rqficit</strong></span> 
     </span>
     <span class='ocr_line' id='line_1_64' title="bbox 975 2560 1678 2602; baseline -0.006 -7"><span class='ocrx_word' id='word_1_466' title='bbox 975 2573 1030 2595; x_wconf 76' lang='lat' dir='ltr'><strong>ma</strong></span> <span class='ocrx_word' id='word_1_467' title='bbox 1045 2562 1174 2602; x_wconf 80' lang='lat' dir='ltr'>cornua]</span> <span class='ocrx_word' id='word_1_468' title='bbox 1189 2561 1364 2593; x_wconf 89' lang='lat' dir='ltr'><strong>Diodorus</strong></span> <span class='ocrx_word' id='word_1_469' title='bbox 1380 2560 1516 2593; x_wconf 85' lang='lat' dir='ltr'><strong>Siculus</strong></span> <span class='ocrx_word' id='word_1_470' title='bbox 1541 2560 1616 2592; x_wconf 80' lang='lat' dir='ltr'><strong>haec</strong></span> <span class='ocrx_word' id='word_1_471' title='bbox 1634 2561 1678 2592; x_wconf 92' lang='lat' dir='ltr'><strong>de</strong></span> 
     </span>
     <span class='ocr_line' id='line_1_65' title="bbox 975 2611 1681 2652; baseline -0.001 -7"><span class='ocrx_word' id='word_1_472' title='bbox 975 2614 1116 2646; x_wconf 84' lang='lat' dir='ltr'>Baccho</span> <span class='ocrx_word' id='word_1_473' title='bbox 1127 2612 1248 2644; x_wconf 83' lang='lat' dir='ltr'>refert.</span> <span class='ocrx_word' id='word_1_474' title='bbox 1274 2612 1362 2644; x_wconf 88' lang='lat' dir='ltr'><strong>Sunt</strong></span> <span class='ocrx_word' id='word_1_475' title='bbox 1371 2611 1429 2652; x_wconf 86' lang='lat' dir='ltr'><strong>qui</strong></span> <span class='ocrx_word' id='word_1_476' title='bbox 1441 2611 1558 2644; x_wconf 85' lang='lat' dir='ltr'><strong>dicant</strong></span> <span class='ocrx_word' id='word_1_477' title='bbox 1573 2612 1681 2644; x_wconf 87' lang='lat' dir='ltr'>Ham-</span> 
     </span>
    </p>
   </div>
   <div class='ocr_carea' id='block_1_12' title="bbox 974 2655 1731 2705">
    <p class='ocr_par' dir='ltr' id='par_1_19' title="bbox 974 2655 1731 2705">
     <span class='ocr_line' id='line_1_66' title="bbox 974 2655 1731 2705; baseline -0.001 -8"><span class='ocrx_word' id='word_1_478' title='bbox 974 2674 1108 2697; x_wconf 85' lang='lat' dir='ltr'>monem</span> <span class='ocrx_word' id='word_1_479' title='bbox 1124 2673 1228 2705; x_wconf 80' lang='lat' dir='ltr'><strong>parva</strong></span> <span class='ocrx_word' id='word_1_480' title='bbox 1242 2663 1400 2694; x_wconf 84' lang='lat' dir='ltr'><strong>habuisse</strong></span> <span class='ocrx_word' id='word_1_481' title='bbox 1416 2671 1544 2694; x_wconf 87' lang='lat' dir='ltr'>cornua</span> <span class='ocrx_word' id='word_1_482' title='bbox 1558 2668 1680 2696; x_wconf 80' lang='lat' dir='ltr'><strong>natura</strong></span> <span class='ocrx_word' id='word_1_483' title='bbox 1728 2655 1731 2658; x_wconf 50' lang='grc'>’</span> 
     </span>
    </p>
   </div>
   <div class='ocr_carea' id='block_1_13' title="bbox 978 2712 1678 2807">
    <p class='ocr_par' dir='ltr' id='par_1_20' title="bbox 978 2712 1678 2807">
     <span class='ocr_line' id='line_1_67' title="bbox 978 2712 1678 2756; baseline -0.001 -9"><span class='ocrx_word' id='word_1_484' title='bbox 978 2716 1012 2747; x_wconf 91' lang='lat' dir='ltr'><strong>in</strong></span> <span class='ocrx_word' id='word_1_485' title='bbox 1023 2720 1169 2756; x_wconf 88' lang='lat' dir='ltr'><strong>utroque</strong></span> <span class='ocrx_word' id='word_1_486' title='bbox 1182 2719 1354 2755; x_wconf 88' lang='lat' dir='ltr'>tempore:</span> <span class='ocrx_word' id='word_1_487' title='bbox 1380 2712 1459 2745; x_wconf 88' lang='lat' dir='ltr'><strong>ideo</strong></span> <span class='ocrx_word' id='word_1_488' title='bbox 1473 2713 1579 2745; x_wconf 83' lang='lat' dir='ltr'><strong>filium</strong></span> <span class='ocrx_word' id='word_1_489' title='bbox 1594 2714 1678 2756; x_wconf 78' lang='lat' dir='ltr'>ejus,</span> 
     </span>
     <span class='ocr_line' id='line_1_68' title="bbox 978 2763 1678 2807; baseline -0.003 -9"><span class='ocrx_word' id='word_1_490' title='bbox 978 2765 1179 2807; x_wconf 85' lang='lat' dir='ltr'><strong>Dionysium</strong></span> <span class='ocrx_word' id='word_1_491' title='bbox 1197 2774 1257 2797; x_wconf 80' lang='lat' dir='ltr'><strong>seu</strong></span> <span class='ocrx_word' id='word_1_492' title='bbox 1275 2763 1449 2797; x_wconf 82' lang='lat' dir='ltr'>Bacchum</span> <span class='ocrx_word' id='word_1_493' title='bbox 1466 2763 1584 2796; x_wconf 85' lang='lat' dir='ltr'>eadem</span> <span class='ocrx_word' id='word_1_494' title='bbox 1598 2763 1678 2796; x_wconf 80' lang='lat' dir='ltr'><strong>fuis-</strong></span> 
     </span>
    </p>
   </div>
  </div>
 </body>
</html>
