1800 3060
582 209 858 245 svuvmzmu
894 207 988 238 Lm.
1021 206 1073 236 ιι.
1095 195 1136 236 1.
1494 188 1578 231 207

123 313 285 358 Exedit
305 309 473 366 puerile
493 307 651 356 decus,
673 313 914 356 manesque
945 299 1115 342 subivit
1493 281 1599 336 155'

123 380 304 434 Integer,
326 384 373 420 et
392 377 512 419 nullo
533 376 768 416 temeratus
790 381 978 422 corpora
997 367 1176 414 damno,

129 447 290 498 Qualis
308 449 414 487 erat.
469 442 593 495 Quid
613 453 695 494 ego
713 436 950 491 exequia8‚
971 440 1018 476 et
1037 433 1226 488 prodiga
1244 430 1436 473 flammis

133 515 267 557 Dona
284 515 454 568 loquar,
475 502 729 566 moestoque
749 505 955 548 ardentia
974 503 1130 545 funera
1148 503 1255 544 luxu
1271 502 1291 542 ‘l

135 582 267 635 Quod
287 581 368 623 tibi
387 590 609 635 purpureo
629 575 770 618 tristis
790 579 916 615 torus
937 584 1097 626 aggere
1119 570 1282 611 crevit:

134 649 266 702 Quod
286 648 476 690 Cilicum
496 646 640 695 flores,
659 641 780 698 quod
798 652 979 683 munera
997 638 1208 693 graminis
1231 636 1351 686 Indi,
1496 634 1582 677 160

131 771 211 812 quod
225 770 346 811 integer
359 767 444 800 subit
461 766 594 806 Inferna,
609 768 640 797 et
654 762 757 806 qualit
770 764 852 801 erat,
872 769 997 801 corpore
1018 760 1103 791 nullo
1124 757 1312 790 detrimento
1327 755 1452 798 affecto.
1500 755 1587 791 Quia

131 821 189 852 ego
201 812 303 844 dicam
315 814 499 852 apparatum
514 808 656 847 funeri-r,
681 817 717 838 ac
740 805 821 836 dona
845 802 973 844 profusa
997 803 1031 834 in
1055 802 1173 841 ignem,
1198 804 1228 831 et
1243 801 1391 840 exequias
1406 798 1587 839 flagrantes

133 854 220 887 trini
233 852 334 886 luxu?
357 855 447 890 Quod
468 854 576 884 moeseu
594 860 674 892 pyra
695 848 754 879 tibi
769 846 907 886 mur-git
925 846 1092 887 purpureis
1106 844 1278 884 serug-ulis.-
1299 843 1380 883 quod
1389 841 1491 883 floreo
1507 840 1589 871 Cili-

963 939 982 952 O

135 1014 248 1053 gutum
261 1008 442 1041 lectionem
454 1005 590 1038 minime
600 1003 795 1036 mutandam
806 1002 908 1034 docet
918 999 1202 1032 Barthius.—-l59
1218 997 1320 1030 Aldd.
1335 997 1444 1030 Colin.
1457 996 1591 1037 Grypli.

137 1054 239 1086 tristis
251 1061 347 1092 rogan

357 1061 369 1088 ,·
384 1049 460 1082 cod.
476 1050 555 1080 Seu.
571 1057 647 1079 cum
663 1047 802 1078 Venett.
819 1046 934 1076 Parm.
949 1049 984 1075 et
1003 1043 1096 1074 Rom.
1113 1042 1216 1072 tristis
1229 1045 1328 1079 torus,
1343 1045 1484 1071 notante
1502 1039 1594 1071 Gro-

138 1096 238 1133 novio
262 1094 373 1126 Diatr.
398 1102 476 1134 cap.
500 1094 552 1123 17.
576 1096 613 1122 et
639 1089 794 1120 firmante
819 1088 906 1118 banc
933 1087 1114 1118 lectionem
1139 1085 1214 1115 loco
1239 1084 1346 1115 Theb.
1374 1092 1424 1114 vi.
1451 1084 1592 1113 54—69.

140 1138 196 1171 cui
221 1137 327 1170 addas
346 1137 428 1168 ticet
453 1144 487 1166 v.
515 1134 606 1174 Sylv.
622 1135 653 1164 1.
669 1134 746 1164 214.
791 1129 895 1163 ovid.
914 1129 1001 1161 Met.
1019 1136 1072 1159 tx.
1087 1129 1163 1159 502.
1180 1132 1215 1158 et
1229 1126 1381 1158 Martial.
1396 1134 1479 1156 vm.
1494 1127 1594 1156 44.—

787 1224 933 1258 NOTAE

144 1305 287 1339 corpore
322 1294 495 1337 Polynicis
532 1292 700 1334 conjugis,
726 1291 843 1324 excla-

144 1352 235 1381 mat:
256 1347 268 1366 ‘
282 1345 351 1379 sed
369 1346 456 1378 benc
469 1343 589 1383 habet,
601 1341 724 1384 Superi
737 1351 747 1381 ;
769 1350 843 1382 grn-

146 1402 219 1432 tum
242 1403 308 1439 est,
321 1398 495 1434 Fortun„
518 1400 658 1436 peracta
681 1398 734 1425 est
757 1393 844 1434 Spes

146 1448 331 1490 longinqua
355 1447 443 1479 vite:
467 1449 556 1478 totos
580 1444 772 1477 invenimus
795 1453 846 1475 ar·

148 1499 227 1532 tus!

149 1544 152 1546 ’
192 1552 254 1581 1⁵⁵
285 1548 455 1587 Manesque
488 1545 604 1577 abivit
640 1544 781 1583 Integer,
817 1546 850 1575 et

149 1601 233 1632 uuo
257 1601 424 1631 teneram
445 1605 574 1637 corpora
601 1594 728 1635 damno]
753 1595 850 1626 Bene

152 1651 208 1692 agi
221 1659 297 1683 cum
320 1647 543 1681 morientibus
554 1645 742 1678 credebant
757 1650 851 1676 vete·

153 1711 221 1741 reo,
235 1700 316 1732 dum
331 1700 466 1739 integro
478 1705 633 1739 corpore,
647 1696 681 1727 id
703 1700 769 1735 est,
785 1704 852 1726 non

153 1752 309 1785 mutilato
328 1755 388 1782 ant
410 1753 580 1784 truncato,
594 1747 754 1788 nullaque
776 1747 854 1778 labe

155 1801 293 1840 affecto,
329 1810 374 1833 ex
409 1799 472 1831 hnc
508 1798 579 1830 vita
613 1796 852 1829 discederent:

154 1862 233 1885 nam
244 1850 388 1884 eandem
402 1849 556 1885 formam,
570 1847 783 1888 eundemque
798 1847 855 1877 ha-

155 1903 265 1936 bitum
279 1901 431 1943 eorporis
446 1899 597 1932 retinere
618 1902 770 1930 mortuos
794 1907 856 1938 pn-

158 1953 291 1993 tabant,
313 1960 412 1993 quem
434 1949 621 1988 habebant,
647 1957 724 1979 cum
746 1956 857 1979 more-

161 2006 289 2035 rentur.
331 2001 387 2033 Ad
401 2001 491 2032 hunc
514 2008 641 2030 morem
668 1997 859 2038 respexisse

160 2052 336 2087 juvenatis
358 2051 506 2090 videtur,
523 2059 599 2081 cum
631 2047 760 2080 deflens
788 2057 858 2078 sor-

162 2107 233 2136 tem
244 2100 474 2143 Pompeii,cni
490 2099 608 2131 cervix
620 2097 770 2129 abscissa
783 2095 857 2128 fue-

165 2157 232 2193 rat,
245 2153 295 2184 sic
309 2151 479 2193 loquitur:
501 2151 513 2167 ‘
530 2149 640 2189 Igitur
658 2147 794 2179 fortuna
809 2147 860 2187 ip-

165 2202 237 2235 sius
260 2206 297 2234 et
317 2200 409 2232 urbis
433 2200 614 2231 Servatum
639 2197 732 2229 victo
757 2201 863 2238 caput

167 2251 332 2286 abstulit:
357 2251 420 2282 hoc
444 2249 598 2281 cruciatu
614 2247 790 2286 Lentulus,
801 2247 864 2279 hac

167 2311 270 2344 poenu
282 2301 404 2340 caruit,
414 2298 606 2340 ceciditque
620 2297 794 2338 Cethegus
808 2296 866 2328 ln—

171 2357 280 2394 teger,
307 2356 346 2382 et
374 2349 489 2391 jacuit
519 2347 668 2380 Catilina
697 2346 867 2378 cadavere

170 2401 270 2434 toto!

190 2459 198 2465 ·
213 2454 274 2485 15¹1
298 2450 412 2488 Qualis
423 2450 506 2492 emt]
527 2448 568 2481 Id
582 2453 648 2488 est,
663 2448 784 2480 eadem
799 2446 867 2479 for-

171 2511 240 2542 m,
275 2501 398 2533 eodem
430 2500 560 2539 habitu,
591 2498 676 2530 nihil
703 2502 868 2529 mutatus.

173 2553 230 2584 Sic
248 2551 356 2584 'nieb-
381 2560 431 2583 lv.
457 2549 501 2581 de
528 2549 692 2581 Atalanta
713 2549 869 2589 loquens,

175 2611 252 2644 quie
273 2601 377 2633 filium
395 2600 438 2632 ad
462 2599 588 2632 bellum
616 2597 789 2640 proficisci
812 2607 869 2627 au-

176 2650 285 2684 diem
296 2663 307 2684 ε
327 2653 339 2670 ‘
355 2650 456 2692 Fugit
471 2650 585 2692 sylvas
603 2648 774 2690 pernicior
789 2648 872 2679 alite

177 2709 292 2745 vento,
305 2705 424 2738 Qualis
438 2703 536 2736 erat.⁹
566 2702 664 2735 Idem
680 2702 772 2734 valet
793 2701 872 2732 huic

182 2755 350 2787 nimillima
362 2754 508 2787 locutioz
529 2753 540 2771 ‘
556 2752 653 2785 Sicut
669 2751 765 2784 erat.'
801 2751 875 2782 Sta-

898 1289 963 1321 tius
971 1287 1083 1320 Theb.
1096 1296 1160 1319 vn.
1170 1286 1213 1318 de
1223 1284 1428 1327 Amphiarao
1438 1285 1599 1326 loquens:

897 1341 908 1358 ‘
924 1340 1002 1372 Non
1014 1348 1109 1370 arma
1120 1346 1233 1374 manu,
1245 1345 1310 1367 nou
1322 1334 1434 1367 fraeua
1449 1333 1578 1365 remisit
1592 1344 1600 1364 :

899 1391 997 1423 Sicut
1024 1393 1113 1430 erat,
1142 1392 1232 1420 totos
1256 1385 1372 1418 defert
1395 1386 1429 1416 in
1457 1385 1603 1416 Tartara

899 1439 1042 1473 currus!

946 1495 1006 1524 158
1029 1492 1143 1523 Moesto
1152 1491 1242 1532 luxu]
1263 1487 1379 1521 Infra:
1396 1489 1406 1506 ‘
1420 1486 1525 1528 Cupit
1535 1495 1605 1518 om·

902 1544 958 1575 nia
980 1542 1073 1574 ferre
1099 1541 1282 1581 Prodigus,
1299 1544 1335 1571 et
1363 1543 1454 1570 totos
1481 1537 1608 1569 Melior

903 1593 1114 1627 succendere
1128 1589 1275 1622 census!

947 1645 1010 1675 159
1034 1642 1125 1678 Quod
1138 1641 1197 1671 tibi
1210 1649 1368 1681 purpureo
1383 1636 1515 1678 aggere]
1538 1636 1609 1676 Ag-

902 1704 962 1735 ger
975 1694 1029 1725 hic
1042 1701 1223 1734 purpureus,
1235 1695 1289 1722 est
1302 1689 1455 1721 cumulus
1466 1687 1610 1718 vestium

906 1743 1067 1786 purpurei
1098 1741 1236 1779 coloris,
1265 1749 1340 1781 quae
1368 1737 1612 1778 injiciebantur

908 1795 1010 1835 rogis.
1043 1793 1102 1825 Sic
1125 1791 1233 1822 Theb.
1249 1799 1298 1821 vr.
1339 1789 1349 1805 ‘
1364 1788 1536 1829 Tyrioque
1560 1792 1612 1817 at-

909 1845 1044 1877 tollitur
1081 1847 1175 1874 ostro
1215 1840 1324 1872 Molle
1369 1836 1615 1879 supercilium!

910 1896 1025 1928 Tristis
1039 1893 1140 1934 torus]
1171 1892 1229 1924 Sic
1255 1889 1366 1922 Theb.
1388 1898 1439 1920 vr.
1483 1889 1493 1905 ‘
1509 1888 1614 1919 Dam-

912 1951 1010 1978 natus
1025 1944 1170 1976 flammae
1181 1947 1288 1982 torus,
1301 1946 1338 1973 et
1349 1941 1480 1982 puerile
1495 1940 1616 1981 phere-

914 2003 1004 2029 trum
1019 1993 1186 2027 Texitur:

957 2049 1020 2079 160
1045 2045 1179 2076 Cilicum
1190 2042 1304 2085 flores]
1327 2042 1475 2074 Crocum
1491 2040 1618 2072 intelli·

914 2097 966 2138 git
992 2095 1186 2136 Corycium,
1213 2103 1280 2135 quo
1306 2092 1460 2124 abundat
1485 2091 1620 2122 Cilicia.

915 2146 1036 2179 Cilicia
1052 2151 1166 2177 autem
1182 2144 1278 2184 regio
1293 2142 1400 2181 Asiae,
1415 2142 1506 2172 inter
1516 2141 1619 2172 Pam-

915 2197 1078 2238 phyliam,
1092 2204 1191 2237 quam
1202 2193 1309 2224 habet
1324 2192 1368 2224 ad
1381 2191 1622 2228 Occidentem,

917 2252 953 2280 et
969 2247 1114 2288 Syriam,
1128 2255 1196 2286 qua
1210 2243 1330 2274 finitur
1344 2242 1387 2273 ab
1410 2240 1577 2279 Oriente;
1601 2250 1622 2271 a

919 2295 1175 2338 Septemtrione
1190 2292 1293 2325 Tauri
1310 2291 1406 2332 jugis
1428 2291 1623 2328 terminata,

919 2347 1006 2378 mari
1022 2345 1158 2383 Cilicio,
1175 2348 1210 2375 et
1227 2343 1302 2374 sinu
1315 2341 1423 2373 Issico
1439 2350 1459 2371 a
1473 2339 1622 2372 Meridie

920 2398 1051 2429 abluta.
1096 2395 1211 2426 Hodie
1247 2392 1435 2424 Carmania
1471 2398 1623 2423 vocatur.

926 2447 1090 2478 Gmminis
1124 2443 1214 2484 Iudi]
1247 2442 1341 2475 Costi
1377 2442 1526 2481 scilicet,
1557 2450 1624 2482 qno

923 2496 1078 2528 abundat
1092 2494 1202 2526 India.
1240 2491 1375 2525 Plinius
1390 2491 1448 2524 lib.
1464 2500 1532 2522 ΧΠ.
1549 2500 1627 2531 cap.

925 2550 978 2579 12.
999 2546 1009 2564 ‘
1025 2545 1138 2577 Radix
1150 2545 1238 2576 costi
1250 2548 1350 2586 gustu
1363 2542 1507 2581 fervida,
1520 2541 1626 2571 odore

925 2597 1061 2635 eximio,
1086 2595 1212 2627 frutice
1241 2595 1325 2626 alias
1361 2593 1486 2631 inutili,
1516 2591 1625 2631 primo

924 2647 1040 2679 statim
1059 2647 1200 2679 introitu
1222 2646 1327 2677 amnis
1348 2643 1428 2675 ludi
1451 2643 1485 2674 in
1502 2641 1627 2674 Patule

925 2697 1060 2731 insula!
