1800 3060
232 185 319 229 332

234 293 454 347 Cecropio
474 294 651 346 signata
668 293 786 336 luto:
819 307 898 336 cur
917 293 1069 336 invida
1092 294 1329 349 Memphis,

731 200 772 230 P.
806 199 995 230 PAPlNu
1031 199 1194 230 STA'rn

1611 294 1698 338 110

234 360 379 403 Curve
397 360 665 415 Therapnaei
685 361 894 404 lasciviat
913 375 990 405 ora
1011 362 1212 416 Canopi:

231 471 353 493 amnem
363 472 374 493 .-
396 471 452 492 cur
466 460 574 493 invida
589 461 759 503 Memphis,
772 466 802 494 et
817 473 874 494 cur
883 463 981 505 plaga
999 462 1119 504 Canopi
1138 463 1323 504 Therapnaei
1338 466 1402 495 tum
1418 463 1508 495 luxui
1517 464 1679 505 indulgeat
1689 474 1701 496 :

845 546 1084 558 menen

234 599 368 642 Grypli.
381 599 485 632 Basil.
503 600 623 634 Plant.
639 600 799 633 Grasser.
814 600 958 634 Gevart.
973 603 1038 635 &c.
1076 602 1204 643 signata
1218 603 1285 645 legi
1304 603 1410 645 jussit
1425 604 1647 636 Marklandus
1662 604 1698 637 in

898 687 1040 720 NOTAE

235 756 299 784 unt
320 760 438 792 opere,
462 751 710 793 incipientibus
733 753 847 784 vernis
870 752 940 785 die-

234 802 313 842 bus,
335 803 435 844 palea
449 807 486 835 et
496 807 686 836 stramento
703 809 851 836 rostrum
864 805 940 846 eJus

234 853 421 895 firmantes,
456 855 667 887 continuatis
697 865 760 898 per
790 855 940 887 triduum

234 904 393 936 noctibus
417 909 513 937 tanto
538 905 669 947 labore,
705 910 744 938 ut
770 907 883 938 multis
906 906 940 938 in

235 962 342 997 opere
358 955 464 987 emori
488 960 638 988 constet.
683 957 802 999 anue
817 956 942 989 militia

234 1006 302 1038 illis
327 1016 404 1039 cum
436 1017 525 1040 anno
553 1008 645 1040 redit
670 1009 830 1050 sempen’
875 1010 940 1041 Ea-

237 1058 315 1090 dem
327 1058 535 1091 Plutarchus
551 1059 657 1092 refert
671 1060 732 1092 lib.
745 1061 787 1092 de
799 1061 941 1102 Fluviis,

238 1109 295 1141 ubi
308 1109 351 1141 de
370 1110 452 1142 Nilo
468 1111 552 1152 agit.
591 1112 702 1143 Porro
718 1111 815 1152 dicit,
831 1113 942 1143 Cecro-

234 1160 323 1202 pium
339 1161 451 1201 lutum,
475 1162 555 1203 quia
570 1162 727 1194 omnibus
745 1168 862 1194 notum
881 1166 945 1203 est,

238 1212 410 1253 Procnen,
434 1213 623 1245 Pandionis
651 1213 740 1255 regis
756 1213 944 1245 Athenien-

236 1263 322 1295 sium
341 1262 459 1304 filiam,
476 1263 511 1295 in
536 1263 753 1296 hirundinem
777 1269 944 1297 mutatam

237 1313 355 1355 fuisse,
370 1318 406 1346 et
421 1314 614 1356 Cecropem
629 1315 774 1356 primum
789 1315 945 1347 condito·

239 1374 311 1396 rem
332 1374 373 1396 ac
403 1375 517 1407 regem
532 1365 759 1398 Athenarum.
802 1366 943 1407 Stagna-

238 1415 287 1457 ta]
322 1416 492 1457 Stagnata
518 1427 599 1449 vero
627 1427 694 1449 non
725 1422 793 1458 est,
822 1418 856 1449 in
878 1428 944 1461 qua

239 1471 428 1507 perpetuus
444 1467 539 1499 latex
553 1468 749 1509 subjicitur,
770 1469 945 1502 irremisso

237 1515 334 1549 fonte
363 1516 549 1560 profluens,
586 1524 624 1550 ut
655 1525 755 1561 putat
784 1520 947 1553 Barthius

240 1567 331 1601 Adv.
348 1568 407 1600 lib.
423 1578 574 1602 xxxvn.
597 1580 675 1612 cap.
690 1573 723 1604 7.
746 1581 810 1604 nec
825 1571 946 1604 limosa

238 1629 328 1661 aqua
358 1619 535 1660 inundata,
563 1625 602 1653 ut
632 1621 834 1655 Gronovius.
878 1623 946 1655 Sed

237 1673 387 1711 stag-nata
410 1672 617 1713 simpliciter
639 1673 785 1714 munita,
801 1673 947 1707 firmata.

239 1722 435 1764 ‘Stagnare
450 1722 459 1736 '
479 1724 569 1756 enim
597 1729 651 1757 est
677 1725 823 1758 munire.
866 1726 947 1760 Jus-

241 1773 334 1805 tinus
349 1774 409 1807 lib.
428 1783 581 1807 xxxvu.
597 1785 673 1817 cap.
690 1779 723 1808 3.
745 1776 889 1819 loquens
904 1777 948 1809 de

238 1825 459 1867 Mithridate,
498 1827 588 1868 quod
613 1837 744 1861 venena
766 1832 950 1871 metueret,

240 1875 314 1908 haec
331 1876 402 1908 ait:
429 1881 439 1895 ‘
452 1876 621 1909 Antidota
641 1879 767 1919 saepius
796 1879 897 1920 bibit,
914 1884 951 1912 et

240 1927 291 1959 ita
306 1937 343 1959 se
360 1929 527 1960 adversus
543 1929 682 1960 insidias
699 1930 882 1972 exquisitis
899 1936 951 1963 tu-

242 1978 386 2010 tioribus
414 1979 574 2010 remediis
600 1980 802 2021 stagnavit,'
823 1981 856 2012 id
883 1985 950 2023 est,

240 2038 278 2061 se
293 2028 438 2061 munivit
465 2030 629 2062 adversus
655 2040 802 2072 venena,
829 2031 952 2075 quibus

242 2082 487 2124 appetebatur.
554 2082 655 2115 Idem
696 2084 856 2117 Justinns
893 2084 951 2116 lib.

242 2145 377 2169 xxxvr.
394 2146 471 2178 cap.
489 2139 522 2169 3.
557 2137 567 2155 ‘
580 2136 670 2169 Nam
686 2145 798 2178 neque
815 2135 952 2177 ventis,’

242 2187 395 2230 loquitur
407 2187 452 2220 de
473 2188 552 2219 lacu
577 2186 788 2229 Asphaltite,
810 2188 820 2205 ‘
834 2197 950 2218 move-

243 2242 311 2280 tur,
338 2239 525 2271 resistente
555 2238 747 2270 turbinibus
770 2237 950 2279 bitumine,

243 2298 312 2330 qno
337 2299 427 2332 aqna
452 2288 561 2320 omnis
588 2288 794 2330 stagnatur,'
818 2288 852 2320 id
884 2292 951 2328 est,

241 2340 405 2380 munitur,
414 2339 582 2380 firmatur,
590 2339 765 2380 densatur,
776 2340 954 2372 solidatur.

244 2391 331 2425 Quae
347 2391 555 2433 significatio
570 2390 792 2424 confirmatur
814 2400 859 2422 ex
883 2391 954 2422 Pli-

245 2442 302 2474 nio
319 2442 396 2474 loco
421 2442 477 2475 hic
493 2441 658 2482 laudato;
681 2442 765 2474 dicit
791 2441 881 2474 enim
904 2441 954 2472 hi·

245 2492 409 2524 rundines
445 2493 591 2526 ‘molem
617 2492 876 2524 continuatione
902 2492 953 2523 ni-

246 2542 368 2576 dorum
398 2543 559 2584 evaganti
591 2543 675 2575 Nilo
703 2542 954 2585 inexpugnabi-

245 2594 314 2627 lem
334 2592 531 2635 opponere.'

289 2648 352 2677 110
365 2645 479 2677 Invida
494 2643 666 2686 Memphis]
689 2643 860 2685 Memphis
870 2643 949 2676 urbs

246 2694 417 2738 quondam
439 2693 600 2735 primaria
614 2692 770 2735 AEgypti‚
795 2693 855 2726 sed
871 2697 950 2735 post

246 2745 490 2780 Alexandriam
500 2743 688 2784 conditam,
696 2744 848 2777 secunda
859 2756 868 2785 ;
884 2745 950 2776 sita

247 2802 301 2830 est
323 2796 359 2828 iu
387 2795 494 2828 Delta
523 2793 677 2837 AEgypst,
699 2794 950 2837 Pyramidibus‚

995 762 1114 794 regum
1132 754 1271 786 tumulis
1281 754 1526 787 celeberrima:
1542 756 1615 798 ejus
1630 766 1699 801 am-

994 803 1085 835 bitus
1100 804 1226 836 dicitur
1248 803 1357 836 fuisse
1380 810 1518 837 centum
1541 811 1578 837 et
1601 806 1698 848 quiu-

994 855 1157 897 quaginta
1165 855 1349 887 stadiorum
1363 867 1372 888 2
1386 856 1520 890 Judaeis
1531 857 1700 898 Misraim,

997 905 1170 939 Arabibus
1181 907 1298 939 Mesre
1308 907 1413 948 dicta,
1423 914 1459 940 et
1470 908 1584 948 Monf,
1594 918 1702 950 prope

995 957 1103 998 ipsam
1119 958 1272 991 Alfostat
1285 968 1346 991 seu
1360 958 1535 996 Alcabira,
1557 959 1601 991 ab
1615 958 1701 991 Ara-

997 1009 1097 1042 bibus
1113 1009 1256 1043 condita
1274 1009 1352 1052 fuit,
1369 1015 1406 1042 et
1421 1010 1594 1051 Memphis
1609 1019 1701 1043 nunc

997 1067 1131 1103 partem
1145 1061 1218 1102 ejus
1233 1060 1329 1094 facit.
1368 1061 1498 1104 Invida]
1512 1060 1701 1093 Beroaldus

998 1114 1073 1144 vult
1088 1113 1278 1155 Memphim
1293 1110 1434 1145 {vividam
1450 1113 1532 1149 dici,
1544 1112 1632 1155 quod
1649 1122 1701 1144 sa-

997 1164 1157 1196 cerdotes
1187 1163 1357 1206 AEgypffl,
1384 1174 1444 1196 seu
1474 1163 1703 1205 Memphitici,

998 1216 1092 1258 quasi
1117 1215 1244 1247 invidia
1259 1215 1371 1255 ducti,
1395 1224 1520 1247 arcana
1536 1224 1605 1246 suae
1621 1214 1702 1246 doe·

999 1266 1100 1299 trinae
1113 1267 1239 1298 nemini
1255 1266 1478 1307 detegebant,
1501 1266 1511 1283 ‘
1528 1271 1564 1297 et
1593 1265 1702 1297 literis

998 1316 1269 1359 ignorabilibus,'
1293 1322 1332 1348 ut
1356 1316 1510 1358 loquitur
1534 1315 1703 1357 Apuleius

997 1369 1032 1400 in
1049 1368 1210 1409 Milesiis,
1227 1368 1237 1385 ‘
1252 1377 1294 1400 ea
1314 1366 1587 1400 adumbrabant!
1633 1366 1704 1400 Ge-

999 1420 1129 1451 vat-tius
1141 1429 1223 1451 vero
1230 1419 1370 1451 invidam
1384 1418 1451 1450 dici
1462 1422 1606 1460 propter
1614 1426 1704 1449 snm-

999 1481 1090 1504 mum
1107 1471 1236 1511 odium,
1248 1481 1289 1503 ac
1303 1470 1506 1510 simultates,
1516 1478 1601 1511 quas
1614 1468 1706 1501 inter

1001 1533 1039 1556 se
1055 1523 1195 1565 AEgypti
1211 1522 1435 1562 exercebant,
1457 1521 1502 1553 ob
1524 1519 1707 1552 diversita-

1000 1579 1070 1607 tem
1093 1575 1260 1613 Deorum,
1274 1582 1359 1615 quos
1383 1580 1598 1613 unaquaeque
1623 1569 1705 1602 urbs

1000 1626 1149 1659 colebat.
1183 1623 1305 1657 Refert
1319 1623 1409 1656 enim
1425 1621 1599 1656 Diodorus
1611 1621 1707 1654 Sicu-

999 1677 1066 1718 lus,
1082 1685 1197 1717 regem
1213 1674 1382 1717 quendam
1398 1673 1551 1716 AEgypti,
1566 1681 1644 1704 cum
1661 1671 1708 1704 vi-

1001 1727 1100 1759 deret
1112 1725 1293 1768 AEgyptios
1305 1726 1412 1765 leves,
1421 1734 1461 1757 ac
1473 1732 1637 1756 novarum
1653 1732 1706 1755 re-

1002 1788 1076 1810 rum
1093 1777 1250 1818 cupidos,
1273 1775 1544 1818 frequenterque
1560 1773 1596 1807 in
1612 1773 1707 1817 prin·

1003 1829 1100 1870 cipes
1129 1827 1313 1867 rebellare,
1348 1834 1553 1868 procurasse
1579 1823 1707 1857 astutia

1005 1889 1046 1911 ac
1058 1878 1261 1918 calliditate,
1283 1881 1323 1909 ut
1335 1876 1488 1908 diversos
1506 1875 1602 1906 Deos
1615 1874 1708 1906 cole-

1005 1934 1095 1970 rent,
1119 1929 1251 1970 hocque
1275 1925 1388 1967 modo,
1410 1923 1606 1967 concordia,
1628 1934 1706 1967 quae

1004 1982 1094 2012 inter
1111 1979 1255 2021 populos
1280 1981 1366 2019 erat,
1389 1976 1538 2017 sublata,
1561 1985 1602 2008 ac
1626 1984 1709 2008 con-

1005 2031 1094 2064 flatis
1122 2031 1247 2063 sensim
1272 2028 1372 2068 odiis,
1399 2028 1443 2061 ob
1471 2026 1708 2060 diversitatem

1006 2084 1133 2123 cultus,
1147 2092 1224 2115 cum
1248 2091 1317 2114 una
1337 2090 1420 2123 gens
1446 2082 1628 2122 sperneret
1647 2087 1708 2110 nu-

1005 2136 1108 2173 mina,
1123 2145 1199 2178 quae
1215 2134 1283 2166 alia
1301 2133 1452 2174 colebat,
1476 2142 1546 2165 non
1567 2135 1710 2174 possent

1005 2187 1179 2218 unanimes
1201 2185 1459 2228 concordesque
1481 2184 1516 2216 in
1533 2183 1708 2226 principes

1004 2247 1083 2270 suos
1099 2236 1308 2278 conspirare.
1355 2235 1455 2268 Hanc
1470 2234 1614 2267 eandem
1630 2243 1711 2267 cau·

1006 2298 1077 2320 sam
1093 2287 1270 2321 Juvenalis
1286 2285 1545 2327 elegantissimis
1557 2284 1710 2318 versibus

1007 2338 1190 2380 expressit,
1211 2338 1271 2369 ubi
1295 2337 1446 2379 loquitur
1461 2337 1506 2369 de
1530 2336 1711 2378 AEgyptio·

1007 2400 1081 2422 rum
1107 2390 1200 2422 inter
1214 2398 1252 2420 se
1267 2388 1352 2421 odiis
1368 2397 1408 2420 ac
1423 2387 1622 2426 inimicitiis,
1634 2386 1711 2419 Sat.

1007 2449 1068 2473 xv.
1092 2440 1211 2472 ‘Inter
1230 2438 1391 2470 finitimos
1418 2436 1493 2470 dira
1519 2441 1623 2478 atque
1650 2445 1710 2468 an·

1006 2491 1103 2533 tiqua
1119 2490 1286 2529 simultas,
1306 2488 1507 2520 Immortale
1523 2486 1652 2529 odium,
1672 2490 1710 2518 et

1005 2550 1178 2582 nunquam
1195 2539 1347 2572 sanabile
1364 2539 1493 2571 vulnus.
1522 2536 1636 2570 Ardet
1649 2536 1710 2568 ad-

1006 2593 1071 2624 huc
1101 2591 1250 2624 Combos
1288 2595 1326 2622 et
1351 2590 1520 2630 Tentyra:
1558 2597 1708 2620 summus

1004 2645 1173 2686 utrimque
1190 2642 1275 2674 Inde
1291 2640 1385 2674 furor
1401 2641 1515 2682 vulgo,
1539 2639 1631 2681 quod
1646 2648 1709 2672 nu-

1003 2695 1097 2727 mina
1114 2693 1300 2726 vicinorum
1317 2690 1404 2724 Odit
1429 2696 1574 2733 uterque
1600 2690 1708 2729 locus,

1004 2755 1080 2777 cum
1094 2746 1182 2776 solos
1195 2742 1306 2776 credit
1316 2741 1492 2776 habendos
1502 2742 1586 2777 Esse
1597 2742 1708 2782 Deos,

1005 2805 1090 2838 quos
1106 2795 1179 2838 ipse
1195 2793 1302 2828 colit.'
