1800 3060
185 210 271 253 538

682 221 723 251 P.
755 220 947 252 PAPINII
980 222 1145 254 STATH

184 315 396 366 Nuntius,
418 319 555 370 atque
575 318 678 357 tuos
696 316 861 371 implet,
882 317 1100 373 crispine,
1121 323 1336 374 penates?

188 383 411 425 Dicebam
429 387 560 433 certe,
579 382 747 424 Vatum
768 397 854 425 non
875 385 1001 427 irrita
1021 392 1199 428 currunt

186 450 415 504 Auguria:
446 452 524 492 en!
552 452 704 506 ingens
726 458 891 495 reserat
910 454 990 495 tibi
1010 455 1141 496 limen
1162 455 1376 497 honorum

186 517 358 569 Caesar,
378 522 422 560 et
442 517 633 560 Ausonii
654 522 892 562 committit
912 522 1062 563 munia
1080 522 1199 564 ferri.

185 586 331 637 Vade,
349 600 470 641 puer,
492 588 714 642 tantisque
730 589 888 631 enixus
911 589 1065 632 suffice
1087 590 1230 632 donis.

188 654 333 705 Felix,
355 656 432 709 qui
451 668 610 709 magno
623 655 719 709 jam
739 669 854 698 nunc
877 658 958 698 sub
976 659 1168 712 praeside
1179 659 1323 713 juras,

189 722 363 776 Cuique
386 736 511 764 sacer
531 724 721 776 primum
743 724 881 765 tradit
902 725 1194 767 Germanicus
1213 726 1389 767 ensem!

186 790 293 833 Non
313 791 456 832 minus
473 790 560 832 hoc
577 790 720 841 fortis,
744 805 876 845 quam
898 792 937 833 si
954 793 1034 834 tibi
1053 793 1264 847 panderet
1282 794 1380 848 ipse

187 858 465 912 Bellipotens
486 858 676 912 aquilas,
697 862 910 914 torvaque
930 859 1158 902 induceret
1178 875 1256 903 ora

189 925 401 968 Casside:
431 924 545 967 vade
569 925 730 976 alacer,
751 926 1007 981 majoraque
1028 927 1151 970 disce
1169 929 1345 970 mereri.

1560 929 1644 971 180

184 1080 281 1112 prope
297 1069 426 1111 respicit
439 1080 543 1102 ”turos
557 1080 620 1102 suoe
637 1070 757 1107 Romoe,
779 1070 864 1103 venit
877 1072 1006 1103 celerior
1018 1072 1123 1113 sama,
1145 1076 1238 1114 atque
1257 1073 1365 1113 implet
1386 1076 1472 1104 tuam
1497 1071 1647 1105 domum?

187 1113 321 1145 Aiebam
345 1114 430 1153 bene,
452 1114 566 1145 Vatum
580 1114 739 1154 praesagia
760 1124 821 1145 non
843 1118 916 1146 sunt
929 1125 1020 1146 vana.
1064 1116 1116 1147 En
1141 1127 1273 1156 magnus
1299 1117 1408 1148 Coesar
1430 1116 1563 1148 recludit
1586 1115 1647 1147 tibi

178 1157 270 1195 fores
284 1157 487 1196 dignitatum,
508 1160 538 1188 et
553 1157 681 1188 mandat
693 1167 799 1188 curam
812 1158 915 1196 gladii
929 1158 1073 1190 Ausonii.
1119 1159 1149 1196 I,
1167 1169 1257 1200 puer,
1280 1163 1311 1191 et
1325 1160 1443 1191 coneris
1466 1158 1648 1198 satisfacere

187 1200 288 1231 tantis
309 1199 495 1231 muneribus.
541 1200 674 1240 Beatus,
695 1201 748 1241 qui
772 1210 852 1231 nunc
868 1200 964 1239 juras
986 1202 1042 1232 sub
1066 1201 1191 1242 ingenti
1214 1202 1368 1244 principe,
1388 1203 1496 1243 cuique
1520 1202 1647 1234 divinus

189 1242 395 1274 Germanicus
410 1243 579 1274 committit
593 1243 727 1284 primum
749 1244 914 1283 gladium:
935 1254 994 1276 non
1014 1245 1117 1276 minus
1140 1246 1195 1277 hoc
1218 1249 1276 1284 est,
1297 1255 1389 1286 quam
1411 1246 1441 1277 si
1463 1247 1527 1286 ipse
1543 1245 1647 1283 sortis

189 1286 354 1316 Gradivus
369 1290 400 1317 te
413 1286 586 1327 proficeret
599 1287 725 1327 aquilis,
748 1290 777 1316 et
793 1286 934 1318 indueret
960 1289 1079 1319 vultum
1105 1291 1191 1320 tuum
1213 1288 1295 1320 truci
1314 1290 1416 1329 galea.
1461 1289 1484 1319 Ι
1494 1289 1594 1327 loetus,
1617 1291 1648 1320 et

187 1329 273 1360 disce
284 1332 440 1369 praestare
455 1332 486 1360 te
501 1330 630 1369 dignum
644 1328 825 1369 majoribus.

798 1444 1038 1456 ‘mete-mee

188 1517 370 1550 dus—1⁷5
394 1518 515 1550 Eidem
542 1519 747 1552 Marklando
771 1521 880 1562 magis
907 1518 1040 1562 placet:
1064 1522 1221 1563 tantisque
1243 1523 1358 1555 electus
1380 1523 1482 1565 suffice
1503 1523 1648 1555 donis.-

191 1563 254 1592 178
277 1562 392 1602 Vulgo
409 1562 652 1603 distinguitur:
679 1563 752 1594 Νοπ
768 1564 869 1595 minus
883 1564 950 1600 hoc,
964 1564 1065 1603 sortis
1088 1575 1190 1605 quam,
1215 1567 1268 1605 ᾄτ.

1312 1566 1434 1607 Margo
1450 1566 1568 1598 Barth.
1583 1575 1647 1597 m-

185 1603 241 1643 tis,
257 1613 298 1635 ex
315 1605 491 1636 codicibus
509 1606 874 1646 manuscriptis.—179
898 1607 967 1638 Pro
983 1611 1071 1639 torva
1087 1617 1203 1639 omnes
1218 1612 1299 1640 ante
1315 1608 1467 1642 Gronov.
1483 1609 1649 1641 editiones

188 1645 319 1679 habent
335 1651 442 1686 torta;
465 1648 530 1680 nisi
547 1649 638 1691 quod
655 1649 770 1682 Parm.
784 1650 887 1682 habet
903 1651 1042 1688 tertiam,-
1065 1651 1161 1683 Rom·
1176 1652 1270 1684 torvi.

846 1758 987 1791 NOTAE

187 1828 301 1861 flectit
333 1829 482 1862 habenas
514 1831 632 1869 Orbis,
661 1836 698 1864 et
726 1833 890 1866 humanos

188 1881 332 1922 propior
346 1882 435 1915 Jove
451 1882 579 1924 digerit
606 1884 729 1916 actus!
772 1886 891 1917 Domi-

188 1932 301 1964 tianus
336 1937 452 1964 autem
478 1934 622 1965 maxime
655 1934 894 1967 delectabatur

189 1991 272 2023 agro
289 1981 435 2014 Albano.
481 1983 556 2014 Sua:
570 1985 692 2025 Romoe]
716 1985 806 2016 Illud
829 1996 894 2016 suae

187 2031 345 2074 designat
375 2033 585 2073 peculiarem
620 2034 894 2067 benevolentiam

189 2093 230 2116 ac
246 2093 395 2115 amorem
412 2085 598 2116 Domitiani
615 2096 696 2128 erga
708 2087 864 2120 Romam.

234 2137 297 2166 172
321 2134 475 2166 Dicebam
489 2138 585 2176 certe,
599 2141 705 2168 vatum
719 2147 780 2169 mm
800 2137 896 2169 irrita

189 2188 320 2216 camut
335 2184 497 2226 Auguria]
525 2186 657 2218 Iterata
672 2189 844 2220 sententia
858 2187 896 2219 τὸ

187 2235 354 2279 περιχαρὲς
376 2238 434 2275 τῆς
448 2237 640 2279 προφητείας
662 2239 801 2273 indicat.
846 2240 896 2272 Ut

190 2288 283 2329 apud
314 2288 477 2320 Ovidium
506 2289 593 2320 Met.
623 2298 688 2321 xv.
719 2292 794 2322 879.
834 2290 894 2322 ‘Si

189 2339 271 2380 quid
284 2339 411 2370 liabent
427 2340 498 2370 veri
511 2344 623 2371 vatum
642 2340 836 2381 praesagia?

233 2391 295 2420 174
317 2389 452 2420 Ausonii
475 2390 643 2421 committit
668 2392 774 2422 munia
791 2391 893 2432 ferri]

188 2438 259 2471 Hic
285 2439 493 2480 interpretes
527 2449 590 2481 per
623 2441 730 2472 munia
762 2442 894 2474 Ausonii

179 2488 271 2527 ferri
307 2494 429 2530 putant
458 2490 601 2531 intelligi
639 2492 798 2524 bonorem
833 2503 894 2525 seu

190 2541 454 2583 praeposituram
485 2542 645 2584 cubiculi,
681 2552 758 2585 quae
787 2543 894 2577 fuerit

945 1833 1062 1866 delata
1099 1834 1272 1877 Crispino,
1310 1845 1411 1879 quam
1457 1838 1647 1871 exercebat

945 1885 1153 1917 Parthenius
1177 1886 1418 1928 cubicularius,
1433 1897 1517 1920 unus
1531 1898 1575 1921 ex
1599 1889 1648 1921 in-

947 1933 1190 1967 terfectoribus
1207 1937 1419 1978 Domitiani;
1445 1939 1500 1971 cui
1516 1940 1648 1971 muneri

947 1986 1168 2019 incumbebat
1183 1989 1331 2028 gestatio
1353 1990 1442 2022 ensis
1464 1990 1648 2032 imperato-

949 2035 1004 2067 rii.
1048 2036 1245 2078 Simplicius
1260 2038 1295 2069 id
1313 2043 1427 2080 potest
1440 2039 1586 2081 intelligi
1603 2040 1646 2072 de

949 2087 1103 2130 qualibet
1116 2088 1283 2130 dignitate
1298 2089 1436 2122 militari
1450 2100 1459 2129 ;
1489 2090 1648 2132 designat

949 2139 1040 2172 enirn
1055 2138 1222 2180 Papinius
1237 2140 1381 2172 honores
1397 2141 1563 2174 militares
1585 2151 1648 2184 per

953 2189 1124 2229 ‘ferrnm‚’
1140 2194 1178 2222 nt
1204 2191 1342 2224 Pietate
1365 2192 1568 2226 Abascantii
1588 2204 1650 2237 per

950 2243 960 2260 ‘
975 2252 1072 2275 enses
1086 2242 1111 2275 :'
1134 2244 1144 2261 ‘
1162 2243 1342 2276 Praeterea
1352 2243 1437 2276 fidos
1451 2244 1604 2279 dominns
1615 2245 1644 2278 εἰ

947 2293 1079 2326 dividat
1095 2294 1219 2328 enses?

991 2341 1054 2369 176
1074 2339 1187 2381 Juras]
1222 2339 1310 2371 Nam
1336 2343 1482 2382 accepto
1508 2349 1647 2372 munere

941 2389 1127 2430 jurabatur
1176 2390 1267 2421 inter
1308 2400 1427 2422 manus
1470 2390 1645 2432 principis.

946 2440 1067 2479 Magno
1081 2441 1137 2472 sub
1148 2441 1298 2482 proeside]
1320 2442 1545 2484 Imperatore.

990 2494 1052 2523 177
1076 2492 1220 2524 Primum
1232 2492 1348 2534 ensem]
1371 2492 1460 2525 Vide
1475 2500 1578 2534 supra
1591 2495 1643 2523 vn.

946 2545 1022 2576 1⁷3.
