1800 3060
222 196 309 238 212
723 209 764 238 P.
799 208 991 239 ΡΑΡιΝιι
1028 208 1192 240 sTA'ru

224 303 361 345 Hunc
381 303 461 345 ubi
481 303 655 346 Lethaei
674 304 934 348 lustrantem
957 305 1142 358 gurgitis
1163 317 1267 346 oras

222 368 454 412 Ausonios
474 371 587 412 inter
608 384 812 424 proceres
834 373 1083 426 seriemque
1103 371 1280 422 Quirini

223 437 438 491 Agnovit,
458 438 612 480 timide
634 439 826 492 primum
847 439 1038 492 vestigia
1051 439 1199 492 jungit

223 503 432 547 Accessu
454 506 608 556 tacito,
626 519 913 560 summosque
932 506 1120 548 lacessit
1138 507 1352 550 amictus:

224 570 339 613 Inde
359 573 502 626 magis
519 573 740 627 sequitur;
772 586 916 627 neque
937 574 1053 615 enim
1073 574 1216 627 magis
1237 575 1312 616 ille
1335 575 1582 619 trahentem

225 639 422 693 Spernit,
445 644 491 681 et
509 641 659 694 ignota
679 640 822 682 credit
841 640 895 682 de
917 642 1053 695 stirpe
1071 646 1303 695 nepotum.

226 706 343 749 Mox
363 708 442 749 ubi
461 708 664 759 delicias,
685 711 728 750 et
748 709 834 750 rari
850 708 1009 763 pignus
1029 710 1164 750 amici

227 774 392 825 Sensit,
412 779 458 816 et
478 775 627 816 amissi
648 788 837 829 puerum
859 776 1022 817 solatia
1044 776 1183 818 Blaesi
1201 790 1212 828 ;

225 832 369 884 Tollit·
382 842 533 894 humo,
554 855 802 898 magnaque
821 843 928 896 ligat
950 844 1140 894 cervice,
1162 844 1328 897 diuque

227 909 335 963 Ipse
355 923 491 953 manu
511 911 712 964 gaudens
734 911 878 964 vehit3
910 915 971 961 et,
990 924 1092 966 quae
1110 924 1293 953 munera
1313 912 1460 954 mollis

227 978 388 1033 Elysii,
407 978 582 1020 steriles
602 991 764 1030 ramos,
786 982 1019 1033 mutasque
1040 979 1246 1021 volucres

1598 374 1684 418 195

1602 712 1688 755 200

226 1091 381 1129 quentem.
433 1088 496 1120 Ubi
510 1088 644 1138 agnovit
657 1089 737 1120 hunc
750 1088 911 1120 obeuntem
918 1089 1011 1139 ‘ripas
1027 1089 1303 1131 Lethoeifluminis
1317 1090 1401 1123 inter
1414 1091 1578 1133 optimates
1592 1091 1691 1123 Italos

227 1135 260 1163 et
273 1135 395 1172 nepotes
412 1130 554 1170 Quirini,
570 1131 663 1162 initio
675 1131 789 1172 pavide
809 1132 954 1171 vestigiis
977 1132 1044 1171 ejus
1066 1133 1182 1164 insistit
1199 1134 1296 1164 tacito
1308 1135 1424 1173 gradu,
1439 1137 1471 1165 et
1491 1134 1691 1175 apprehendit

226 1183 314 1206 oram
335 1174 423 1205 illius
444 1174 565 1211 vestis,-
590 1174 663 1205 inde
688 1174 828 1215 sequitur
852 1174 1001 1206 liberius.-
1024 1185 1120 1215 neque
1148 1175 1200 1207 ille
1215 1176 1342 1208 Bloesus
1356 1186 1441 1216 oegre
1455 1178 1542 1214 tulit,
1556 1179 1638 1218 quod
1659 1187 1692 1208 se

227 1217 381 1254 traheret,
396 1219 427 1247 et
441 1219 532 1256 putat
547 1226 612 1248 esse
625 1217 760 1266 aliquem
773 1218 811 1247 de
826 1216 935 1256 ignota
950 1217 1050 1249 sobole
1072 1227 1196 1249 suorum
1213 1222 1415 1268 posterorum.
1461 1219 1543 1250 Mox
1558 1219 1609 1251 ubi
1623 1229 1692 1251 sen-

226 1260 271 1290 sit
286 1239 427 1299 delicias,
444 1262 472 1291 ei
489 1262 597 1290 natum
614 1259 682 1290 cari
696 1259 802 1298 amici,
825 1263 856 1290 et
880 1259 934 1299 qui
947 1260 1060 1297 suerat
1082 1261 1226 1292 solatium
1248 1270 1312 1293 ινα.-
1333 1262 1431 1303 ipsius
1443 1261 1565 1300 mortis,
1579 1262 1659 1293 levat
1674 1273 1691 1293 e

227 1305 315 1332 terra
330 1312 411 1342 eum,
424 1305 455 1333 et
470 1301 668 1342 amplectitur
683 1282 806 1342 ingenti
816 1302 904 1341 collo,
919 1305 951 1334 et
965 1302 1020 1334 diu
1035 1303 1145 1334 laetns
1134 1313 1198 1343 ipse
1212 1302 1296 1335 inter
1311 1303 1438 1335 brachia
1451 1307 1549 1344 tenet,
1561 1307 1593 1335 et
1606 1305 1692 1336 dedit

226 1344 258 1376 ei
272 1345 465 1384 insoecundas
470 1344 616 1386 frondes,
631 1346 804 1386 tacitasque
811 1354 894 1384 aces,
908 1345 1045 1386 etflores
1054 1346 1206 1386 pallentes
1218 1346 1365 1378 marcidis
1375 1347 1519 1389 gemmis,
1535 1357 1606 1388 ‹121oe
1618 1351 1692 1379 sumt

831 1419 1075 1432 omeuaeee

229 1483 307 1514 cap.
317 1475 351 1505 4.
375 1483 411 1514 p.
424 1476 501 1505 432.
546 1474 555 1491 ‘
574 1472 744 1513 Poterat,
759 1473 976 1516 inquitidem
993 1473 1035 1504 ad
1052 1473 1173 1505 Claud.
1189 1471 1317 1506 Praeffi
1309 1483 1342 1505 ιιι
1360 1472 1472 1505 Rufin.
1487 1476 1519 1504 4.
1543 1474 1690 1505 ‘eadem

228 1515 478 1557 significatione
494 1516 640 1547 dixisse:
666 1498 764 1547 simili
778 1520 951 1557 tergentem
963 1519 1089 1557 pectora
1102 1515 1198 1547 cura!
1242 1516 1343 1548 Rom.
1358 1516 1474 1547 similes
1487 1520 1646 1556 regentem
1657 1527 1691 1557 p.

227 1568 340 1596 cums,-
363 1558 454 1590 unde
470 1559 625 1591 Gronov
641 1559 754 1590 Diatr.
778 1569 853 1600 cap.
869 1562 923 1591 21.
945 1558 1162 1590 scribendum
1177 1558 1284 1590 dicit:
1307 1558 1424 1590 similes
1445 1562 1614 1609 repentem,
1637 1560 1692 1600 ᾄσ.

228 1601 335 1633 Aldd.
352 1601 694 1642 Colin.G1-yph.&c.
715 1601 1009 1634 volventem—198
1031 1602 1041 1619 ⁴
1061 1601 1136 1632 Vox
1162 1601 1245 1633 enim
1268 1601 1348 1633 huic
1372 1601 1446 1632 loco
1470 1601 1608 1633 minime
1633 1611 1691 1633 ae-

228 1644 422 1683 commoda,
445 1649 567 1685 utpote
598 1644 765 1676 rationem
795 1644 944 1676 reddens
974 1645 1047 1675 sine
1075 1653 1190 1676 causa.
1234 1644 1342 1684 Lege,
1369 1654 1466 1685 neque
1480 1643 1553 1683 jam
1577 1645 1690 1684 magis

226 1687 382 1726 Deinde,
402 1668 456 1718 ille
477 1688 653 1719 trahentem
669 1687 821 1728 Spernit.-
844 1687 1017 1718 trahentem
1037 1686 1143 1727 quid?
1165 1691 1278 1718 utrum
1294 1687 1452 1718 Braesum
1468 1687 1522 1718 vel
1546 1688 1691 1720 amictus

228 1730 325 1771 ejus?
347 1733 384 1761 at
397 1730 564 1761 utrumvis
581 1730 783 1762 rusticitatis
799 1734 892 1761 esset
906 1729 1144 1761 intolerandae.
1187 1729 1302 1770 Lege:
1326 1730 1405 1762 Inde
1413 1729 1519 1779 magis
1531 1730 1693 1772 sequntur,-

227 1782 326 1813 neque
338 1772 409 1811 J'am
424 1773 531 1813 magis
538 1772 592 1804 ille
605 1776 796 1814 sequentem,
810 1774 863 1813 ὅγε.
884 1772 1090 1812 repetitione
1105 1772 1256 1811 eleganti
1271 1776 1307 1804 et
1329 1771 1441 1813 poetis
1455 1772 1690 1806 usitatissima.

228 1815 328 1856 Virg.
332 1815 474 1864 ’θροις
490 1824 549 1848 ιιι.
564 1817 640 1847 392.
676 1815 779 1847 ovid.
794 1815 885 1846 Met.
903 1823 968 1846 xv,
986 1817 1059 1846 143.
1098 1814 1283 1846 Probabile
1297 1818 1350 1846 est
1365 1815 1507 1856 primam
1522 1815 1690 1856 syllabam

226 1867 260 1888 se
275 1857 431 1888 amissam
448 1867 523 1889 esse
539 1858 573 1889 in
589 1857 810 1899 praecedente
825 1858 872 1895 Μ’,-
897 1857 987 1888 unde
1004 1866 1066 1898 pro
1081 1860 1234 1896 quentem,
1247 1856 1439 1897 supplendo
1461 1858 1574 1888 versui
1597 1857 1690 1890 fece-

227 1905 311 1932 runt
323 1901 520 1932 trahentem.
543 1901 669 1933 Markl.
714 1900 783 1932 Pro
798 1901 880 1932 enim
893 1900 1021 1931 Venet.
1038 1903 1067 1930 l.
1087 1899 1191 1930 habet
1205 1909 1284 1930 eum.
1286 1901 1393 1931 -203
1417 1901 1427 1918 ‘
1444 1900 1602 1932 Quatuor
1615 1900 1690 1932 haec

228 1942 349 1982 verba,
369 1953 440 1984 quoe
454 1953 583 1975 munero
597 1943 700 1974 mollis
715 1943 832 1984 Elysii,
854 1942 1052 1983 parenthesi
1070 1947 1150 1973 sunt
1172 1941 1389 1974 includenda.
1434 1941 1522 1974 Haec
1543 1942 1634 1974 euim
1655 1947 1691 1974 et

228 1994 298 2017 non
315 1966 382 2017 al'ia
396 1986 488 2019 dona
503 1991 687 2028 suppetere
703 1986 744 2017 iis
766 1986 850 2018 locis
866 1984 937 2017 uit.¹
958 1985 1184 2017 Barth—204
1208 1985 1325 2017 Parin.
1340 1985 1462 2017 steriles
1473 1995 1596 2027 campos
1609 1987 1689 2018 mul-

888 2072 920 2105 N
926 2072 1029 2105 0¹1·AE

230 2136 332 2168 Curae
345 2136 435 2168 enim
452 2136 500 2169 ibi
523 2135 681 2177 affectus,
697 2146 806 2176 amor,
821 2140 860 2168 ut
877 2145 934 2168 eo·

228 2186 308 2219 dem
337 2187 525 2229 Epicedio:
549 2188 559 2205 ‘
576 2187 630 2219 Tu
655 2186 758 2219 modo
784 2186 934 2226 deliciae,

230 2242 270 2269 tu
296 2238 415 2270 dulces
446 2242 590 2279 pectore
618 2239 732 2271 curaess
775 2236 933 2270 Claudia-

229 2297 295 2319 nus
311 2288 355 2320 de
379 2288 472 2320 bello
495 2287 703 2321 Gildonico:
727 2288 738 2306 ⁴
755 2287 836 2321 Non
863 2287 931 2319 illis

227 2338 365 2377 generis
380 2347 503 2377 nexus,
515 2347 581 2370 non
591 2338 736 2379 pignora
746 2346 850 2378 curm,
863 2336 932 2369 Sed

228 2398 373 2421 numero
403 2391 543 2432 languet
577 2390 710 2431 pietas:
752 2388 852 2421 Idem
887 2387 931 2420 de

227 2438 320 2471 bello
337 2440 464 2472 Getico
478 2451 487 2472 ε
511 2441 522 2457 ‘
539 2440 685 2472 Vestros
709 2439 888 2471 stimulant
902 2438 931 2470 si

226 2488 373 2530 pignora
395 2499 527 2530 sensu8‚
545 2490 605 2522 Me
620 2499 759 2532 quoque
782 2498 850 2521 non
870 2488 932 2520 im-

227 2548 294 2580 par
316 2543 447 2571 naturae
471 2549 553 2572 cura
577 2539 775 2572 remordet!
816 2538 872 2571 Ita
887 2539 932 2572 Q.

226 2589 372 2621 Aurelio
385 2590 608 2632 Symmacho:

229 2640 353 2672 tineri.'

272 2692 336 2722 194
358 2690 482 2723 Lemoei
502 2691 660 2732 gurgitis]
683 2690 808 2723 Lethes
834 2689 931 2722 fluvii

226 2739 365 2776 inferni.

632 2591 642 2608 ‘
660 2590 764 2622 Unici
783 2598 866 2622 cura
878 2598 932 2620 re-

1032 2138 1092 2168 195
1115 2134 1285 2176 Ausonios]
1307 2134 1416 2167 Italos
1431 2143 1492 2167 seu
1505 2134 1689 2167 Romanos.

987 2185 1069 2217 Itali
1092 2186 1181 2217 enim
1198 2187 1207 2204 ‘
1220 2186 1375 2218 Ausones
1388 2184 1398 2200 '
1413 2184 1508 2227 prins
1533 2184 1632 2228 dieti,
1653 2188 1690 2217 et

989 2236 1088 2267 Italia
1103 2237 1113 2254 ‘
1127 2235 1302 2268 Ausonia!
1344 2235 1526 2276 Seu-temque
1546 2233 1692 2276 Quirini]

987 2286 1030 2318 Id
1053 2292 1119 2327 est,
1134 2290 1290 2327 posteros
1317 2285 1464 2326 Quirini,
1478 2284 1515 2317 id
1537 2288 1603 2325 est,
1619 2283 1688 2316 Ro-

985 2337 1079 2377 muli,
1112 2337 1170 2378 qui
1200 2339 1279 2378 post
1306 2340 1452 2368 mortem
1478 2335 1571 2367 inter
1593 2334 1689 2366 Deos

986 2387 1111 2418 relatus
1127 2385 1207 2424 fuit,
1217 2391 1255 2418 et
1268 2386 1278 2404 ‘
1293 2383 1475 2419 Quirinus’
1489 2389 1644 2416 vocatus.

1029 2439 1092 2468 198
1115 2436 1190 2477 lue]
1212 2437 1344 2468 Blaesus
1358 2434 1502 2469 scilicet.

1027 2490 1090 2519 201
1113 2486 1232 2519 Amissi
1239 2495 1370 2526 puerum
1380 2485 1495 2517 solacia
1505 2483 1623 2526 Bloesi]
1645 2483 1688 2516 ld

985 2542 1052 2578 est,
1067 2547 1210 2578 puerum
1236 2547 1303 2579 qno
1329 2535 1457 2568 Melior
1481 2535 1609 2567 solatus
1630 2539 1686 2568 est

986 2597 1036 2628 se,
1048 2587 1345 2619 extinctoBlaeso.

1028 2641 1091 2671 203
1114 2638 1225 2670 Mollis
1241 2636 1362 2679 Elysii]
1383 2636 1536 2678 Elysium
1551 2635 1608 2668 hic
1624 2645 1687 2678 pro

986 2690 1063 2723 loco
1078 2688 1203 2730 quietis
1217 2688 1416 2729 proborum.

1028 2741 1094 2772 204
1116 2739 1245 2772 Steriles
1274 2737 1392 2779 ramos]
1421 2737 1501 2771 Non
1535 2736 1687 2772 ferentes
