1800 3060
200 226 287 268 342
706 241 745 271 P.
780 239 970 271 PAPINH
1007 238 1173 271 sTA'ru

204 333 379 376 Leniter
400 335 640 390 applicitos
659 336 825 386 vultus,
847 340 1140 390 sanctamque
1158 336 1356 390 parentis

204 401 428 444 Canitiem
450 404 622 457 spargit
640 404 867 459 lacrymis,
890 405 1141 459 animaeque
1164 417 1418 459 supremum

205 469 364 524 Frigus
386 476 530 513 amat:
562 472 725 514 celeres
746 472 962 525 genitoris
983 471 1099 514 filius
1120 485 1271 524 annos,

204 537 346 593 (Mira
365 538 498 594 fides)
517 541 752 594 pigrasque
773 544 900 594 putat
917 553 1183 594 properasse
1205 552 1394 583 sorores.

204 605 418 648 Exultent
438 607 609 662 placidi
631 608 818 651 Lethaea
841 609 896 651 ad
919 609 1104 650 flumina
1124 621 1294 660 manes,

205 675 375 730 Elysiae
397 675 584 729 gaudete
606 676 795 719 domus:
828 677 932 719 date
956 681 1070 719 serta
1089 689 1168 732 per
1188 689 1305 728 aras,

205 743 432 798 Festaque
451 744 673 798 pallentes
693 746 879 787 hilarent
900 746 1058 787 altaria
1076 745 1214 787 lucos.

206 810 354 861 Felix,
375 812 463 853 heu
483 812 666 854 nimium
687 812 815 864 felix,
837 813 1098 867 plorataque
1119 815 1224 854 nato

206 877 375 920 Umbra
397 880 543 922 venit:
574 881 703 934 longe
727 881 957 922 Furiarum
979 881 1128 931 sibila,
1148 881 1278 934 longe

205 946 493 1001 Tergeminus
515 951 668 990 custos
686 962 696 990 :
728 950 902 1004 penitus
925 950 1000 991 via
1018 948 1150 1003 longa
1169 951 1373 1003 patescat

1611 472 1669 515 20

206 1087 316 1119 leniter
330 1089 529 1130 amplectitur
545 1090 663 1130 faciem
686 1091 781 1130 senis,
804 1094 835 1122 et
849 1090 1009 1132 perfundit
1036 1090 1182 1132 lacrymis
1205 1099 1326 1122 sacram
1349 1089 1495 1121 canitiem
1508 1088 1623 1130 patris,
1637 1090 1670 1120 et

204 1130 313 1170 diligit
321 1133 535 1164 exanimatum
546 1137 577 1165 et
578 1134 741 1174 frigidum
752 1144 871 1174 carpus.
895 1134 998 1165 Filius
1007 1134 1106 1165 credit
1117 1136 1243 1164 aetatem
1250 1133 1504 1175 patris-velociter
1514 1132 1670 1175 effluxisse

205 1173 352 1214 (mirum)
365 1179 396 1206 et
409 1180 496 1207 atras
506 1187 626 1208 sorores
634 1178 811 1217 festinasse.
845 1177 946 1208 Lenes
961 1177 1076 1207 uunbroe
1091 1177 1238 1208 loetentur
1251 1178 1284 1207 in
1292 1176 1402 1218 fluviis
1413 1175 1539 1207 Lethes.
1571 1175 1670 1206 AEdes

206 1216 327 1258 Elysiae
344 1219 496 1250 exultate.
551 1220 704 1260 Spargite
715 1221 816 1262 flores
830 1230 923 1261 svper
948 1230 1034 1256 aras,
1056 1222 1086 1250 et
1101 1222 1213 1250 ornata
1237 1219 1352 1251 altaria
1376 1222 1516 1250 recreent
1538 1217 1671 1260 pallidos

203 1269 319 1291 manes.
351 1261 533 1301 Fortunati,
548 1263 607 1294 heu
623 1264 751 1294 nimium
758 1262 922 1300 fortunati
936 1272 1053 1302 manes,
1067 1265 1098 1293 et
1110 1262 1216 1304 defleti
1229 1262 1328 1305 afilia
1342 1262 1522 1294 adveniunt.
1551 1260 1672 1293 Procul

204 1302 297 1334 sibila
302 1303 477 1346 sio-iarum,
492 1306 598 1346 procul
613 1309 727 1348 triceps
741 1306 878 1345 janitor.
923 1305 1040 1337 Latum
1054 1305 1115 1337 iter
1134 1308 1244 1346 pateat
1258 1305 1395 1346 egregioe
1417 1305 1552 1337 umbrae:
1574 1304 1670 1335 vadat

818 1399 1058 1412 eeeeeeeeeeee

207 1474 318 1516 brogii
345 1479 381 1507 et
407 1476 504 1508 Rom.
526 1477 766 1516 regimem—18
789 1478 920 1510 Leniter
940 1477 1109 1519 implicitos
1134 1477 1274 1509 Veneti.
1300 1477 1415 1510 Parm.
1442 1477 1544 1510 Rom.
1567 1476 1671 1511 Aldd.

207 1519 316 1550 Colin.
331 1518 462 1560 Gryph.
481 1520 587 1552 Basil.
604 1523 668 1552 διο.
692 1520 821 1552 Leniter
835 1521 1005 1561 implicitus
1019 1520 1200 1561 legendum
1214 1520 1318 1561 jubet
1335 1520 1517 1560 Barthius;
1540 1520 1670 1553 Leniter

205 1561 375 1602 adplicitus
397 1562 610 1595 Maru—21
638 1564 683 1595 N.
714 1564 834 1595 Heius.
865 1564 906 1595 ad
935 1564 996 1595 Sil.
1014 1564 1093 1594 Ital.
1107 1572 1165 1595 11¹.
1180 1566 1234 1595 96.
1250 1568 1286 1595 et
1302 1563 1406 1595 Ovid.
1422 1564 1511 1595 Met.
1528 1572 1580 1596 tv.
1595 1566 1672 1596 4⁷0.

208 1614 272 1645 pro
287 1605 396 1644 nigras
418 1606 502 1646 legit
522 1607 656 1647 pigras;
680 1612 716 1638 ut
731 1616 847 1638 seusus
863 1607 931 1638 sit:
957 1605 1121 1640 Quamvis
1140 1607 1241 1646 pigrae
1255 1605 1384 1638 fuerint
1399 1606 1534 1647 Parcae,
1556 1610 1672 1639 tamen

206 1656 247 1678 ea
263 1654 314 1679 est
330 1647 390 1679 filii
407 1649 517 1689 pietas
535 1655 570 1681 ut
594 1660 651 1681 eas
672 1659 852 1690 properasse
878 1654 988 1690 putet.
1034 1649 1104 1680 Pro
1127 1652 1219 1689 putat
1239 1649 1365 1681 Venet.
1390 1652 1422 1681 1.
1449 1649 1552 1681 habet
1567 1650 1670 1689 serat.

205 1692 292 1722 —24
316 1691 326 1708 ‘
339 1691 408 1722 Pro
424 1696 454 1722 et
469 1692 706 1732 nitniumselix,
720 1694 815 1733 lege:
841 1692 898 1723 heu
914 1693 1045 1723 nitnium
1055 1692 1154 1730 felix.
1189 1692 1363 1733 Scriptum
1379 1697 1454 1724 erat
1468 1702 1506 1724 eu
1521 1702 1584 1734 pro
1599 1693 1671 1731 heu,

206 1737 245 1764 nt
272 1734 302 1764 ei
326 1743 386 1775 pro
413 1735 464 1766 hei
492 1736 616 1776 passim
640 1737 674 1767 in
701 1736 802 1767 codd.
831 1736 920 1766 unde
947 1735 1028 1766 nihil
1056 1735 1238 1776 proclivius
1259 1744 1358 1776 quam
1375 1734 1598 1767 exeufacere
1614 1735 1671 1767 et!

205 1776 333 1808 Man-kl.
378 1778 445 1809 Sed
472 1778 520 1809 ita
546 1779 644 1819 longe
664 1784 767 1810 antea
782 1778 940 1810 ediderat
957 1777 1229 1818 Lindenbrogius
1245 1787 1288 1809 ex
1305 1779 1358 1810 ed.
1374 1783 1443 1810 vet.
1458 1788 1605 1821 eumque
1619 1788 1670 1811 se-

207 1825 306 1851 cutus
328 1826 383 1852 est
407 1820 574 1862 Cruceus,
597 1831 739 1864 quorum
767 1821 935 1853 editiones
959 1825 1040 1853 ante
1056 1821 1173 1852 oculos
1195 1821 1364 1853 babuerat
1388 1821 1672 1855 Maritimam.—

866 1901 1012 1934 NOTAE

1007 1981 1050 2011 24
1073 1977 1248 2019 Pallentes]
1271 1977 1356 2009 Tam
1384 1979 1532 2018 propter
1564 1976 1670 2018 pallo-

965 2038 1035 2061 rem
1062 2028 1227 2068 manium,
1242 2037 1342 2069 quam
1361 2036 1426 2068 per
1441 2036 1490 2058 se.
1532 2025 1575 2058 In
1592 2026 1673 2068 Epi-

965 2078 1040 2112 ced.
1066 2078 1221 2110 Glauciae
1237 2089 1245 2109 :
1267 2077 1432 2110 ‘steriles
1447 2086 1571 2117 ramos,
1585 2099 1618 2110 ...
1635 2080 1672 2110 et

207 1981 347 2019 oportet
362 1978 522 2019 intelligi,
534 1988 610 2010 cum
621 1980 765 2011 multum
778 1979 910 2011 animus

206 2030 342 2070 corpori
374 2035 531 2070 praestet,
564 2029 850 2072 observeturqne,
874 2036 912 2062 ut

206 2085 304 2112 casta
320 2089 463 2121 corpora
479 2080 717 2122 adhibeantur,
733 2081 843 2113 multo
858 2091 910 2113 es-

206 2141 242 2163 se
258 2131 293 2163 in
306 2131 423 2162 animis
439 2130 473 2162 id
489 2131 691 2163 servandum
708 2131 837 2173 magis)
863 2147 869 2149 f

248 2185 289 2214 21
315 2182 435 2222 Pigras
448 2181 584 2222 sorores]
605 2182 745 2214 Parcas.

249 2235 291 2264 23
316 2233 401 2264 Date
427 2235 512 2264 serta
534 2241 591 2273 per
611 2232 699 2273 aras]
724 2231 806 2263 Arae
821 2232 912 2263 enim

206 2282 461 2315 coronabantur
494 2292 537 2314 ex
576 2288 718 2324 recepto
754 2293 849 2314 more
877 2283 912 2314 in

207 2334 344 2374 publica
361 2334 562 2376 privataque
576 2334 711 2366 laetitia.
744 2334 913 2376 Apuleius

147 2399 158 2407 κ
207 2385 334 2417 Florid.
362 2394 387 2416 1.
418 2384 517 2416 ‘Aut
541 2394 600 2416 ara
625 2384 805 2417 frondibus
823 2385 912 2416 redi-

205 2435 315 2468 mita.‘
359 2438 589 2469 Tertullianus
612 2437 656 2470 de
671 2438 806 2470 Corona
821 2438 913 2469 Mili·

206 2487 272 2519 tis:
296 2488 306 2504 ‘
318 2485 410 2529 Ipsae
427 2487 609 2528 hosiiae‚et
624 2497 704 2525 arae,
718 2488 783 2529 ipsi
800 2487 911 2518 minis-

206 2538 253 2571 tri
265 2538 496 2571 coronantur)
541 2539 587 2570 Et
598 2539 677 2570 hinc
692 2537 912 2570 confirmatur

207 2589 404 2631 conjectura
419 2589 593 2620 Bernartii
608 2599 725 2630 supra,
742 2589 830 2620 velle
846 2589 910 2620 Pa-

207 2641 338 2683 pinium
354 2649 420 2672 non
436 2641 568 2682 lugere,
584 2640 644 2671 sed
671 2641 822 2681 gaudere
840 2645 909 2672 tam

207 2690 336 2723 inferos
348 2700 448 2734 quam
461 2700 620 2731 superos;
639 2695 675 2722 et
687 2691 782 2722 velut
795 2691 911 2722 Pieta-

208 2747 278 2775 tem
294 2742 372 2774 alba
388 2746 485 2774 veste
506 2742 678 2783 invitarat,
693 2742 743 2775 ita
763 2742 819 2775 hic
836 2752 911 2775 aras

159 2828 162 2831 ,
208 2793 282 2825 vult
297 2794 454 2825 coronari
467 2792 589 2825 Poena.

965 2130 1089 2162 obtuso
1105 2130 1273 2171 pauentes
1290 2129 1444 2170 germine
1457 2126 1586 2160 flores!

1009 2184 1049 2212 25
1078 2181 1268 2221 Plorataque
1303 2182 1378 2211 nato
1418 2178 1538 2210 Umbra
1572 2177 1674 2219 venit]

967 2231 1132 2263 Car-orum
1158 2231 1249 2263 enim
1270 2229 1483 2272 gratissimas
1504 2229 1672 2271 lacrymas

966 2282 1139 2315 habebant
1154 2291 1287 2322 manes,
1302 2280 1492 2322 felicesque
1504 2289 1541 2311 se
1553 2278 1672 2311 existi·

966 2332 1119 2374 mabant,
1141 2333 1169 2364 si
1197 2331 1282 2364 fusis
1297 2330 1459 2372 lacrymis
1486 2328 1671 2371 propinqui

965 2394 1043 2416 suas
1055 2383 1217 2425 exequias
1235 2381 1412 2423 prosecuti
1424 2384 1551 2412 esseut.

1007 2438 1050 2467 26
1075 2434 1243 2465 Furiarum
1264 2431 1373 2472 sibila]
1397 2430 1453 2463 Ob
1478 2432 1671 2471 serpentes,

966 2486 1087 2528 quibus
1107 2486 1184 2517 vice
1206 2484 1407 2526 capillorum
1428 2481 1541 2513 Furiae
1557 2480 1672 2512 cincta

963 2537 1140 2569 habebant
1155 2536 1286 2577 capita,
1299 2540 1335 2567 et
1351 2533 1472 2576 quibus
1487 2531 1610 2573 impios
1629 2540 1670 2563 ac

963 2593 1125 2620 nocentes
1142 2596 1269 2619 vexare
1284 2585 1456 2618 solebant.

1005 2641 1047 2671 2⁷
1071 2637 1275 2679 Tergeminus
1288 2634 1405 2676 custos]
1421 2632 1594 2666 Cerberus
1609 2631 1671 2664 tri-

964 2699 1045 2731 ceps
1075 2689 1134 2731 qui
1155 2697 1294 2721 servare
1317 2686 1445 2720 dicitur
1460 2683 1552 2717 fores
1575 2682 1671 2717 Infe-

965 2748 1094 2773 rorum.
