1800 3060
243 210 330 253 130

242 316 480 371 Expavere
500 315 672 370 gradus.

740 223 783 252 P.
815 223 1005 253 PAPan
1040 224 1208 256 S'rA'rll

733 315 856 367 Quid
877 331 995 360 nunc
1017 319 1210 374 ingentia
1230 320 1374 373 mirer,

243 383 338 426 Aut
357 383 465 438 quid
485 385 659 439 partitis
681 384 896 427 distantia
920 392 1045 428 tecta
1067 388 1270 431 trichoris
1288 390 1310 430 't

239 519 395 559 stupuere.
441 517 526 554 Quid
540 527 621 550 nunc
636 518 732 550 mirer
745 518 898 558 ingentia,
915 521 970 549 aut
991 518 1066 559 quid
1087 519 1183 552 mirer
1208 524 1290 553 tecta
1311 522 1504 564 disseparata
1517 523 1630 556 divisis
1645 524 1704 556 m·-

849 619 1093 633 ‘MNO‘

239 689 311 717 tum
326 694 345 716 a
361 685 500 723 Vossio,
522 685 656 725 recepit
672 684 885 723 Gronovius3
910 689 945 717 et
971 685 1021 717 sic
1048 687 1151 718 etiam
1180 687 1346 721 Handins.
1390 689 1513 723 Heius.
1529 691 1700 732 conjecit:

237 728 344 759 varias
369 738 424 759 ceu
462 727 548 769 picta
581 738 638 768 per
665 731 751 758 artes
783 727 909 758 Gaudet
932 728 1055 768 liumus,
1089 734 1276 771 cernuntque
1305 732 1395 763 novis
1419 737 1544 765 asarota
1559 735 1700 775 figuris5

238 770 427 802 Scriverius
444 781 549 802 vero:
572 770 758 810 -uiorantque
781 780 877 801 novas
902 775 1029 802 asarota
1040 771 1179 813 figuras.
1226 773 1313 806 Edd.
1339 775 1383 807 ab
1408 774 1500 807 Aldo
1528 786 1634 817 usque
1657 777 1700 808 ad

239 813 394 846 Gronov.
416 814 621 853 suberantque
644 813 732 844 novis
752 823 782 844 a.
795 812 927 853 figuris.
972 814 1094 846 Lectio
1123 817 1284 847 textualis
1308 827 1400 849 mera
1424 822 1479 850 est
1502 819 1702 851 Marklandi

237 857 533 897 conjectura.——57
556 857 681 888 Venet.
698 859 726 887 l.
744 856 797 895 qui
811 866 890 886 nunc
902 856 1046 895 ingentia
1061 857 1268 890 maweu—58
1290 859 1370 891 Vet.
1386 861 1463 893 cod.
1488 870 1544 901 ap.
1571 862 1700 900 Markl.

235 901 328 931 testa.
373 900 419 932 N.
447 900 567 931 Heius.
592 898 716 938 corrigi
737 898 840 938 jubet
863 898 1023 938 cingentia
1049 903 1142 932 tecta.
1188 902 1312 933 Venet.
1340 905 1369 934 1.
1396 903 1541 941 tritoriu
1569 905 1697 936 Morel.

236 940 339 974 affert
354 952 373 974 e
390 947 458 975 vet.
476 942 551 974 cod.
578 941 725 980 trigonis.
738 958 751 975 0
769 940 899 973 Markl.
928 942 1053 974 voluit:
1081 943 1168 979 Quia
1192 953 1272 975 nunc
1300 945 1444 985 ingentia
1467 946 1563 978 mirer·
1576 945 1700 979 Atria?

898 1024 1041 1056 NOTAE

235 1096 282 1129 ris
299 1096 513 1138 superaverit
529 1099 663 1128 asarota.
709 1095 841 1127 Asarota
857 1104 939 1127 vero

235 1153 333 1179 erant
349 1147 534 1189 pavimenti
560 1156 680 1187 genus,
694 1146 734 1177 in*
753 1154 820 1187 quo
836 1145 938 1176 variis

231 1206 274 1229 ac
289 1199 404 1239 parvis
420 1198 567 1239 testulis,
577 1196 761 1237 tinctisque
775 1196 809 1227 in
826 1194 937 1226 varios

231 1249 378 1288 colores,
400 1248 554 1290 reliquiae
570 1257 611 1279 ac
627 1249 852 1287 purgamenta
871 1255 938 1277 coe-

232 1309 285 1330 nae
302 1309 343 1331 ea
359 1304 432 1331 arte
449 1303 695 1340 repraesentata
711 1301 819 1337 erant,
834 1301 871 1328 ut
886 1296 935 1327 fa-

232 1349 298 1381 cile
324 1349 422 1380 inscii
451 1347 521 1380 falli
546 1348 751 1390 potuissent,
766 1347 834 1378 rati
860 1356 936 1378 esse

230 1410 327 1432 veras
344 1400 519 1441 reliquias.
562 1399 604 1430 In
618 1399 681 1430 hoc
698 1406 825 1438 genere
841 1397 936 1438 pavi-

230 1456 423 1481 mentorum
451 1449 575 1481 claruit
602 1449 705 1480 Sosus
730 1447 879 1489 qnidam,
896 1451 934 1479 ut

229 1501 277 1533 ait
293 1501 428 1533 Plinius
442 1501 503 1532 lib.
521 1507 651 1532 xxxvr.
663 1508 740 1539 cap.
756 1501 810 1530 25.
844 1498 854 1515 ‘
866 1498 932 1531 Qui

230 1552 391 1593 Pergami
407 1551 532 1583 stravit
553 1559 652 1592 quem
670 1553 794 1580 vocant
809 1546 933 1580 Asaro-

230 1608 286 1634 ton
300 1602 578 1644 ‹econ‚quoniam
589 1604 813 1642 purgamenta
829 1607 934 1631 coenae

229 1653 261 1683 in
281 1654 487 1694 pavimento,
512 1661 659 1694 quaeque
682 1651 792 1682 everri
809 1650 934 1688 solent,

227 1704 334 1736 veluti
349 1704 472 1735 relicta
486 1702 631 1742 fecerat,
647 1702 759 1743 parvis
783 1702 930 1741 testulis,

227 1753 416 1795 tinctisque
439 1753 473 1785 in
492 1754 601 1785 varios
617 1753 770 1784 colores:
795 1751 930 1782 mirabi-

224 1803 266 1834 lis
283 1803 329 1835 ibi
345 1803 503 1835 columba
525 1802 658 1842 bibens,
674 1806 709 1833 et
723 1810 844 1843 aquam
862 1810 931 1831 um-

227 1853 290 1885 bra
301 1854 426 1895 capitis
437 1852 626 1886 offuscans:
642 1852 842 1894 apricantur
851 1851 927 1882 aliae

226 1904 406 1936 scabentes
437 1913 511 1936 sese
549 1904 583 1934 in
617 1902 774 1934 canthari
803 1900 927 1932 labro.'

226 1954 313 1986 Haec
330 1954 473 1986 Plinius.
519 1953 666 1986 Quidam
683 1953 803 1984 dicunt
819 1951 926 1992 liujus-

224 2005 316 2037 modi
343 2006 537 2046 pavimenta
557 2005 653 2036 dicta
677 2006 815 2044 asarota,
839 2002 928 2044 quod

225 2056 363 2088 minime
379 2058 612 2094 verterentur,
630 2054 674 2086 ab
697 2065 718 2084 α
742 2053 927 2094 privativo,

223 2111 259 2139 et
270 2106 376 2149 σαίρω,
388 2107 479 2150 quod
489 2099 661 2147 significat
672 2114 760 2136 verro
770 2115 781 2135 .·
803 2113 927 2145 purga-

221 2162 336 2190 menta
352 2162 466 2190 autem
479 2156 633 2188 manibus
658 2155 785 2196 colligi,
800 2154 925 2186 deinde

221 2210 419 2250 pavimenta
433 2207 584 2250 spongiis
600 2207 749 2248 purgari.
786 2205 855 2237 Alii
875 2210 924 2237 ta-

218 2269 298 2291 men
314 2261 530 2293 contendunt
543 2258 648 2290 fuisse
664 2255 923 2297 diligentissime

219 2319 332 2350 versa,
347 2315 384 2342 et
397 2310 452 2341 hic
469 2308 671 2351 particulam
685 2318 705 2338 α
719 2315 845 2347 augere
859 2306 922 2346 sig-

220 2359 462 2400 nificationem,
478 2363 517 2391 ut
539 2367 632 2399 saepe
656 2357 695 2389 fit
717 2356 807 2398 apud
825 2355 923 2387 Grae-

219 2418 291 2451 cos,
305 2414 342 2441 et
368 2409 479 2451 quoad
509 2409 661 2451 speciem
686 2417 727 2439 ac
753 2415 922 2448 apparen-

220 2459 315 2500 tiam,
346 2464 479 2491 tantum
513 2462 650 2498 asarota,
680 2461 717 2490 et
755 2457 922 2488 simulatis

219 2520 324 2543 coenae
341 2511 576 2552 purgamentis
594 2514 716 2550 strata,
731 2518 774 2540 ne
789 2508 922 2540 scilicet

218 2561 299 2592 dum
313 2571 403 2593 verae
420 2561 572 2602 reliquiae
588 2566 624 2593 et
639 2563 866 2601 purgamenta
885 2559 919 2590 in

216 2612 274 2644 illa
289 2612 486 2653 pavimenta
501 2612 715 2652 deciderent,
731 2617 801 2643 tam
817 2609 920 2642 facile

217 2663 506 2695 discernerentur.
550 2661 711 2693 Artifices
728 2667 843 2694 autem
859 2660 920 2691 hn-

207 2712 359 2752 jusmodi
369 2721 511 2753 operum
523 2717 688 2743 vocantur
703 2713 712 2729 ‘
727 2710 920 2743 Musivarii'

216 2772 236 2793 a
251 2762 467 2802 Cassiodoro‚
494 2762 552 2794 lib.
567 2771 632 2794 vn.
664 2762 746 2794 Var.
762 2767 796 2794 et
812 2762 869 2795 lib.
885 2771 920 2794 x.

995 1094 1131 1127 Codicis
1142 1095 1247 1128 Titui.
1259 1096 1302 1128 de
1312 1095 1437 1129 Excus.
1453 1095 1698 1139 Artificgssmpo-

992 1143 1078 1176 θέται
1101 1145 1230 1178 Basilio
1250 1146 1392 1187 Magno,
1415 1146 1544 1179 Homil.
1561 1146 1595 1178 in
1613 1147 1698 1179 divi·

993 1198 1059 1227 tes.
1082 1195 1201 1236 Opera
1214 1205 1300 1228 vero
1311 1201 1320 1214 ⁸
1332 1195 1494 1236 Musiva,’
1515 1197 1526 1214 ‘
1541 1196 1700 1237 Musaea:

992 1246 1002 1263 ‘
1020 1245 1184 1278 Musiva.'
1229 1247 1303 1278 Nos
1325 1247 1335 1264 ⁴
1350 1247 1506 1279 Mosaica
1518 1247 1527 1260 '
1541 1247 1696 1280 dicimus.

992 1295 1194 1329 Pavimeuta
1206 1298 1320 1338 operis
1335 1299 1346 1315 ‘
1362 1298 1488 1330 Musivi
1503 1297 1514 1312 ’
1528 1309 1548 1330 a
1562 1298 1697 1331 Graecis

990 1346 1000 1363 ‘
1010 1347 1326 1388 Psephothemata:
1338 1348 1348 1366 ‘
1361 1348 1697 1390 psepliologismata‚’

989 1396 999 1413 ‘
1016 1398 1256 1439 psepliologica
1268 1398 1278 1412 ’
1292 1398 1514 1438 vocabantur,
1526 1399 1695 1440 Gregorio

990 1447 1076 1479 Naz.
1108 1449 1240 1489 ψηφῖδος
1268 1447 1414 1488 σοφισμοὶ
1444 1458 1466 1480 a
1490 1449 1604 1489 ψῆφος.
1633 1459 1694 1482 seu

987 1498 1094 1538 ψηφὶς,
1105 1498 1195 1539 quod
1206 1503 1259 1530 est
1269 1499 1392 1539 lapillus
1402 1509 1414 1535 ,·
1436 1500 1520 1530 item
1536 1498 1695 1531 erchu-

988 1550 1124 1582 drobolia
1149 1560 1168 1581 a
1193 1549 1334 1590 χόνδρος,
1354 1550 1443 1592 quod
1469 1554 1520 1582 est
1544 1560 1692 1592 granum,

989 1608 1030 1631 eo
1044 1601 1132 1642 quod
1149 1606 1264 1633 essent
1279 1611 1323 1632 ex
1335 1601 1567 1633 minutissimis
1579 1602 1694 1643 granis

990 1651 1192 1692 composita.
1229 1651 1360 1683 Latinis
1376 1651 1479 1683 etiam
1495 1651 1505 1668 ‘
1521 1652 1694 1692 pavimen-

986 1703 1022 1731 ta
1037 1701 1183 1741 sectila,'
1198 1702 1208 1720 ⁸
1221 1711 1306 1742 opus
1322 1701 1594 1743 quadratarium,
1610 1702 1692 1734 Tes-

986 1752 1144 1791 zelatum,
1170 1756 1206 1784 et
1232 1751 1529 1791 Vermiculatum,’
1549 1753 1593 1783 de
1618 1752 1693 1794 qui·

987 1801 1048 1833 bus
1065 1803 1206 1834 consule
1223 1803 1423 1834 Salmasium
1441 1802 1483 1834 ad
1499 1802 1689 1835 Historiam

983 1851 1188 1894 Augustam,
1204 1857 1240 1884 et
1255 1853 1347 1894 Spon
1364 1851 1533 1884 medicum
1554 1851 1588 1884 in
1604 1853 1691 1885 Mis·

983 1903 1145 1934 cellaneis
1169 1903 1314 1934 eruditae
1334 1902 1573 1944 Antiquitatis.
1613 1903 1688 1936 Ali-

983 1952 1039 1994 qui
1060 1953 1179 1994 legunt
1199 1953 1358 1993 suberant,
1371 1953 1406 1984 id
1427 1957 1495 1992 est,
1516 1952 1689 1987 substrata

982 2007 1081 2034 erant
1110 2003 1254 2044 pedibus
1280 2003 1364 2034 meis
1389 2007 1524 2036 asarota
1543 2003 1638 2036 novin
1651 2004 1689 2037 fi-

982 2053 1076 2093 guris
1091 2058 1223 2085 ornata.

1023 2106 1066 2134 58
1089 2104 1231 2136 Partitis
1249 2103 1413 2145 trichoris]
1435 2104 1606 2137 Domitius
1626 2116 1685 2138 ex-

980 2153 1078 2193 ponit
1105 2153 1148 2185 de
1175 2154 1283 2186 tribus
1309 2154 1627 2195 contignationibus
1649 2156 1685 2188 in

979 2204 1126 2236 aedificio
1154 2205 1422 2246 assurgentibus.
1469 2205 1687 2239 Casaubonus

978 2257 1098 2288 melius
1123 2257 1373 2299 interpretatur
1394 2257 1546 2297 trichora,
1567 2257 1686 2290 domos

978 2306 1185 2347 tripertitas,
1213 2307 1245 2338 in
1274 2307 1467 2339 Pescennio
1492 2307 1688 2348 δραι-εἰκώς

977 2356 1068 2397 quia,
1083 2361 1122 2388 ut
1145 2357 1206 2396 ait,
1229 2358 1431 2397 optimatum
1453 2355 1546 2388 oedes
1574 2356 1684 2388 tribus

976 2405 1147 2438 distinctis
1173 2406 1329 2447 partibus
1359 2410 1520 2437 constare
1549 2407 1681 2438 solent:

977 2467 1120 2500 quarum
1143 2467 1211 2489 una
1233 2457 1442 2499 ingredienti
1465 2457 1611 2490 adversa
1625 2467 1681 2490 oc-

975 2509 1094 2549 currit,
1109 2508 1186 2540 duae
1214 2513 1294 2540 sunt
1312 2517 1333 2539 a
1356 2508 1480 2540 latere.
1525 2507 1599 2540 Has
1620 2509 1684 2540 tri-

975 2560 1121 2600 partitas
1144 2559 1262 2591 domos
1285 2558 1480 2591 Architecti
1511 2559 1682 2591 vocabant

976 2610 1137 2650 Trio-hora,
1163 2608 1310 2651 τρίχωμα,
1354 2609 1548 2641 Architecti
1572 2601 1681 2642 nostri

974 2665 1100 2692 vocant
1116 2660 1301 2701 Papiliones
1321 2659 1444 2692 hodie:
1467 2659 1548 2702 quia
1560 2659 1679 2692 harum

974 2712 1124 2752 partium
1140 2709 1299 2752 (aedificii
1320 2718 1467 2751 corpora
1482 2709 1583 2750 vulgo
1603 2709 1679 2741 dix-

974 2760 1078 2804 imus)
1101 2761 1239 2802 diversa
1264 2764 1359 2793 tecta
1382 2759 1432 2792 sic
1453 2763 1679 2801 consurgunt,
