<?xml version="1.0" encoding="UTF-8"?>
<!DOCTYPE html PUBLIC "-//W3C//DTD XHTML 1.0 Transitional//EN"
    "http://www.w3.org/TR/xhtml1/DTD/xhtml1-transitional.dtd">
<html xmlns="http://www.w3.org/1999/xhtml" xml:lang="en" lang="en">
 <head>
  <title>
</title>
<meta http-equiv="Content-Type" content="text/html;charset=utf-8" />
  <meta name='ocr-system' content='tesseract 3.04.00' />
  <meta name='ocr-capabilities' content='ocr_page ocr_carea ocr_par ocr_line ocrx_word'/>
</head>
<body>
  <div class='ocr_page' id='page_1' title='image "./operaomniaexedit01statuoft_0180.png"; bbox 0 0 1800 3060; ppageno 0'>
   <div class='ocr_carea' id='block_1_1' title="bbox 233 185 1224 227">
    <p class='ocr_par' dir='ltr' id='par_1_1' title="bbox 233 185 1224 227">
     <span class='ocr_line' id='line_1_1' title="bbox 233 185 1224 227; baseline 0 -1"><span class='ocrx_word' id='word_1_1' title='bbox 233 185 317 226; x_wconf 89' lang='grc'>170</span> <span class='ocrx_word' id='word_1_2' title='bbox 729 197 769 226; x_wconf 86' lang='lat' dir='ltr'>P.</span> <span class='ocrx_word' id='word_1_3' title='bbox 804 195 992 227; x_wconf 76' lang='lat' dir='ltr'>PAP1N11</span> <span class='ocrx_word' id='word_1_4' title='bbox 1027 195 1189 226; x_wconf 74' lang='lat' dir='ltr'>STATn</span> <span class='ocrx_word' id='word_1_5' title='bbox 1219 205 1224 209; x_wconf 90' lang='lat'><strong>·</strong></span> 
     </span>
    </p>
   </div>
   <div class='ocr_carea' id='block_1_2' title="bbox 228 289 1408 1023">
    <p class='ocr_par' dir='ltr' id='par_1_2' title="bbox 231 289 1369 748">
     <span class='ocr_line' id='line_1_2' title="bbox 231 289 1337 346; baseline 0.001 -15"><span class='ocrx_word' id='word_1_6' title='bbox 231 289 572 344; x_wconf 74' lang='lat' dir='ltr'>circumplexus</span> <span class='ocrx_word' id='word_1_7' title='bbox 591 303 717 345; x_wconf 83' lang='lat' dir='ltr'>opeS‚</span> <span class='ocrx_word' id='word_1_8' title='bbox 736 294 781 333; x_wconf 88' lang='lat' dir='ltr'>et</span> <span class='ocrx_word' id='word_1_9' title='bbox 799 292 979 346; x_wconf 87' lang='lat' dir='ltr'>parcius</span> <span class='ocrx_word' id='word_1_10' title='bbox 1001 293 1190 346; x_wconf 88' lang='lat' dir='ltr'>imperat</span> <span class='ocrx_word' id='word_1_11' title='bbox 1209 292 1337 346; x_wconf 85' lang='lat' dir='ltr'>ignis.</span> 
     </span>
     <span class='ocr_line' id='line_1_3' title="bbox 234 358 1326 412; baseline 0.003 -13"><span class='ocrx_word' id='word_1_12' title='bbox 234 358 410 400; x_wconf 86' lang='lat' dir='ltr'>Multus</span> <span class='ocrx_word' id='word_1_13' title='bbox 432 359 598 412; x_wconf 90' lang='lat' dir='ltr'>ubique</span> <span class='ocrx_word' id='word_1_14' title='bbox 621 359 731 410; x_wconf 90' lang='lat' dir='ltr'>dies,</span> <span class='ocrx_word' id='word_1_15' title='bbox 752 359 887 401; x_wconf 88' lang='lat' dir='ltr'>radiis</span> <span class='ocrx_word' id='word_1_16' title='bbox 909 360 986 401; x_wconf 90' lang='lat' dir='ltr'>ubi</span> <span class='ocrx_word' id='word_1_17' title='bbox 1008 361 1200 402; x_wconf 84' lang='lat' dir='ltr'>culmina</span> <span class='ocrx_word' id='word_1_18' title='bbox 1220 361 1326 402; x_wconf 91' lang='lat' dir='ltr'>totis</span> 
     </span>
     <span class='ocr_line' id='line_1_4' title="bbox 232 425 1357 481; baseline 0.002 -15"><span class='ocrx_word' id='word_1_19' title='bbox 232 425 446 475; x_wconf 84' lang='lat' dir='ltr'>Perforat,</span> <span class='ocrx_word' id='word_1_20' title='bbox 469 429 602 480; x_wconf 85' lang='lat' dir='ltr'>atque</span> <span class='ocrx_word' id='word_1_21' title='bbox 625 427 714 468; x_wconf 85' lang='lat' dir='ltr'>alio</span> <span class='ocrx_word' id='word_1_22' title='bbox 734 428 803 468; x_wconf 88' lang='lat' dir='ltr'>sol</span> <span class='ocrx_word' id='word_1_23' title='bbox 823 427 1052 481; x_wconf 85' lang='lat' dir='ltr'>improbus</span> <span class='ocrx_word' id='word_1_24' title='bbox 1073 428 1209 470; x_wconf 89' lang='lat' dir='ltr'>uritur</span> <span class='ocrx_word' id='word_1_25' title='bbox 1227 432 1357 470; x_wconf 85' lang='lat' dir='ltr'>aestu.</span> 
     </span>
     <span class='ocr_line' id='line_1_5' title="bbox 234 493 1369 548; baseline 0.002 -14"><span class='ocrx_word' id='word_1_26' title='bbox 234 493 316 535; x_wconf 89' lang='lat' dir='ltr'>Nil</span> <span class='ocrx_word' id='word_1_27' title='bbox 334 494 397 535; x_wconf 93' lang='lat' dir='ltr'>ibi</span> <span class='ocrx_word' id='word_1_28' title='bbox 417 494 667 547; x_wconf 87' lang='lat' dir='ltr'>plebeium:</span> <span class='ocrx_word' id='word_1_29' title='bbox 698 507 914 548; x_wconf 83' lang='lat' dir='ltr'>nusquam</span> <span class='ocrx_word' id='word_1_30' title='bbox 936 495 1171 537; x_wconf 74' lang='lat' dir='ltr'>Temesaea</span> <span class='ocrx_word' id='word_1_31' title='bbox 1192 495 1369 537; x_wconf 84' lang='lat' dir='ltr'>notabis</span> 
     </span>
     <span class='ocr_line' id='line_1_6' title="bbox 232 561 1240 617; baseline 0.002 -15"><span class='ocrx_word' id='word_1_32' title='bbox 232 561 368 613; x_wconf 86' lang='lat' dir='ltr'>AEra3</span> <span class='ocrx_word' id='word_1_33' title='bbox 401 561 480 602; x_wconf 89' lang='lat' dir='ltr'>sed</span> <span class='ocrx_word' id='word_1_34' title='bbox 502 565 677 615; x_wconf 88' lang='lat' dir='ltr'>argento</span> <span class='ocrx_word' id='word_1_35' title='bbox 697 562 808 602; x_wconf 83' lang='lat' dir='ltr'>felix</span> <span class='ocrx_word' id='word_1_36' title='bbox 828 562 1085 617; x_wconf 85' lang='lat' dir='ltr'>propellitur</span> <span class='ocrx_word' id='word_1_37' title='bbox 1105 562 1240 613; x_wconf 87' lang='lat' dir='ltr'>unda,</span> 
     </span>
     <span class='ocr_line' id='line_1_7' title="bbox 232 629 1350 684; baseline 0.001 -14"><span class='ocrx_word' id='word_1_38' title='bbox 232 629 519 683; x_wconf 85' lang='lat' dir='ltr'>Argentoque</span> <span class='ocrx_word' id='word_1_39' title='bbox 540 630 675 680; x_wconf 84' lang='lat' dir='ltr'>cadit,</span> <span class='ocrx_word' id='word_1_40' title='bbox 696 629 924 684; x_wconf 86' lang='lat' dir='ltr'>labrisque</span> <span class='ocrx_word' id='word_1_41' title='bbox 945 631 1190 672; x_wconf 80' lang='lat' dir='ltr'><strong>nitentibus</strong></span> <span class='ocrx_word' id='word_1_42' title='bbox 1211 631 1350 673; x_wconf 84' lang='lat' dir='ltr'>instat</span> 
     </span>
     <span class='ocr_line' id='line_1_8' title="bbox 235 697 1172 748; baseline 0.002 -11"><span class='ocrx_word' id='word_1_43' title='bbox 235 697 437 738; x_wconf 83' lang='lat' dir='ltr'>Delicias</span> <span class='ocrx_word' id='word_1_44' title='bbox 458 697 617 739; x_wconf 85' lang='lat' dir='ltr'>mirata</span> <span class='ocrx_word' id='word_1_45' title='bbox 639 711 756 748; x_wconf 82' lang='lat' dir='ltr'>suaS,</span> <span class='ocrx_word' id='word_1_46' title='bbox 778 702 821 740; x_wconf 91' lang='lat' dir='ltr'>et</span> <span class='ocrx_word' id='word_1_47' title='bbox 841 699 961 740; x_wconf 85' lang='lat' dir='ltr'>abire</span> <span class='ocrx_word' id='word_1_48' title='bbox 980 703 1172 741; x_wconf 86' lang='lat' dir='ltr'><strong>recusat.</strong></span> 
     </span>
    </p>

    <p class='ocr_par' dir='ltr' id='par_1_3' title="bbox 228 764 1408 1023">
     <span class='ocr_line' id='line_1_9' title="bbox 236 764 1394 819; baseline 0.001 -13"><span class='ocrx_word' id='word_1_49' title='bbox 236 764 379 806; x_wconf 85' lang='lat' dir='ltr'><strong>Extra</strong></span> <span class='ocrx_word' id='word_1_50' title='bbox 399 767 546 806; x_wconf 85' lang='lat' dir='ltr'>autem</span> <span class='ocrx_word' id='word_1_51' title='bbox 564 765 693 807; x_wconf 88' lang='lat' dir='ltr'>niveo</span> <span class='ocrx_word' id='word_1_52' title='bbox 715 767 793 819; x_wconf 88' lang='lat' dir='ltr'>qui</span> <span class='ocrx_word' id='word_1_53' title='bbox 813 766 1008 819; x_wconf 79' lang='lat' dir='ltr'>margine</span> <span class='ocrx_word' id='word_1_54' title='bbox 1029 766 1229 808; x_wconf 89' lang='lat' dir='ltr'>coerulus</span> <span class='ocrx_word' id='word_1_55' title='bbox 1251 766 1394 807; x_wconf 88' lang='lat' dir='ltr'>amnis</span> 
     </span>
     <span class='ocr_line' id='line_1_10' title="bbox 233 831 1408 887; baseline 0.002 -14"><span class='ocrx_word' id='word_1_56' title='bbox 233 831 378 882; x_wconf 92' lang='lat' dir='ltr'>Vivit,</span> <span class='ocrx_word' id='word_1_57' title='bbox 399 837 444 875; x_wconf 89' lang='lat' dir='ltr'>et</span> <span class='ocrx_word' id='word_1_58' title='bbox 462 833 507 874; x_wconf 92' lang='lat' dir='ltr'>in</span> <span class='ocrx_word' id='word_1_59' title='bbox 523 846 742 874; x_wconf 89' lang='lat' dir='ltr'>summum</span> <span class='ocrx_word' id='word_1_60' title='bbox 763 833 902 874; x_wconf 90' lang='lat' dir='ltr'>fundo</span> <span class='ocrx_word' id='word_1_61' title='bbox 922 837 1047 887; x_wconf 84' lang='lat' dir='ltr'>patet</span> <span class='ocrx_word' id='word_1_62' title='bbox 1066 834 1206 875; x_wconf 90' lang='lat' dir='ltr'>omnis</span> <span class='ocrx_word' id='word_1_63' title='bbox 1227 835 1283 875; x_wconf 91' lang='lat' dir='ltr'>ab</span> <span class='ocrx_word' id='word_1_64' title='bbox 1303 834 1408 884; x_wconf 91' lang='lat' dir='ltr'>imo,</span> 
     </span>
     <span class='ocr_line' id='line_1_11' title="bbox 234 900 1366 956; baseline 0.003 -15"><span class='ocrx_word' id='word_1_65' title='bbox 234 900 320 942; x_wconf 88' lang='lat' dir='ltr'>Cui</span> <span class='ocrx_word' id='word_1_66' title='bbox 338 913 424 942; x_wconf 90' lang='lat' dir='ltr'>non</span> <span class='ocrx_word' id='word_1_67' title='bbox 444 901 508 942; x_wconf 89' lang='lat' dir='ltr'>ire</span> <span class='ocrx_word' id='word_1_68' title='bbox 527 901 644 952; x_wconf 85' lang='lat' dir='ltr'>lacu,</span> <span class='ocrx_word' id='word_1_69' title='bbox 666 902 902 956; x_wconf 84' lang='lat' dir='ltr'>pigrosque</span> <span class='ocrx_word' id='word_1_70' title='bbox 922 902 1155 943; x_wconf 84' lang='lat' dir='ltr'>exsolvere</span> <span class='ocrx_word' id='word_1_71' title='bbox 1173 902 1366 944; x_wconf 87' lang='lat' dir='ltr'>amictus</span> 
     </span>
     <span class='ocr_line' id='line_1_12' title="bbox 228 967 1394 1023; baseline 0.001 -14"><span class='ocrx_word' id='word_1_72' title='bbox 228 967 451 1010; x_wconf 68' lang='lat' dir='ltr'>Suadeat‘i</span> <span class='ocrx_word' id='word_1_73' title='bbox 482 968 568 1011; x_wconf 89' lang='lat' dir='ltr'>hoc</span> <span class='ocrx_word' id='word_1_74' title='bbox 588 969 742 1011; x_wconf 88' lang='lat' dir='ltr'>mallet</span> <span class='ocrx_word' id='word_1_75' title='bbox 761 969 887 1011; x_wconf 89' lang='lat' dir='ltr'>nasci</span> <span class='ocrx_word' id='word_1_76' title='bbox 909 968 1130 1023; x_wconf 85' lang='lat' dir='ltr'>Cytherea</span> <span class='ocrx_word' id='word_1_77' title='bbox 1150 968 1394 1023; x_wconf 88' lang='lat' dir='ltr'>profund0;</span> 
     </span>
    </p>
   </div>
   <div class='ocr_carea' id='block_1_3' title="bbox 1632 362 1689 403">
    <p class='ocr_par' dir='ltr' id='par_1_4' title="bbox 1632 362 1689 403">
     <span class='ocr_line' id='line_1_13' title="bbox 1632 362 1689 403; baseline 0 0"><span class='ocrx_word' id='word_1_78' title='bbox 1632 362 1689 403; x_wconf 89' lang='grc'>45</span> 
     </span>
    </p>
   </div>
   <div class='ocr_carea' id='block_1_4' title="bbox 1633 697 1690 739">
    <p class='ocr_par' dir='ltr' id='par_1_5' title="bbox 1633 697 1690 739">
     <span class='ocr_line' id='line_1_14' title="bbox 1633 697 1690 739; baseline 0 0"><span class='ocrx_word' id='word_1_79' title='bbox 1633 697 1690 739; x_wconf 76' lang='grc'>50</span> 
     </span>
    </p>
   </div>
   <div class='ocr_carea' id='block_1_5' title="bbox 227 1089 1691 1389">
    <p class='ocr_par' dir='ltr' id='par_1_6' title="bbox 227 1089 1691 1389">
     <span class='ocr_line' id='line_1_15' title="bbox 234 1089 1689 1132; baseline -0.001 -10"><span class='ocrx_word' id='word_1_80' title='bbox 234 1090 389 1122; x_wconf 72' lang='lat' dir='ltr'>videntur.</span> <span class='ocrx_word' id='word_1_81' title='bbox 434 1090 506 1130; x_wconf 81' lang='lat' dir='ltr'>Ipse</span> <span class='ocrx_word' id='word_1_82' title='bbox 523 1091 610 1131; x_wconf 80' lang='lat' dir='ltr'>ignis</span> <span class='ocrx_word' id='word_1_83' title='bbox 631 1092 777 1128; x_wconf 80' lang='lat' dir='ltr'>miratur,</span> <span class='ocrx_word' id='word_1_84' title='bbox 803 1091 1056 1132; x_wconf 78' lang='lat' dir='ltr'>circumplectens</span> <span class='ocrx_word' id='word_1_85' title='bbox 1081 1094 1186 1122; x_wconf 79' lang='lat' dir='ltr'>tantas</span> <span class='ocrx_word' id='word_1_86' title='bbox 1206 1091 1346 1129; x_wconf 72' lang='lat' dir='ltr'>dicitius,</span> <span class='ocrx_word' id='word_1_87' title='bbox 1371 1094 1401 1122; x_wconf 78' lang='lat' dir='ltr'>et</span> <span class='ocrx_word' id='word_1_88' title='bbox 1423 1089 1614 1122; x_wconf 73' lang='lat' dir='ltr'>moderatius</span> <span class='ocrx_word' id='word_1_89' title='bbox 1637 1090 1689 1120; x_wconf 83' lang='lat' dir='ltr'>do-</span> 
     </span>
     <span class='ocr_line' id='line_1_16' title="bbox 234 1132 1691 1175; baseline -0.001 -10"><span class='ocrx_word' id='word_1_90' title='bbox 234 1133 384 1166; x_wconf 78' lang='lat' dir='ltr'>minatur.</span> <span class='ocrx_word' id='word_1_91' title='bbox 430 1135 535 1165; x_wconf 81' lang='lat' dir='ltr'>Multa</span> <span class='ocrx_word' id='word_1_92' title='bbox 550 1134 660 1175; x_wconf 80' lang='lat' dir='ltr'>ubique</span> <span class='ocrx_word' id='word_1_93' title='bbox 673 1136 728 1166; x_wconf 74' lang='lat' dir='ltr'>lux</span> <span class='ocrx_word' id='word_1_94' title='bbox 740 1138 798 1170; x_wconf 80' lang='lat' dir='ltr'>est,</span> <span class='ocrx_word' id='word_1_95' title='bbox 816 1134 867 1165; x_wconf 73' lang='lat' dir='ltr'>ubi</span> <span class='ocrx_word' id='word_1_96' title='bbox 882 1136 927 1165; x_wconf 77' lang='lat' dir='ltr'>sol</span> <span class='ocrx_word' id='word_1_97' title='bbox 943 1134 1102 1175; x_wconf 63' lang='lat' dir='ltr'>transfigit</span> <span class='ocrx_word' id='word_1_98' title='bbox 1118 1134 1256 1165; x_wconf 78' lang='lat' dir='ltr'>omnibus</span> <span class='ocrx_word' id='word_1_99' title='bbox 1267 1134 1367 1166; x_wconf 76' lang='lat' dir='ltr'>radiis</span> <span class='ocrx_word' id='word_1_100' title='bbox 1379 1134 1564 1172; x_wconf 76' lang='lat' dir='ltr'>culmina,et</span> <span class='ocrx_word' id='word_1_101' title='bbox 1575 1132 1691 1164; x_wconf 70' lang='lat' dir='ltr'>uiritim</span> 
     </span>
     <span class='ocr_line' id='line_1_17' title="bbox 233 1176 1690 1216; baseline -0.001 -9"><span class='ocrx_word' id='word_1_102' title='bbox 233 1176 413 1208; x_wconf 73' lang='lat' dir='ltr'>incenditur</span> <span class='ocrx_word' id='word_1_103' title='bbox 426 1178 487 1208; x_wconf 81' lang='lat' dir='ltr'>alio</span> <span class='ocrx_word' id='word_1_104' title='bbox 499 1178 620 1209; x_wconf 82' lang='lat' dir='ltr'>ardore.</span> <span class='ocrx_word' id='word_1_105' title='bbox 667 1178 759 1208; x_wconf 78' lang='lat' dir='ltr'>Nihil</span> <span class='ocrx_word' id='word_1_106' title='bbox 773 1177 817 1208; x_wconf 81' lang='lat' dir='ltr'>ibi</span> <span class='ocrx_word' id='word_1_107' title='bbox 832 1180 878 1208; x_wconf 77' lang='lat' dir='ltr'>est</span> <span class='ocrx_word' id='word_1_108' title='bbox 892 1177 1030 1216; x_wconf 78' lang='lat' dir='ltr'>vulgare.</span> <span class='ocrx_word' id='word_1_109' title='bbox 1078 1177 1203 1208; x_wconf 77' lang='lat' dir='ltr'>Nulliln·</span> <span class='ocrx_word' id='word_1_110' title='bbox 1225 1177 1343 1208; x_wconf 70' lang='lat' dir='ltr'>videbis</span> <span class='ocrx_word' id='word_1_111' title='bbox 1367 1186 1431 1207; x_wconf 81' lang='lat' dir='ltr'>oera</span> <span class='ocrx_word' id='word_1_112' title='bbox 1454 1177 1624 1214; x_wconf 67' lang='lat' dir='ltr'>rhemens,</span> <span class='ocrx_word' id='word_1_113' title='bbox 1636 1176 1690 1206; x_wconf 74' lang='lat' dir='ltr'>sed</span> 
     </span>
     <span class='ocr_line' id='line_1_18' title="bbox 232 1217 1691 1261; baseline -0.001 -10"><span class='ocrx_word' id='word_1_114' title='bbox 232 1218 365 1260; x_wconf 64' lang='lat' dir='ltr'>superba</span> <span class='ocrx_word' id='word_1_115' title='bbox 385 1230 463 1260; x_wconf 81' lang='lat' dir='ltr'>aqua</span> <span class='ocrx_word' id='word_1_116' title='bbox 475 1221 672 1260; x_wconf 74' lang='lat' dir='ltr'>protruditur</span> <span class='ocrx_word' id='word_1_117' title='bbox 685 1221 842 1261; x_wconf 71' lang='lat' dir='ltr'>argenteis</span> <span class='ocrx_word' id='word_1_118' title='bbox 854 1219 937 1251; x_wconf 79' lang='lat' dir='ltr'>tubis</span> <span class='ocrx_word' id='word_1_119' title='bbox 951 1223 982 1250; x_wconf 81' lang='lat' dir='ltr'>et</span> <span class='ocrx_word' id='word_1_120' title='bbox 996 1219 1114 1251; x_wconf 81' lang='lat' dir='ltr'>labitur</span> <span class='ocrx_word' id='word_1_121' title='bbox 1127 1230 1166 1250; x_wconf 80' lang='lat' dir='ltr'>ex</span> <span class='ocrx_word' id='word_1_122' title='bbox 1186 1220 1332 1260; x_wconf 73' lang='lat' dir='ltr'>epitomis</span> <span class='ocrx_word' id='word_1_123' title='bbox 1345 1219 1514 1259; x_wconf 72' lang='lat' dir='ltr'>argenteis,</span> <span class='ocrx_word' id='word_1_124' title='bbox 1534 1222 1566 1250; x_wconf 81' lang='lat' dir='ltr'>et</span> <span class='ocrx_word' id='word_1_125' title='bbox 1577 1217 1691 1259; x_wconf 66' lang='lat' dir='ltr'>premit</span> 
     </span>
     <span class='ocr_line' id='line_1_19' title="bbox 227 1261 1690 1302; baseline -0.001 -9"><span class='ocrx_word' id='word_1_126' title='bbox 227 1261 392 1302; x_wconf 79' lang='lat' dir='ltr'>fulgentia</span> <span class='ocrx_word' id='word_1_127' title='bbox 406 1273 488 1300; x_wconf 77' lang='lat' dir='ltr'>vasa,</span> <span class='ocrx_word' id='word_1_128' title='bbox 503 1263 620 1294; x_wconf 71' lang='lat' dir='ltr'>mirans</span> <span class='ocrx_word' id='word_1_129' title='bbox 633 1274 704 1295; x_wconf 81' lang='lat' dir='ltr'>suas</span> <span class='ocrx_word' id='word_1_130' title='bbox 717 1263 856 1300; x_wconf 79' lang='lat' dir='ltr'>delicias,</span> <span class='ocrx_word' id='word_1_131' title='bbox 875 1266 906 1294; x_wconf 87' lang='lat' dir='ltr'>et</span> <span class='ocrx_word' id='word_1_132' title='bbox 921 1273 981 1294; x_wconf 81' lang='lat' dir='ltr'>mm</span> <span class='ocrx_word' id='word_1_133' title='bbox 997 1264 1063 1294; x_wconf 73' lang='lat' dir='ltr'>vult</span> <span class='ocrx_word' id='word_1_134' title='bbox 1075 1263 1239 1302; x_wconf 81' lang='lat' dir='ltr'>emigrare.</span> <span class='ocrx_word' id='word_1_135' title='bbox 1282 1263 1388 1294; x_wconf 76' lang='lat' dir='ltr'>Extra</span> <span class='ocrx_word' id='word_1_136' title='bbox 1402 1272 1471 1294; x_wconf 75' lang='lat' dir='ltr'>tero</span> <span class='ocrx_word' id='word_1_137' title='bbox 1485 1262 1613 1293; x_wconf 79' lang='lat' dir='ltr'>coendea</span> <span class='ocrx_word' id='word_1_138' title='bbox 1624 1261 1690 1301; x_wconf 68' lang='lat' dir='ltr'>pia-</span> 
     </span>
     <span class='ocr_line' id='line_1_20' title="bbox 233 1304 1688 1347; baseline -0.001 -11"><span class='ocrx_word' id='word_1_139' title='bbox 233 1305 391 1345; x_wconf 78' lang='lat' dir='ltr'>cinafluit</span> <span class='ocrx_word' id='word_1_140' title='bbox 413 1305 445 1336; x_wconf 83' lang='lat' dir='ltr'>in</span> <span class='ocrx_word' id='word_1_141' title='bbox 468 1306 599 1336; x_wconf 83' lang='lat' dir='ltr'>candido</span> <span class='ocrx_word' id='word_1_142' title='bbox 614 1307 710 1345; x_wconf 78' lang='lat' dir='ltr'>labro,</span> <span class='ocrx_word' id='word_1_143' title='bbox 724 1317 792 1347; x_wconf 84' lang='lat' dir='ltr'>quae</span> <span class='ocrx_word' id='word_1_144' title='bbox 810 1309 873 1337; x_wconf 86' lang='lat' dir='ltr'>tota</span> <span class='ocrx_word' id='word_1_145' title='bbox 887 1306 1044 1345; x_wconf 80' lang='lat' dir='ltr'>perlucida</span> <span class='ocrx_word' id='word_1_146' title='bbox 1059 1309 1104 1337; x_wconf 80' lang='lat' dir='ltr'>est</span> <span class='ocrx_word' id='word_1_147' title='bbox 1118 1305 1156 1336; x_wconf 87' lang='lat' dir='ltr'>ab</span> <span class='ocrx_word' id='word_1_148' title='bbox 1171 1305 1231 1336; x_wconf 79' lang='lat' dir='ltr'>imo</span> <span class='ocrx_word' id='word_1_149' title='bbox 1238 1304 1341 1344; x_wconf 82' lang='lat' dir='ltr'>fundo</span> <span class='ocrx_word' id='word_1_150' title='bbox 1362 1315 1455 1346; x_wconf 80' lang='lat' dir='ltr'>usque</span> <span class='ocrx_word' id='word_1_151' title='bbox 1474 1306 1514 1336; x_wconf 83' lang='lat' dir='ltr'>ad</span> <span class='ocrx_word' id='word_1_152' title='bbox 1525 1313 1688 1335; x_wconf 72' lang='lat' dir='ltr'>summum.</span> 
     </span>
     <span class='ocr_line' id='line_1_21' title="bbox 236 1343 1689 1389; baseline -0.001 -10"><span class='ocrx_word' id='word_1_153' title='bbox 236 1348 318 1384; x_wconf 75' lang='lat' dir='ltr'>Quis</span> <span class='ocrx_word' id='word_1_154' title='bbox 330 1351 394 1380; x_wconf 84' lang='lat' dir='ltr'>tam</span> <span class='ocrx_word' id='word_1_155' title='bbox 405 1349 523 1388; x_wconf 79' lang='lat' dir='ltr'>segnis,</span> <span class='ocrx_word' id='word_1_156' title='bbox 537 1351 590 1389; x_wconf 77' lang='lat' dir='ltr'>qui</span> <span class='ocrx_word' id='word_1_157' title='bbox 605 1359 665 1381; x_wconf 82' lang='lat' dir='ltr'>non</span> <span class='ocrx_word' id='word_1_158' title='bbox 680 1349 830 1381; x_wconf 73' lang='lat' dir='ltr'>invitetur</span> <span class='ocrx_word' id='word_1_159' title='bbox 840 1357 951 1380; x_wconf 81' lang='lat' dir='ltr'>exuere</span> <span class='ocrx_word' id='word_1_160' title='bbox 965 1351 1076 1386; x_wconf 77' lang='lat' dir='ltr'>vestes,</span> <span class='ocrx_word' id='word_1_161' title='bbox 1088 1352 1118 1379; x_wconf 86' lang='lat' dir='ltr'>et</span> <span class='ocrx_word' id='word_1_162' title='bbox 1131 1348 1235 1380; x_wconf 81' lang='lat' dir='ltr'>lavare</span> <span class='ocrx_word' id='word_1_163' title='bbox 1248 1358 1280 1379; x_wconf 85' lang='lat' dir='ltr'>se</span> <span class='ocrx_word' id='word_1_164' title='bbox 1294 1348 1328 1379; x_wconf 81' lang='lat' dir='ltr'>in</span> <span class='ocrx_word' id='word_1_165' title='bbox 1341 1351 1404 1379; x_wconf 79' lang='lat' dir='ltr'>tam</span> <span class='ocrx_word' id='word_1_166' title='bbox 1424 1347 1562 1388; x_wconf 72' lang='lat' dir='ltr'>limpidis</span> <span class='ocrx_word' id='word_1_167' title='bbox 1576 1347 1663 1388; x_wconf 75' lang='lat' dir='ltr'>aquis</span> <span class='ocrx_word' id='word_1_168' title='bbox 1672 1343 1689 1377; x_wconf 70' lang='lat'>‘3</span> 
     </span>
    </p>
   </div>
   <div class='ocr_carea' id='block_1_6' title="bbox 841 1444 1082 1457">
    <p class='ocr_par' dir='ltr' id='par_1_7' title="bbox 841 1444 1082 1457">
     <span class='ocr_line' id='line_1_22' title="bbox 841 1444 1082 1457; baseline -0.004 0"><span class='ocrx_word' id='word_1_169' title='bbox 841 1444 1082 1457; x_wconf 54' lang='lat' dir='ltr'>eeeeeeeeeee</span> 
     </span>
    </p>
   </div>
   <div class='ocr_carea' id='block_1_7' title="bbox 234 1507 1690 1681">
    <p class='ocr_par' dir='ltr' id='par_1_8' title="bbox 234 1507 1690 1681">
     <span class='ocr_line' id='line_1_23' title="bbox 234 1507 1689 1551; baseline -0.001 -10"><span class='ocrx_word' id='word_1_170' title='bbox 234 1510 350 1551; x_wconf 77' lang='lat' dir='ltr'>species</span> <span class='ocrx_word' id='word_1_171' title='bbox 366 1510 505 1543; x_wconf 78' lang='lat' dir='ltr'>animata</span> <span class='ocrx_word' id='word_1_172' title='bbox 523 1511 637 1543; x_wconf 80' lang='lat' dir='ltr'>nitent.</span> <span class='ocrx_word' id='word_1_173' title='bbox 661 1509 714 1543; x_wconf 88' lang='lat' dir='ltr'>Cf.</span> <span class='ocrx_word' id='word_1_174' title='bbox 737 1511 843 1543; x_wconf 83' lang='lat' dir='ltr'>Theb.</span> <span class='ocrx_word' id='word_1_175' title='bbox 859 1520 909 1544; x_wconf 76' lang='lat' dir='ltr'>vr.</span> <span class='ocrx_word' id='word_1_176' title='bbox 932 1513 1099 1544; x_wconf 82' lang='grc'><strong>268.-47</strong></span> <span class='ocrx_word' id='word_1_177' title='bbox 1114 1510 1255 1543; x_wconf 74' lang='grc' dir='ltr'>Τεηιεεεα</span> <span class='ocrx_word' id='word_1_178' title='bbox 1270 1509 1409 1542; x_wconf 68' lang='lat' dir='ltr'>Veneti.</span> <span class='ocrx_word' id='word_1_179' title='bbox 1424 1508 1539 1540; x_wconf 83' lang='lat' dir='ltr'>Parm.</span> <span class='ocrx_word' id='word_1_180' title='bbox 1550 1507 1689 1540; x_wconf 74' lang='lat' dir='ltr'>vicent.</span> 
     </span>
     <span class='ocr_line' id='line_1_24' title="bbox 234 1551 1689 1595; baseline -0.001 -11"><span class='ocrx_word' id='word_1_181' title='bbox 234 1553 339 1585; x_wconf 75' lang='lat' dir='ltr'>Aldd‚</span> <span class='ocrx_word' id='word_1_182' title='bbox 371 1554 480 1586; x_wconf 86' lang='lat' dir='ltr'>Colin.</span> <span class='ocrx_word' id='word_1_183' title='bbox 514 1555 645 1595; x_wconf 87' lang='lat' dir='ltr'>Gryph.</span> <span class='ocrx_word' id='word_1_184' title='bbox 675 1557 740 1586; x_wconf 73' lang='grc' dir='ltr'>διο.</span> <span class='ocrx_word' id='word_1_185' title='bbox 777 1555 915 1586; x_wconf 81' lang='lat' dir='ltr'>Temesia</span> <span class='ocrx_word' id='word_1_186' title='bbox 937 1555 1033 1586; x_wconf 88' lang='lat' dir='ltr'>Rom.</span> <span class='ocrx_word' id='word_1_187' title='bbox 1079 1554 1167 1586; x_wconf 83' lang='lat' dir='ltr'>Usus</span> <span class='ocrx_word' id='word_1_188' title='bbox 1198 1557 1310 1585; x_wconf 86' lang='lat' dir='ltr'>tamen</span> <span class='ocrx_word' id='word_1_189' title='bbox 1345 1551 1496 1592; x_wconf 78' lang='lat' dir='ltr'>postulat</span> <span class='ocrx_word' id='word_1_190' title='bbox 1528 1551 1689 1583; x_wconf 76' lang='lat' dir='ltr'>Temem-</span> 
     </span>
     <span class='ocr_line' id='line_1_25' title="bbox 235 1593 1690 1637; baseline -0.002 -10"><span class='ocrx_word' id='word_1_191' title='bbox 235 1597 356 1637; x_wconf 80' lang='lat' dir='ltr'>steph.</span> <span class='ocrx_word' id='word_1_192' title='bbox 372 1597 414 1628; x_wconf 89' lang='lat' dir='ltr'>B.</span> <span class='ocrx_word' id='word_1_193' title='bbox 431 1597 554 1628; x_wconf 87' lang='lat' dir='ltr'>scribit</span> <span class='ocrx_word' id='word_1_194' title='bbox 568 1599 832 1636; x_wconf 80' lang='grc' dir='ltr'>Τεμεσιιῖος.--52</span> <span class='ocrx_word' id='word_1_195' title='bbox 855 1597 959 1628; x_wconf 90' lang='lat' dir='ltr'>Aldd.</span> <span class='ocrx_word' id='word_1_196' title='bbox 986 1597 1093 1629; x_wconf 85' lang='lat' dir='ltr'>Colin.</span> <span class='ocrx_word' id='word_1_197' title='bbox 1125 1596 1258 1637; x_wconf 86' lang='lat' dir='ltr'>Gryph.</span> <span class='ocrx_word' id='word_1_198' title='bbox 1274 1600 1309 1627; x_wconf 91' lang='lat' dir='ltr'>et</span> <span class='ocrx_word' id='word_1_199' title='bbox 1325 1595 1430 1626; x_wconf 78' lang='lat' dir='ltr'>Basil.</span> <span class='ocrx_word' id='word_1_200' title='bbox 1452 1597 1483 1626; x_wconf 79' lang='lat' dir='ltr'>et</span> <span class='ocrx_word' id='word_1_201' title='bbox 1499 1593 1534 1625; x_wconf 81' lang='lat' dir='ltr'>in</span> <span class='ocrx_word' id='word_1_202' title='bbox 1553 1593 1690 1632; x_wconf 73' lang='lat' dir='ltr'>fundum</span> 
     </span>
     <span class='ocr_line' id='line_1_26' title="bbox 234 1636 1688 1681; baseline -0.002 -11"><span class='ocrx_word' id='word_1_203' title='bbox 234 1648 376 1677; x_wconf 57' lang='lat' dir='ltr'>summm</span> <span class='ocrx_word' id='word_1_204' title='bbox 399 1639 541 1672; x_wconf 86' lang='lat' dir='ltr'>Gevart.</span> <span class='ocrx_word' id='word_1_205' title='bbox 556 1639 702 1672; x_wconf 86' lang='lat' dir='ltr'>Amstel.</span> <span class='ocrx_word' id='word_1_206' title='bbox 719 1641 871 1673; x_wconf 88' lang='lat' dir='ltr'>Gronov.</span> <span class='ocrx_word' id='word_1_207' title='bbox 892 1640 999 1671; x_wconf 90' lang='lat' dir='ltr'>Veen.</span> <span class='ocrx_word' id='word_1_208' title='bbox 1016 1645 1052 1672; x_wconf 90' lang='lat' dir='ltr'>et</span> <span class='ocrx_word' id='word_1_209' title='bbox 1065 1639 1193 1681; x_wconf 85' lang='lat' dir='ltr'>Delph.</span> <span class='ocrx_word' id='word_1_210' title='bbox 1210 1642 1241 1671; x_wconf 86' lang='lat' dir='ltr'>et</span> <span class='ocrx_word' id='word_1_211' title='bbox 1255 1639 1291 1670; x_wconf 81' lang='lat' dir='ltr'>in</span> <span class='ocrx_word' id='word_1_212' title='bbox 1302 1647 1451 1670; x_wconf 77' lang='lat' dir='ltr'>summm</span> <span class='ocrx_word' id='word_1_213' title='bbox 1464 1636 1590 1676; x_wconf 60' lang='lat' dir='ltr'>funden</span> <span class='ocrx_word' id='word_1_214' title='bbox 1612 1646 1688 1678; x_wconf 84' lang='lat' dir='ltr'>quae</span> 
     </span>
    </p>
   </div>
   <div class='ocr_carea' id='block_1_8' title="bbox 895 1732 1035 1765">
    <p class='ocr_par' dir='ltr' id='par_1_9' title="bbox 895 1732 1035 1765">
     <span class='ocr_line' id='line_1_27' title="bbox 895 1732 1035 1765; baseline -0.007 0"><span class='ocrx_word' id='word_1_215' title='bbox 895 1732 926 1765; x_wconf 79' lang='lat' dir='ltr'>N</span> <span class='ocrx_word' id='word_1_216' title='bbox 933 1732 1035 1764; x_wconf 82' lang='lat' dir='ltr'>O&#39;rAE</span> 
     </span>
    </p>
   </div>
   <div class='ocr_carea' id='block_1_9' title="bbox 231 1795 938 2805">
    <p class='ocr_par' dir='ltr' id='par_1_10' title="bbox 232 1795 936 2092">
     <span class='ocr_line' id='line_1_28' title="bbox 274 1795 936 1839; baseline -0.005 -9"><span class='ocrx_word' id='word_1_217' title='bbox 274 1800 318 1830; x_wconf 81' lang='lat'>44</span> <span class='ocrx_word' id='word_1_218' title='bbox 342 1798 388 1829; x_wconf 77' lang='lat' dir='ltr'>Et</span> <span class='ocrx_word' id='word_1_219' title='bbox 415 1798 539 1838; x_wconf 81' lang='lat' dir='ltr'>parcius</span> <span class='ocrx_word' id='word_1_220' title='bbox 559 1798 694 1839; x_wconf 81' lang='lat' dir='ltr'>imperat</span> <span class='ocrx_word' id='word_1_221' title='bbox 715 1797 816 1839; x_wconf 78' lang='lat' dir='ltr'>ignis]</span> <span class='ocrx_word' id='word_1_222' title='bbox 833 1795 936 1828; x_wconf 81' lang='lat' dir='ltr'>Refer</span> 
     </span>
     <span class='ocr_line' id='line_1_29' title="bbox 235 1847 934 1882; baseline -0.003 -2"><span class='ocrx_word' id='word_1_223' title='bbox 235 1847 278 1880; x_wconf 75' lang='lat' dir='ltr'>ad</span> <span class='ocrx_word' id='word_1_224' title='bbox 295 1847 380 1879; x_wconf 89' lang='lat' dir='ltr'>illud</span> <span class='ocrx_word' id='word_1_225' title='bbox 395 1848 503 1880; x_wconf 89' lang='lat' dir='ltr'>Theb.</span> <span class='ocrx_word' id='word_1_226' title='bbox 516 1857 583 1880; x_wconf 84' lang='lat' dir='ltr'>vn.</span> <span class='ocrx_word' id='word_1_227' title='bbox 606 1850 616 1866; x_wconf 92' lang='lat'>‘</span> <span class='ocrx_word' id='word_1_228' title='bbox 629 1849 740 1882; x_wconf 81' lang='lat' dir='ltr'>Quam</span> <span class='ocrx_word' id='word_1_229' title='bbox 753 1857 850 1879; x_wconf 87' lang='lat' dir='ltr'>rarus</span> <span class='ocrx_word' id='word_1_230' title='bbox 867 1852 934 1879; x_wconf 91' lang='lat' dir='ltr'>ter-</span> 
     </span>
     <span class='ocr_line' id='line_1_30' title="bbox 233 1898 934 1940; baseline 0 -11"><span class='ocrx_word' id='word_1_231' title='bbox 233 1899 279 1930; x_wconf 84' lang='lat' dir='ltr'>ris</span> <span class='ocrx_word' id='word_1_232' title='bbox 295 1898 349 1930; x_wconf 86' lang='lat' dir='ltr'>hic</span> <span class='ocrx_word' id='word_1_233' title='bbox 362 1898 511 1939; x_wconf 85' lang='lat' dir='ltr'>imperet</span> <span class='ocrx_word' id='word_1_234' title='bbox 526 1898 638 1940; x_wconf 88' lang='lat' dir='ltr'>iguis.’</span> <span class='ocrx_word' id='word_1_235' title='bbox 680 1899 726 1930; x_wconf 94' lang='lat' dir='ltr'>Et</span> <span class='ocrx_word' id='word_1_236' title='bbox 742 1899 815 1930; x_wconf 86' lang='lat' dir='ltr'>vult</span> <span class='ocrx_word' id='word_1_237' title='bbox 831 1898 934 1940; x_wconf 84' lang='lat' dir='ltr'>signi-</span> 
     </span>
     <span class='ocr_line' id='line_1_31' title="bbox 232 1948 935 1991; baseline -0.001 -10"><span class='ocrx_word' id='word_1_238' title='bbox 232 1949 338 1981; x_wconf 83' lang='lat' dir='ltr'>ficare</span> <span class='ocrx_word' id='word_1_239' title='bbox 353 1948 467 1981; x_wconf 70' lang='lat' dir='ltr'>Poeta</span> <span class='ocrx_word' id='word_1_240' title='bbox 487 1950 613 1991; x_wconf 88' lang='lat' dir='ltr'>ignem,</span> <span class='ocrx_word' id='word_1_241' title='bbox 635 1959 711 1982; x_wconf 88' lang='lat' dir='ltr'>cum</span> <span class='ocrx_word' id='word_1_242' title='bbox 736 1953 849 1981; x_wconf 84' lang='lat' dir='ltr'>tamen</span> <span class='ocrx_word' id='word_1_243' title='bbox 875 1959 935 1980; x_wconf 85' lang='lat' dir='ltr'>sua</span> 
     </span>
     <span class='ocr_line' id='line_1_32' title="bbox 233 2000 934 2042; baseline 0.001 -11"><span class='ocrx_word' id='word_1_244' title='bbox 233 2005 358 2032; x_wconf 83' lang='lat' dir='ltr'>natura</span> <span class='ocrx_word' id='word_1_245' title='bbox 373 2001 417 2031; x_wconf 89' lang='lat' dir='ltr'>sit</span> <span class='ocrx_word' id='word_1_246' title='bbox 429 2000 531 2041; x_wconf 86' lang='lat' dir='ltr'>edax,</span> <span class='ocrx_word' id='word_1_247' title='bbox 547 2000 603 2032; x_wconf 85' lang='lat' dir='ltr'>hic</span> <span class='ocrx_word' id='word_1_248' title='bbox 621 2000 755 2042; x_wconf 83' lang='lat' dir='ltr'>parcius</span> <span class='ocrx_word' id='word_1_249' title='bbox 769 2006 805 2032; x_wconf 90' lang='lat' dir='ltr'>et</span> <span class='ocrx_word' id='word_1_250' title='bbox 819 2000 934 2032; x_wconf 84' lang='lat' dir='ltr'>mode-</span> 
     </span>
     <span class='ocr_line' id='line_1_33' title="bbox 233 2050 649 2092; baseline -0.002 -10"><span class='ocrx_word' id='word_1_251' title='bbox 233 2050 342 2082; x_wconf 78' lang='lat' dir='ltr'>ratius</span> <span class='ocrx_word' id='word_1_252' title='bbox 355 2050 404 2082; x_wconf 88' lang='lat' dir='ltr'>uti</span> <span class='ocrx_word' id='word_1_253' title='bbox 422 2051 563 2092; x_wconf 84' lang='lat' dir='ltr'>imperio</span> <span class='ocrx_word' id='word_1_254' title='bbox 577 2060 649 2082; x_wconf 90' lang='lat' dir='ltr'>suo.</span> 
     </span>
    </p>

    <p class='ocr_par' dir='ltr' id='par_1_11' title="bbox 233 2100 938 2192">
     <span class='ocr_line' id='line_1_34' title="bbox 277 2100 938 2142; baseline 0 -9"><span class='ocrx_word' id='word_1_255' title='bbox 277 2104 318 2134; x_wconf 79' lang='lat'>4⁵</span> <span class='ocrx_word' id='word_1_256' title='bbox 336 2102 461 2133; x_wconf 74' lang='lat' dir='ltr'>Multus</span> <span class='ocrx_word' id='word_1_257' title='bbox 471 2100 581 2142; x_wconf 81' lang='lat' dir='ltr'>ubique</span> <span class='ocrx_word' id='word_1_258' title='bbox 590 2100 670 2141; x_wconf 81' lang='lat' dir='ltr'>dies]</span> <span class='ocrx_word' id='word_1_259' title='bbox 688 2100 774 2132; x_wconf 88' lang='lat' dir='ltr'>Vide</span> <span class='ocrx_word' id='word_1_260' title='bbox 785 2100 938 2133; x_wconf 82' lang='lat' dir='ltr'>Martial.</span> 
     </span>
     <span class='ocr_line' id='line_1_35' title="bbox 233 2151 564 2192; baseline -0.006 -8"><span class='ocrx_word' id='word_1_261' title='bbox 233 2151 293 2184; x_wconf 89' lang='lat' dir='ltr'>lib.</span> <span class='ocrx_word' id='word_1_262' title='bbox 310 2161 360 2184; x_wconf 75' lang='lat' dir='ltr'>vr.</span> <span class='ocrx_word' id='word_1_263' title='bbox 376 2152 496 2192; x_wconf 83' lang='lat' dir='ltr'>Epigr.</span> <span class='ocrx_word' id='word_1_264' title='bbox 511 2154 564 2183; x_wconf 82' lang='lat'>42.</span> 
     </span>
    </p>

    <p class='ocr_par' dir='ltr' id='par_1_12' title="bbox 232 2200 937 2336">
     <span class='ocr_line' id='line_1_36' title="bbox 277 2200 937 2244; baseline -0.005 -9"><span class='ocrx_word' id='word_1_265' title='bbox 277 2206 321 2235; x_wconf 77' lang='grc'>46</span> <span class='ocrx_word' id='word_1_266' title='bbox 344 2203 398 2234; x_wconf 87' lang='lat' dir='ltr'>Sol</span> <span class='ocrx_word' id='word_1_267' title='bbox 417 2202 587 2244; x_wconf 76' lang='lat' dir='ltr'>improbus]</span> <span class='ocrx_word' id='word_1_268' title='bbox 609 2202 768 2243; x_wconf 76' lang='lat' dir='ltr'>Improbus</span> <span class='ocrx_word' id='word_1_269' title='bbox 792 2200 848 2233; x_wconf 84' lang='lat' dir='ltr'>hie</span> <span class='ocrx_word' id='word_1_270' title='bbox 875 2210 937 2242; x_wconf 88' lang='lat' dir='ltr'>pro</span> 
     </span>
     <span class='ocr_line' id='line_1_37' title="bbox 232 2250 937 2293; baseline -0.006 -8"><span class='ocrx_word' id='word_1_271' title='bbox 232 2254 337 2286; x_wconf 82' lang='lat' dir='ltr'>nimio</span> <span class='ocrx_word' id='word_1_272' title='bbox 365 2259 430 2285; x_wconf 87' lang='lat' dir='ltr'>est.</span> <span class='ocrx_word' id='word_1_273' title='bbox 473 2253 584 2293; x_wconf 81' lang='lat' dir='ltr'>AEstu]</span> <span class='ocrx_word' id='word_1_274' title='bbox 610 2253 818 2284; x_wconf 80' lang='lat' dir='ltr'>Balnearum</span> <span class='ocrx_word' id='word_1_275' title='bbox 847 2250 937 2282; x_wconf 87' lang='lat' dir='ltr'>scili-</span> 
     </span>
     <span class='ocr_line' id='line_1_38' title="bbox 234 2309 304 2336; baseline -0.014 0"><span class='ocrx_word' id='word_1_276' title='bbox 234 2309 304 2336; x_wconf 85' lang='lat' dir='ltr'>eet.</span> 
     </span>
    </p>

    <p class='ocr_par' dir='ltr' id='par_1_13' title="bbox 233 2352 935 2438">
     <span class='ocr_line' id='line_1_39' title="bbox 275 2352 935 2396; baseline -0.006 -9"><span class='ocrx_word' id='word_1_277' title='bbox 275 2358 317 2388; x_wconf 77' lang='lat'>4⁷</span> <span class='ocrx_word' id='word_1_278' title='bbox 345 2355 501 2386; x_wconf 80' lang='lat' dir='ltr'>Temesaea</span> <span class='ocrx_word' id='word_1_279' title='bbox 516 2354 611 2396; x_wconf 86' lang='lat' dir='ltr'>AE&#39;ra]</span> <span class='ocrx_word' id='word_1_280' title='bbox 643 2353 734 2384; x_wconf 88' lang='lat' dir='ltr'>Vide</span> <span class='ocrx_word' id='word_1_281' title='bbox 751 2353 848 2394; x_wconf 86' lang='lat' dir='ltr'><strong>Equo</strong></span> <span class='ocrx_word' id='word_1_282' title='bbox 865 2352 935 2383; x_wconf 91' lang='lat' dir='ltr'>Do-</span> 
     </span>
     <span class='ocr_line' id='line_1_40' title="bbox 233 2405 504 2438; baseline -0.004 0"><span class='ocrx_word' id='word_1_283' title='bbox 233 2405 366 2438; x_wconf 80' lang='lat' dir='ltr'>mitiani</span> <span class='ocrx_word' id='word_1_284' title='bbox 384 2416 435 2436; x_wconf 90' lang='lat' dir='ltr'>vs.</span> <span class='ocrx_word' id='word_1_285' title='bbox 450 2408 504 2437; x_wconf 77' lang='lat'>42.</span> 
     </span>
    </p>

    <p class='ocr_par' dir='ltr' id='par_1_14' title="bbox 231 2453 937 2805">
     <span class='ocr_line' id='line_1_41' title="bbox 269 2453 937 2496; baseline -0.007 -8"><span class='ocrx_word' id='word_1_286' title='bbox 269 2458 312 2488; x_wconf 77' lang='grc'>48</span> <span class='ocrx_word' id='word_1_287' title='bbox 329 2456 471 2495; x_wconf 81' lang='lat' dir='ltr'>Argento</span> <span class='ocrx_word' id='word_1_288' title='bbox 482 2455 667 2496; x_wconf 77' lang='lat' dir='ltr'>propellitur</span> <span class='ocrx_word' id='word_1_289' title='bbox 678 2455 772 2490; x_wconf 81' lang='lat' dir='ltr'>unda,</span> <span class='ocrx_word' id='word_1_290' title='bbox 786 2453 937 2493; x_wconf 78' lang='lat' dir='ltr'>Argento-</span> 
     </span>
     <span class='ocr_line' id='line_1_42' title="bbox 233 2505 935 2549; baseline -0.007 -10"><span class='ocrx_word' id='word_1_291' title='bbox 233 2516 292 2549; x_wconf 73' lang='lat' dir='ltr'>que</span> <span class='ocrx_word' id='word_1_292' title='bbox 305 2506 404 2546; x_wconf 79' lang='lat' dir='ltr'>cadit]</span> <span class='ocrx_word' id='word_1_293' title='bbox 422 2506 538 2537; x_wconf 89' lang='lat' dir='ltr'>Innuit</span> <span class='ocrx_word' id='word_1_294' title='bbox 555 2506 653 2537; x_wconf 88' lang='lat' dir='ltr'>tubos</span> <span class='ocrx_word' id='word_1_295' title='bbox 668 2510 703 2537; x_wconf 83' lang='lat' dir='ltr'>et</span> <span class='ocrx_word' id='word_1_296' title='bbox 713 2505 935 2544; x_wconf 74' lang='lat' dir='ltr'>canalea,neo</span> 
     </span>
     <span class='ocr_line' id='line_1_43' title="bbox 233 2556 935 2599; baseline -0.009 -8"><span class='ocrx_word' id='word_1_297' title='bbox 233 2568 302 2591; x_wconf 90' lang='lat' dir='ltr'>non</span> <span class='ocrx_word' id='word_1_298' title='bbox 322 2557 485 2599; x_wconf 85' lang='lat' dir='ltr'>epitonia,</span> <span class='ocrx_word' id='word_1_299' title='bbox 507 2557 608 2588; x_wconf 91' lang='lat' dir='ltr'>immo</span> <span class='ocrx_word' id='word_1_300' title='bbox 639 2562 676 2588; x_wconf 89' lang='lat' dir='ltr'>et</span> <span class='ocrx_word' id='word_1_301' title='bbox 698 2556 795 2587; x_wconf 81' lang='lat' dir='ltr'>labra</span> <span class='ocrx_word' id='word_1_302' title='bbox 816 2563 935 2595; x_wconf 82' lang='lat' dir='ltr'>argen-</span> 
     </span>
     <span class='ocr_line' id='line_1_44' title="bbox 235 2605 934 2648; baseline -0.009 -6"><span class='ocrx_word' id='word_1_303' title='bbox 235 2615 293 2642; x_wconf 79' lang='lat' dir='ltr'>tea</span> <span class='ocrx_word' id='word_1_304' title='bbox 322 2608 439 2640; x_wconf 76' lang='lat' dir='ltr'>fuisse.</span> <span class='ocrx_word' id='word_1_305' title='bbox 482 2607 614 2638; x_wconf 80' lang='lat' dir='ltr'>Seneca</span> <span class='ocrx_word' id='word_1_306' title='bbox 644 2608 708 2648; x_wconf 90' lang='lat' dir='ltr'>Ep.</span> <span class='ocrx_word' id='word_1_307' title='bbox 737 2609 789 2638; x_wconf 85' lang='lat'>86.</span> <span class='ocrx_word' id='word_1_308' title='bbox 833 2607 843 2623; x_wconf 92' lang='lat'>‘</span> <span class='ocrx_word' id='word_1_309' title='bbox 860 2605 934 2637; x_wconf 87' lang='lat' dir='ltr'>Nisi</span> 
     </span>
     <span class='ocr_line' id='line_1_45' title="bbox 232 2657 937 2697; baseline -0.01 -4"><span class='ocrx_word' id='word_1_310' title='bbox 232 2661 356 2693; x_wconf 83' lang='lat' dir='ltr'>Parius</span> <span class='ocrx_word' id='word_1_311' title='bbox 369 2668 408 2691; x_wconf 87' lang='lat' dir='ltr'>ac</span> <span class='ocrx_word' id='word_1_312' title='bbox 429 2658 570 2689; x_wconf 82' lang='lat' dir='ltr'>Thasius</span> <span class='ocrx_word' id='word_1_313' title='bbox 586 2657 686 2697; x_wconf 84' lang='lat' dir='ltr'>lapis,</span> <span class='ocrx_word' id='word_1_314' title='bbox 703 2666 816 2688; x_wconf 90' lang='lat' dir='ltr'>rarum</span> <span class='ocrx_word' id='word_1_315' title='bbox 831 2664 937 2697; x_wconf 89' lang='lat' dir='ltr'>quon-</span> 
     </span>
     <span class='ocr_line' id='line_1_46' title="bbox 233 2706 936 2749; baseline -0.009 -7"><span class='ocrx_word' id='word_1_316' title='bbox 233 2710 310 2742; x_wconf 84' lang='lat' dir='ltr'>dam</span> <span class='ocrx_word' id='word_1_317' title='bbox 338 2710 372 2741; x_wconf 93' lang='lat' dir='ltr'>in</span> <span class='ocrx_word' id='word_1_318' title='bbox 400 2708 515 2749; x_wconf 87' lang='lat' dir='ltr'>aliquo</span> <span class='ocrx_word' id='word_1_319' title='bbox 540 2708 668 2748; x_wconf 84' lang='lat' dir='ltr'>templo</span> <span class='ocrx_word' id='word_1_320' title='bbox 691 2706 936 2747; x_wconf 79' lang='lat' dir='ltr'>spectaculum.</span> 
     </span>
     <span class='ocr_line' id='line_1_47' title="bbox 231 2757 936 2805; baseline -0.004 -12"><span class='ocrx_word' id='word_1_321' title='bbox 231 2761 377 2805; x_wconf 79' lang='lat' dir='ltr'>piscinas</span> <span class='ocrx_word' id='word_1_322' title='bbox 407 2764 538 2792; x_wconf 73' lang='lat' dir='ltr'>nostras</span> <span class='ocrx_word' id='word_1_323' title='bbox 565 2758 842 2795; x_wconf 80' lang='lat' dir='ltr'>circumdederit,</span> <span class='ocrx_word' id='word_1_324' title='bbox 871 2757 936 2790; x_wconf 87' lang='lat' dir='ltr'>nisi</span> 
     </span>
    </p>
   </div>
   <div class='ocr_carea' id='block_1_10' title="bbox 981 1791 1692 2795">
    <p class='ocr_par' dir='ltr' id='par_1_15' title="bbox 989 1791 1691 2092">
     <span class='ocr_line' id='line_1_48' title="bbox 991 1791 1691 1838; baseline -0.007 -10"><span class='ocrx_word' id='word_1_325' title='bbox 991 1806 1114 1838; x_wconf 84' lang='lat' dir='ltr'>aquam</span> <span class='ocrx_word' id='word_1_326' title='bbox 1145 1798 1310 1837; x_wconf 80' lang='lat' dir='ltr'>argentea</span> <span class='ocrx_word' id='word_1_327' title='bbox 1332 1793 1484 1835; x_wconf 86' lang='lat' dir='ltr'>epitonia</span> <span class='ocrx_word' id='word_1_328' title='bbox 1511 1791 1691 1824; x_wconf 66' lang='lat' dir='ltr'>fuderint!</span> 
     </span>
     <span class='ocr_line' id='line_1_49' title="bbox 990 1841 1690 1884; baseline -0.009 -6"><span class='ocrx_word' id='word_1_329' title='bbox 990 1847 1122 1878; x_wconf 79' lang='lat' dir='ltr'>Plinius</span> <span class='ocrx_word' id='word_1_330' title='bbox 1138 1846 1194 1878; x_wconf 87' lang='lat' dir='ltr'>lib.</span> <span class='ocrx_word' id='word_1_331' title='bbox 1210 1853 1348 1876; x_wconf 78' lang='lat' dir='ltr'>xxxm-</span> <span class='ocrx_word' id='word_1_332' title='bbox 1361 1853 1437 1884; x_wconf 78' lang='lat' dir='ltr'>cap.</span> <span class='ocrx_word' id='word_1_333' title='bbox 1453 1846 1504 1875; x_wconf 82' lang='lat'>12.</span> <span class='ocrx_word' id='word_1_334' title='bbox 1530 1843 1540 1860; x_wconf 90' lang='lat'>‘</span> <span class='ocrx_word' id='word_1_335' title='bbox 1552 1841 1629 1874; x_wconf 82' lang='lat' dir='ltr'>Nisi</span> <span class='ocrx_word' id='word_1_336' title='bbox 1637 1850 1690 1872; x_wconf 83' lang='lat' dir='ltr'>ar·-</span> 
     </span>
     <span class='ocr_line' id='line_1_50' title="bbox 989 1892 1690 1939; baseline -0.009 -10"><span class='ocrx_word' id='word_1_337' title='bbox 989 1901 1129 1939; x_wconf 83' lang='lat' dir='ltr'>gentea,</span> <span class='ocrx_word' id='word_1_338' title='bbox 1157 1896 1242 1928; x_wconf 84' lang='lat' dir='ltr'>solia</span> <span class='ocrx_word' id='word_1_339' title='bbox 1277 1894 1468 1934; x_wconf 78' lang='lat' dir='ltr'>fastidiant,</span> <span class='ocrx_word' id='word_1_340' title='bbox 1504 1892 1690 1934; x_wconf 86' lang='lat' dir='ltr'>eademque</span> 
     </span>
     <span class='ocr_line' id='line_1_51' title="bbox 989 1943 1690 1988; baseline -0.004 -9"><span class='ocrx_word' id='word_1_341' title='bbox 989 1947 1132 1979; x_wconf 85' lang='lat' dir='ltr'>materia</span> <span class='ocrx_word' id='word_1_342' title='bbox 1161 1952 1196 1978; x_wconf 89' lang='lat' dir='ltr'>et</span> <span class='ocrx_word' id='word_1_343' title='bbox 1228 1945 1359 1988; x_wconf 84' lang='lat' dir='ltr'>probris</span> <span class='ocrx_word' id='word_1_344' title='bbox 1385 1945 1512 1976; x_wconf 85' lang='lat' dir='ltr'>serviat</span> <span class='ocrx_word' id='word_1_345' title='bbox 1533 1947 1569 1975; x_wconf 81' lang='lat' dir='ltr'>et</span> <span class='ocrx_word' id='word_1_346' title='bbox 1590 1943 1690 1976; x_wconf 80' lang='lat' dir='ltr'>cibis.</span> 
     </span>
     <span class='ocr_line' id='line_1_52' title="bbox 991 1996 1691 2037; baseline -0.006 -7"><span class='ocrx_word' id='word_1_347' title='bbox 991 2000 1138 2032; x_wconf 86' lang='lat' dir='ltr'>Videret</span> <span class='ocrx_word' id='word_1_348' title='bbox 1152 1999 1226 2030; x_wconf 86' lang='lat' dir='ltr'>haec</span> <span class='ocrx_word' id='word_1_349' title='bbox 1247 2001 1284 2030; x_wconf 81' lang='lat' dir='ltr'>et</span> <span class='ocrx_word' id='word_1_350' title='bbox 1307 1996 1497 2037; x_wconf 79' lang='lat' dir='ltr'>Fabricius,</span> <span class='ocrx_word' id='word_1_351' title='bbox 1513 1999 1550 2027; x_wconf 88' lang='lat' dir='ltr'>et</span> <span class='ocrx_word' id='word_1_352' title='bbox 1564 1999 1691 2027; x_wconf 77' lang='lat' dir='ltr'>stratas</span> 
     </span>
     <span class='ocr_line' id='line_1_53' title="bbox 989 2047 1510 2092; baseline -0.01 -9"><span class='ocrx_word' id='word_1_353' title='bbox 989 2055 1133 2092; x_wconf 82' lang='lat' dir='ltr'>argento</span> <span class='ocrx_word' id='word_1_354' title='bbox 1149 2049 1329 2081; x_wconf 84' lang='lat' dir='ltr'>mulierum</span> <span class='ocrx_word' id='word_1_355' title='bbox 1344 2047 1510 2079; x_wconf 62' lang='lat' dir='ltr'>balneas!</span> 
     </span>
    </p>

    <p class='ocr_par' dir='ltr' id='par_1_16' title="bbox 990 2097 1692 2285">
     <span class='ocr_line' id='line_1_54' title="bbox 1033 2097 1690 2139; baseline -0.008 -6"><span class='ocrx_word' id='word_1_356' title='bbox 1033 2104 1074 2133; x_wconf 80' lang='lat'>51</span> <span class='ocrx_word' id='word_1_357' title='bbox 1099 2101 1202 2132; x_wconf 80' lang='lat' dir='ltr'>Niveo</span> <span class='ocrx_word' id='word_1_358' title='bbox 1227 2097 1383 2139; x_wconf 77' lang='lat' dir='ltr'>margine]</span> <span class='ocrx_word' id='word_1_359' title='bbox 1406 2097 1449 2130; x_wconf 87' lang='lat' dir='ltr'>Id</span> <span class='ocrx_word' id='word_1_360' title='bbox 1469 2101 1535 2137; x_wconf 81' lang='lat' dir='ltr'>est,</span> <span class='ocrx_word' id='word_1_361' title='bbox 1552 2106 1596 2129; x_wconf 80' lang='lat' dir='ltr'>ex</span> <span class='ocrx_word' id='word_1_362' title='bbox 1612 2105 1690 2129; x_wconf 77' lang='lat' dir='ltr'>ean·</span> 
     </span>
     <span class='ocr_line' id='line_1_55' title="bbox 990 2145 1691 2187; baseline -0.007 -4"><span class='ocrx_word' id='word_1_363' title='bbox 990 2150 1071 2183; x_wconf 90' lang='lat' dir='ltr'>dido</span> <span class='ocrx_word' id='word_1_364' title='bbox 1085 2160 1255 2183; x_wconf 83' lang='lat' dir='ltr'>marmore</span> <span class='ocrx_word' id='word_1_365' title='bbox 1270 2149 1376 2181; x_wconf 82' lang='lat' dir='ltr'>facto.</span> <span class='ocrx_word' id='word_1_366' title='bbox 1424 2149 1563 2180; x_wconf 77' lang='lat' dir='ltr'>Coerulus</span> <span class='ocrx_word' id='word_1_367' title='bbox 1575 2145 1691 2187; x_wconf 77' lang='lat' dir='ltr'>amnis]</span> 
     </span>
     <span class='ocr_line' id='line_1_56' title="bbox 993 2196 1692 2242; baseline -0.007 -8"><span class='ocrx_word' id='word_1_368' title='bbox 993 2202 1148 2234; x_wconf 86' lang='lat' dir='ltr'>Coerulus</span> <span class='ocrx_word' id='word_1_369' title='bbox 1165 2200 1357 2242; x_wconf 87' lang='lat' dir='ltr'>epithetum</span> <span class='ocrx_word' id='word_1_370' title='bbox 1370 2199 1530 2239; x_wconf 82' lang='lat' dir='ltr'>amnium,</span> <span class='ocrx_word' id='word_1_371' title='bbox 1540 2203 1578 2229; x_wconf 89' lang='lat' dir='ltr'>ut</span> <span class='ocrx_word' id='word_1_372' title='bbox 1590 2202 1627 2230; x_wconf 82' lang='lat' dir='ltr'>et</span> <span class='ocrx_word' id='word_1_373' title='bbox 1641 2196 1692 2229; x_wconf 80' lang='lat' dir='ltr'>vi·</span> 
     </span>
     <span class='ocr_line' id='line_1_57' title="bbox 993 2252 1088 2285; baseline 0.021 -2"><span class='ocrx_word' id='word_1_374' title='bbox 993 2252 1088 2285; x_wconf 87' lang='lat' dir='ltr'>ridis.</span> 
     </span>
    </p>

    <p class='ocr_par' dir='ltr' id='par_1_17' title="bbox 990 2296 1690 2436">
     <span class='ocr_line' id='line_1_58' title="bbox 1034 2296 1686 2344; baseline -0.014 -8"><span class='ocrx_word' id='word_1_375' title='bbox 1034 2307 1076 2335; x_wconf 84' lang='lat'>52</span> <span class='ocrx_word' id='word_1_376' title='bbox 1117 2302 1221 2344; x_wconf 74' lang='lat' dir='ltr'>Vivit]</span> <span class='ocrx_word' id='word_1_377' title='bbox 1256 2302 1368 2342; x_wconf 82' lang='lat' dir='ltr'>Supra</span> <span class='ocrx_word' id='word_1_378' title='bbox 1397 2299 1511 2339; x_wconf 85' lang='lat' dir='ltr'>Epith.</span> <span class='ocrx_word' id='word_1_379' title='bbox 1548 2296 1686 2329; x_wconf 79' lang='lat' dir='ltr'>Stenae:</span> 
     </span>
     <span class='ocr_line' id='line_1_59' title="bbox 990 2345 1690 2394; baseline -0.013 -8"><span class='ocrx_word' id='word_1_380' title='bbox 990 2353 1000 2371; x_wconf 93' lang='lat'>‘</span> <span class='ocrx_word' id='word_1_381' title='bbox 1014 2353 1195 2394; x_wconf 87' lang='lat' dir='ltr'>Perspicui</span> <span class='ocrx_word' id='word_1_382' title='bbox 1223 2352 1340 2383; x_wconf 82' lang='lat' dir='ltr'>vivunt</span> <span class='ocrx_word' id='word_1_383' title='bbox 1366 2349 1402 2380; x_wconf 90' lang='lat' dir='ltr'>in</span> <span class='ocrx_word' id='word_1_384' title='bbox 1424 2356 1594 2380; x_wconf 86' lang='lat' dir='ltr'>marmore</span> <span class='ocrx_word' id='word_1_385' title='bbox 1615 2345 1690 2378; x_wconf 86' lang='lat' dir='ltr'>fon·</span> 
     </span>
     <span class='ocr_line' id='line_1_60' title="bbox 991 2403 1065 2436; baseline 0.014 -1"><span class='ocrx_word' id='word_1_386' title='bbox 991 2403 1065 2436; x_wconf 81' lang='lat' dir='ltr'>tes.’</span> 
     </span>
    </p>

    <p class='ocr_par' dir='ltr' id='par_1_18' title="bbox 989 2448 1687 2635">
     <span class='ocr_line' id='line_1_61' title="bbox 1032 2448 1687 2492; baseline -0.011 -7"><span class='ocrx_word' id='word_1_387' title='bbox 1032 2456 1074 2485; x_wconf 79' lang='lat'>53</span> <span class='ocrx_word' id='word_1_388' title='bbox 1115 2451 1244 2492; x_wconf 76' lang='lat' dir='ltr'>pigros]</span> <span class='ocrx_word' id='word_1_389' title='bbox 1282 2449 1324 2482; x_wconf 88' lang='lat' dir='ltr'>Id</span> <span class='ocrx_word' id='word_1_390' title='bbox 1353 2453 1417 2489; x_wconf 79' lang='lat' dir='ltr'>est,</span> <span class='ocrx_word' id='word_1_391' title='bbox 1443 2448 1527 2479; x_wconf 83' lang='lat' dir='ltr'>licet</span> <span class='ocrx_word' id='word_1_392' title='bbox 1553 2451 1687 2488; x_wconf 82' lang='lat' dir='ltr'>promte</span> 
     </span>
     <span class='ocr_line' id='line_1_62' title="bbox 989 2496 1687 2538; baseline -0.011 -3"><span class='ocrx_word' id='word_1_393' title='bbox 989 2507 1159 2534; x_wconf 83' lang='lat' dir='ltr'>exuantur</span> <span class='ocrx_word' id='word_1_394' title='bbox 1171 2502 1326 2538; x_wconf 67' lang='lat' dir='ltr'>emimus,</span> <span class='ocrx_word' id='word_1_395' title='bbox 1341 2499 1376 2530; x_wconf 89' lang='lat' dir='ltr'>id</span> <span class='ocrx_word' id='word_1_396' title='bbox 1390 2503 1503 2530; x_wconf 78' lang='lat' dir='ltr'>tamen</span> <span class='ocrx_word' id='word_1_397' title='bbox 1519 2497 1612 2528; x_wconf 78' lang='lat' dir='ltr'>lente</span> <span class='ocrx_word' id='word_1_398' title='bbox 1628 2496 1687 2528; x_wconf 83' lang='lat' dir='ltr'>fie-</span> 
     </span>
     <span class='ocr_line' id='line_1_63' title="bbox 989 2546 1687 2589; baseline -0.01 -5"><span class='ocrx_word' id='word_1_399' title='bbox 989 2554 1018 2584; x_wconf 79' lang='lat' dir='ltr'>ri</span> <span class='ocrx_word' id='word_1_400' title='bbox 1034 2553 1183 2584; x_wconf 84' lang='lat' dir='ltr'>dicitur:</span> <span class='ocrx_word' id='word_1_401' title='bbox 1219 2555 1311 2582; x_wconf 78' lang='lat' dir='ltr'>tanta</span> <span class='ocrx_word' id='word_1_402' title='bbox 1331 2554 1385 2580; x_wconf 85' lang='lat' dir='ltr'>est</span> <span class='ocrx_word' id='word_1_403' title='bbox 1406 2547 1532 2589; x_wconf 85' lang='lat' dir='ltr'>cupido</span> <span class='ocrx_word' id='word_1_404' title='bbox 1549 2546 1687 2578; x_wconf 84' lang='lat' dir='ltr'>lavandi</span> 
     </span>
     <span class='ocr_line' id='line_1_64' title="bbox 989 2603 1279 2635; baseline -0.014 0"><span class='ocrx_word' id='word_1_405' title='bbox 989 2613 1025 2635; x_wconf 88' lang='lat' dir='ltr'>se</span> <span class='ocrx_word' id='word_1_406' title='bbox 1042 2604 1074 2634; x_wconf 90' lang='lat' dir='ltr'>in</span> <span class='ocrx_word' id='word_1_407' title='bbox 1089 2603 1153 2633; x_wconf 89' lang='lat' dir='ltr'>hoc</span> <span class='ocrx_word' id='word_1_408' title='bbox 1169 2610 1279 2632; x_wconf 85' lang='lat' dir='ltr'>amne.</span> 
     </span>
    </p>

    <p class='ocr_par' dir='ltr' id='par_1_19' title="bbox 981 2649 1687 2795">
     <span class='ocr_line' id='line_1_65' title="bbox 1031 2649 1687 2690; baseline -0.008 -5"><span class='ocrx_word' id='word_1_409' title='bbox 1031 2656 1074 2686; x_wconf 87' lang='grc'>54</span> <span class='ocrx_word' id='word_1_410' title='bbox 1099 2653 1171 2684; x_wconf 88' lang='lat' dir='ltr'>Hoc</span> <span class='ocrx_word' id='word_1_411' title='bbox 1199 2652 1306 2683; x_wconf 76' lang='lat' dir='ltr'>mallet</span> <span class='ocrx_word' id='word_1_412' title='bbox 1334 2649 1421 2681; x_wconf 76' lang='lat' dir='ltr'>nasci</span> <span class='ocrx_word' id='word_1_413' title='bbox 1444 2649 1597 2690; x_wconf 78' lang='lat' dir='ltr'>Cytherea</span> <span class='ocrx_word' id='word_1_414' title='bbox 1615 2658 1687 2689; x_wconf 79' lang='lat' dir='ltr'>pro-</span> 
     </span>
     <span class='ocr_line' id='line_1_66' title="bbox 981 2698 1687 2744; baseline -0.011 -7"><span class='ocrx_word' id='word_1_415' title='bbox 981 2703 1099 2744; x_wconf 74' lang='lat' dir='ltr'>fundo]</span> <span class='ocrx_word' id='word_1_416' title='bbox 1122 2702 1216 2734; x_wconf 88' lang='lat' dir='ltr'>Dicit</span> <span class='ocrx_word' id='word_1_417' title='bbox 1233 2705 1360 2732; x_wconf 80' lang='lat' dir='ltr'>tantam</span> <span class='ocrx_word' id='word_1_418' title='bbox 1374 2708 1448 2730; x_wconf 84' lang='lat' dir='ltr'>esse</span> <span class='ocrx_word' id='word_1_419' title='bbox 1463 2698 1687 2739; x_wconf 83' lang='lat' dir='ltr'>pulchritudi-</span> 
     </span>
     <span class='ocr_line' id='line_1_67' title="bbox 990 2747 1687 2795; baseline -0.009 -7"><span class='ocrx_word' id='word_1_420' title='bbox 990 2765 1068 2788; x_wconf 86' lang='lat' dir='ltr'>nem</span> <span class='ocrx_word' id='word_1_421' title='bbox 1083 2753 1226 2795; x_wconf 80' lang='lat' dir='ltr'>hujusce</span> <span class='ocrx_word' id='word_1_422' title='bbox 1242 2747 1359 2792; x_wconf 80' lang='lat' dir='ltr'>amuis,</span> <span class='ocrx_word' id='word_1_423' title='bbox 1379 2754 1416 2782; x_wconf 85' lang='lat' dir='ltr'>ut</span> <span class='ocrx_word' id='word_1_424' title='bbox 1432 2749 1614 2791; x_wconf 84' lang='lat' dir='ltr'>Cytherea,</span> <span class='ocrx_word' id='word_1_425' title='bbox 1627 2758 1687 2782; x_wconf 85' lang='lat' dir='ltr'>seu</span> 
     </span>
    </p>
   </div>
  </div>
 </body>
</html>
