1800 3060
152 217 239 260 554
651 226 692 256 P.
725 224 918 256 PAP1N11
954 225 1119 256 s'rATn

152 323 254 366 Nec
274 323 369 364 sine
387 323 487 365 luce
509 335 643 376 genus
659 336 671 375 3
699 321 974 378 (quanquam
993 321 1170 364 fortuna
1186 324 1418 377 parentum

153 392 333 435 Arctior
354 392 566 446 expensis
581 389 616 446 3)
642 392 808 432 etenim
829 397 873 432 te
894 390 1030 431 divite
1050 391 1135 432 ritu

155 462 328 503 Ponere
349 472 596 514 purpureos
616 459 802 501 infantia
823 458 970 512 adegit
989 458 1181 500 amictus

153 529 316 583 Stirpis
335 528 499 569 honore
519 527 667 578 datos,
689 531 736 568 et
755 526 905 567 nobile
926 526 1122 581 pectoris
1143 538 1312 568 aurum.
1531 528 1616 571 120

154 597 370 640 Protinus
390 601 551 638 exorto
572 596 779 638 dextrum
799 595 934 637 risere
955 607 1131 637 sorores

152 741 344 786 (quanquam
357 754 407 776 res
415 747 580 787 parentum
594 744 712 776 arctior
722 742 752 782 ς)
762 743 877 776 etenim
890 743 1010 784 infans,
1024 752 1110 775 more
1120 742 1282 783 nobilium,
1294 741 1436 774 sumsisti
1446 749 1619 782 purpureus

153 789 254 820 vestes
282 798 442 820 concessus
465 789 576 820 honori
602 787 782 829 sanguinis,
807 790 838 818 et
864 796 991 818 aureum
1013 786 1138 819 bullum,
1183 786 1301 819 Statim
1313 794 1472 827 germanoe
1484 782 1621 816 Aonides

752 884 791 896 00
795 883 931 896 ‘eoem
935 883 993 896 ‘00

157 962 212 993 54.
225 962 497 996 subnixum—118
510 964 637 996 Venet.
655 967 687 996 1.
710 965 840 997 Arctior
850 963 987 995 extensis
995 973 1007 1000 ‚·
1035 966 1072 995 et
1087 962 1135 993 sic
1150 962 1267 994 Parm.
1283 964 1320 993 et
1332 960 1541 993 Rom—119
1563 956 1623 988 Su-

157 1014 242 1038 mere
260 1015 435 1048 purpureos
460 1007 554 1050 conj.
578 1007 815 1041 Marklandus.
839 1008 966 1039 Venet.
983 1009 1014 1041 l.
1030 1010 1067 1038 et
1083 1006 1200 1038 Parm,
1222 1005 1301 1046 legit
1315 1013 1379 1047 pro
1392 1002 1621 1043 «aegia—128

823 1104 854 1138 N
861 1103 965 1137 0⁹1*AE

196 1180 263 1211 111⁷
287 1178 356 1211 Nec
383 1179 452 1212 sine
473 1181 541 1213 luce
560 1181 674 1222 genus]
697 1181 755 1214 Sic
777 1181 864 1213 Pro-

157 1229 308 1270 treptico
322 1230 471 1271 Crispini
486 1241 494 1262 :
525 1231 535 1248 ‘
549 1232 625 1263 Nec
642 1232 764 1272 priscae
779 1232 865 1264 lucis

156 1279 342 1320 egentem.’
387 1281 575 1322 Quanquam
598 1280 730 1322 fortuna
752 1291 864 1322 paren-

155 1333 224 1362 tum
251 1331 384 1363 Arctior
413 1331 572 1374 expensis]
596 1332 638 1364 Id
669 1338 735 1373 est,
759 1342 863 1374 quau-

157 1392 260 1425 quarn
284 1387 447 1424 parentes
473 1383 597 1424 opibus
622 1383 782 1416 destituti
797 1393 864 1415 non

158 1437 301 1475 possent
326 1432 443 1465 facere
464 1438 595 1466 sumtus
619 1434 865 1466 convenientes

156 1484 329 1526 splendori
343 1484 519 1517 natalium.
771 1502 774 1505 ·

203 1537 267 1566 118
291 1534 334 1566 Te
347 1534 447 1567 dit-ite
462 1534 543 1576 ritu]
559 1534 603 1567 Id
619 1539 683 1577 est,
698 1544 791 1568 more
806 1545 865 1567 no·

159 1584 292 1617 bilium.

204 1638 268 1667 119
293 1636 413 1668 Ponere
425 1646 595 1678 purpureos
609 1637 746 1677 infantia
760 1639 867 1678 adegit

158 1687 291 1718 amictus
302 1686 423 1728 Stirpis
441 1687 554 1719 honore
569 1688 672 1729 datos]
697 1689 817 1720 Ponere
832 1690 866 1720 iu

157 1737 222 1769 lioc
239 1746 336 1769 versu
353 1737 613 1779 ambiguitatem
640 1738 738 1780 facit,
758 1744 793 1772 et
810 1749 868 1781 po-

158 1793 230 1820 test
251 1788 447 1830 significare
470 1791 480 1807 ‘
495 1790 688 1831 deponcre’
719 1797 755 1823 et
782 1792 868 1833 abji-

159 1849 253 1880 cere,
269 1840 364 1882 quasi
381 1840 569 1881 abjecisset
585 1851 625 1873 ac
640 1842 868 1883 deposuisset,

160 1891 252 1933 quod
262 1890 402 1924 fortuna
417 1898 595 1933 parentum
620 1895 748 1926 arctior
761 1893 868 1927 fuerit

159 1942 335 1984 expensis,
352 1945 405 1975 vei
422 1953 440 1975 e
458 1948 592 1985 contra,
612 1955 737 1987 ponere,
752 1945 785 1976 id
803 1951 867 1987 est,

157 1993 316 2025 ‘sumere
331 1993 340 2007 '
362 1999 524 2032 tanquam
551 1995 661 2036 stirpis
683 1996 796 2027 honore
810 1997 865 2028 du—

158 2049 220 2079 los.
265 2046 331 2079 Qui
347 2056 463 2078 sensus
478 2046 560 2078 mihi
587 2046 722 2079 videtur
737 2047 867 2080 melior.

160 2099 262 2132 Dicit
286 2100 377 2131 enim
393 2099 589 2140 Papinium,
612 2104 744 2141 patrem
760 2110 870 2141 suum,

159 2151 304 2183 divitum
335 2150 404 2182 ritu
434 2150 587 2191 posuisse
618 2160 678 2182 seu
709 2150 870 2182 sumsisse

160 2211 373 2244 purpureum
390 2201 565 2243 amictum,
591 2202 649 2244 qui
672 2202 755 2233 nihil
776 2202 869 2234 aliud

160 2257 228 2292 est,
243 2262 343 2295 quam
358 2256 532 2293 praetexta
547 2252 687 2294 puerilis
714 2253 870 2294 ingenuis

161 2303 242 2334 solis
254 2312 430 2334 concessa.

205 2356 268 2385 120
294 2354 337 2385 Et
350 2353 452 2385 nobile
463 2353 598 2394 pectoris
612 2353 738 2395 aurum]
762 2353 870 2386 Intel-

158 2404 238 2446 ligit
253 2404 380 2436 bullam
394 2414 543 2446 auream,
555 2415 630 2446 quae
647 2409 722 2436 erat
733 2405 868 2446 insigne

161 2464 358 2497 puerorum,
393 2459 430 2487 et
467 2455 658 2496 pra‘sertim
690 2456 868 2494 nobilium,

163 2505 254 2548 quod
277 2515 297 2537 a
321 2506 410 2537 collo
438 2506 472 2536 in
494 2510 615 2547 pectus
637 2505 869 2547 dependebat.

162 2555 363 2589 Macrobius
393 2555 498 2588 refert
524 2557 661 2589 Saturn.
686 2566 712 2589 r.
736 2567 812 2599 cap.
835 2560 869 2589 6.

162 2610 172 2626 ‘
185 2607 347 2649 Ingenuis
363 2607 477 2648 pueris
494 2617 709 2647 concessum,
736 2613 774 2640 ut
796 2618 869 2641 cor-

163 2658 216 2690 dis
241 2656 384 2699 figuram
409 2657 444 2688 in
467 2657 560 2688 bulla
578 2663 657 2689 ante
675 2663 796 2699 pectus
812 2669 870 2691 an-

162 2712 362 2747 necterent,
375 2716 474 2750 quam
498 2707 732 2750 inspicientes,
748 2710 798 2741 ita
813 2710 872 2742 de-

162 2768 255 2790 mum
271 2767 308 2790 se
323 2758 477 2790 homines
491 2757 701 2799 cogitarent,
725 2760 753 2791 si
769 2761 873 2794 corde

163 2813 384 2851 praestarent,
398 2808 462 2841 hoc
478 2813 532 2841 est
545 2808 713 2851 sapientia
728 2815 764 2843 et
780 2821 872 2854 mag-

917 1180 1132 1213 nanimitate.
1177 1180 1304 1222 'rogam
1325 1186 1460 1221 quoque
1476 1179 1625 1218 praetex-

918 1235 988 1263 tam
1004 1231 1057 1262 his
1082 1230 1248 1270 additam,
1265 1233 1304 1262 ut
1325 1238 1368 1260 ex
1389 1237 1550 1270 pnrpurae
1569 1236 1624 1262 ru-

920 1281 1017 1322 bore,
1026 1281 1248 1323 ingenuitatis
1260 1279 1385 1312 rubore
1400 1277 1625 1321 tegerentur!

919 1332 1076 1365 Adducit
1098 1338 1133 1365 et
1149 1332 1314 1373 originem
1330 1335 1366 1364 et
1379 1340 1517 1364 causam
1533 1330 1625 1362 idem

918 1384 1140 1417 Macrobius:
1163 1384 1174 1401 ‘
1189 1382 1421 1426 Tarquinius‚’
1449 1382 1510 1423 ait,
1538 1382 1548 1400 ‘
1563 1391 1624 1414 rex

919 1437 1043 1469 tertius
1058 1436 1101 1468 ab
1115 1435 1279 1474 Hostilio,
1289 1435 1427 1476 quintus
1439 1443 1458 1465 a
1470 1433 1626 1472 Romulo,

918 1487 962 1519 de
977 1486 1112 1519 Sabinis
1127 1486 1202 1528 egit
1217 1485 1438 1527 triumphum,
1452 1494 1520 1527 quo
1534 1483 1626 1516 bello

919 1538 1026 1570 filium
1042 1546 1137 1570 suum
1161 1546 1265 1569 annos
1288 1535 1543 1580 quatuordecim
1566 1545 1625 1568 na-

909 1593 1004 1628 ·tum‚
1019 1587 1110 1631 quod
1134 1588 1267 1620 hostem'
1281 1592 1380 1619 manu
1398 1581 1628 1628 percusserat,

921 1645 958 1672 et
971 1650 1034 1682 pro
1050 1639 1215 1671 concione
1229 1638 1393 1678 laudavit,
1408 1642 1445 1669 et
1461 1637 1554 1669 bulla
1568 1646 1627 1668 au-

921 1701 983 1723 rea
1025 1695 1265 1733 praetextaque
1308 1689 1478 1721 donavit:
1525 1688 1629 1729 insig-

922 1743 1018 1775 niens
1053 1751 1197 1784 puerum
1233 1741 1324 1773 ultra
1359 1749 1464 1772 annos
1500 1738 1629 1771 fortem

923 1794 1076 1837 praemiis
1101 1794 1274 1826 virilitatis
1294 1796 1331 1825 et
1344 1792 1492 1826 honoris.
1536 1791 1628 1824 Nam

923 1846 1012 1877 sicut
1041 1849 1213 1886 praetexta
1248 1843 1510 1885 magistratuum
1538 1846 1627 1883 erat,

923 1896 972 1928 ita
997 1896 1092 1927 bulla
1114 1900 1291 1937 gestamen
1316 1899 1393 1926 erat
1418 1893 1629 1936 triumphan-

922 1948 1027 1979 tium:
1066 1956 1168 1988 quam
1205 1946 1239 1977 in
1276 1944 1447 1986 triumpho
1484 1952 1557 1985 prae
1590 1953 1628 1975 se

923 1997 1096 2038 ferebant,
1125 1996 1266 2029 inclusis
1295 1995 1386 2028 intra
1414 2003 1489 2027 eam
1519 2003 1628 2026 reme-

923 2048 1003 2090 diis,
1022 2057 1099 2090 qute
1115 2046 1302 2079 crederent
1330 2045 1492 2077 adversus
1507 2044 1631 2077 invidi·

923 2108 977 2131 arn
1016 2097 1263 2130 valentissima.
1330 2095 1423 2128 Hinc
1459 2094 1629 2128 deductus

923 2158 1009 2190 mos,
1036 2153 1076 2180 ut
1104 2152 1278 2190 praetexta
1299 2150 1336 2178 et
1362 2145 1458 2177 bulla
1482 2146 1515 2177 iu
1530 2152 1630 2177 usum·

923 2215 1110 2248 puerorum
1137 2208 1398 2245 usurparentur,
1421 2202 1464 2234 ad
1481 2211 1580 2235 omen
1594 2201 1630 2235 et

924 2263 1005 2290 vota
1022 2255 1245 2289 concilianda!
1271 2253 1431 2286 virtutis:
1455 2253 1487 2285 ei
1511 2253 1629 2286 similis

924 2307 981 2339 cui
1008 2306 1127 2348 primis
1153 2306 1187 2337 in
1207 2305 1302 2336 annis
1318 2312 1459 2335 munera
1473 2303 1540 2335 ista
1555 2309 1629 2336 cesi

923 2356 1064 2391 serunt.'
1109 2357 1210 2388 Bulla
1225 2356 1291 2387 ista
1313 2355 1535 2397 ingenuorum
1552 2361 1630 2388 erat

924 2418 1040 2448 aurea,
1057 2412 1093 2439 et
1116 2406 1351 2438 libertinorum
1380 2409 1527 2446 scortea,
1543 2405 1627 2437 etin

924 2459 966 2490 iis
982 2457 1246 2490 includebantur
1261 2455 1413 2488 remedia
1428 2459 1547 2488 contra
1562 2454 1628 2487 fas:

924 2509 1050 2541 einum.
1105 2507 1206 2540 Hanc
1239 2506 1336 2548 pueri
1368 2515 1474 2538 annos
1501 2504 1627 2547 egressi

924 2559 1084 2601 pueritiae
1116 2557 1205 2600 apud
1224 2558 1328 2589 Lares
1345 2555 1530 2588 familiares
1556 2565 1625 2588 sus·

924 2609 1134 2651 pendebant,
1158 2613 1197 2640 ut
1220 2608 1345 2650 pnellae
1368 2606 1493 2638 Veneri
1516 2617 1627 2648 pupas

926 2660 1109 2692 donabant.
1133 2659 1273 2691 Persius
1289 2658 1362 2690 Sat.
1378 2666 1413 2689 v.
1435 2656 1446 2674 ‘
1459 2657 1627 2700 Bullaquc

927 2711 1109 2744 succinctis
1126 2710 1269 2742 Laribus
1284 2708 1412 2740 donata
1423 2707 1613 2750 pependit?

971 2765 1032 2795 121
1058 2762 1211 2794 Protinus
1237 2762 1345 2792 exorto
1366 2759 1513 2791 dextrum
1533 2759 1630 2792 risere

926 2823 1044 2846 sorores
1066 2812 1217 2853 Aonides,
1240 2820 1392 2853 pueroque
1414 2811 1521 2852 chelyn
1545 2810 1629 2843 simp⁴

1797 1663 1800 1667 .
1784 1447 1800 1621 :Aca-nu„
1785 1411 1800 1419 i
