1800 3060
233 232 320 276 260
733 241 774 272 P.
806 242 997 274 PAPINH
1033 241 1201 273 s'rA'rn

237 338 371 379 Flore
393 350 514 392 genae
533 350 543 378 t
576 336 711 378 talem
733 337 901 379 Ledaeo
922 337 1091 390 gurgite
1107 337 1271 391 pubem
1644 339 1704 381 45

237 405 415 447 Educat
436 404 655 456 Eurotas;
688 404 828 445 teneri
850 405 914 446 sic
935 405 1104 457 integer
1123 405 1210 445 aevi

237 473 339 514 Elin
357 472 468 522 adit,
484 472 738 526 primosque
757 472 787 513 J
793 472 867 513 ovi
888 484 997 526 puer
1014 471 1239 525 approbat
1259 484 1414 514 annos.

237 540 357 582 Nam
377 539 521 594 pudor
541 539 745 592 ingenuae
777 539 954 590 mentis,
977 539 1309 593 tranquillaque
1327 552 1495 582 morum

236 606 511 661 Temperies,
531 612 768 661 teneroque
788 607 960 649 animus
981 608 1194 649 maturior
1215 620 1331 658 aevo,

237 675 447 718 Carmina
467 688 569 730 quae
592 675 781 716 donasse
804 675 995 729 queant?
1042 674 1174 728 Saepe
1195 675 1268 716 ille
1289 674 1510 716 volentem

238 743 508 798 Castigabat
527 744 691 794 herum,
709 742 943 796 studioque
964 742 1156 796 altisque
1170 741 1367 796 juvabat

1646 677 1703 719 50

236 885 340 914 tentes
362 886 486 915 tantum
508 883 611 924 prima
637 882 795 922 lanugine.
842 881 980 912 Eurotas
1003 880 1136 912 Ledoeus
1161 883 1272 914 educat
1286 884 1382 914 talem
1396 882 1594 922 juventutem
1607 890 1703 924 supra

238 934 311 956 suas
326 926 423 967 ripas.
470 926 527 957 Sic
555 925 687 967 ephebus
704 925 827 966 florens
840 927 947 955 tenera
963 927 1057 955 celate
1070 925 1150 965 petit
1166 926 1276 965 Elida,
1290 929 1320 957 et
1334 926 1484 966 approbat
1498 926 1574 957 soti
1585 928 1704 967 primos

237 978 346 1000 annos.
393 969 458 1005 Qui
482 978 591 1000 versus
614 972 741 1009 possent
766 966 920 998 celebrare
935 967 1096 998 honestum
1110 968 1419 1008 pudoremjuvenilis
1433 969 1550 1007 animi,
1558 973 1589 1000 et
1605 969 1704 1000 lenem

238 1012 417 1052 temperiem
431 1022 561 1052 morum,
577 1015 606 1043 et
623 1011 784 1051 ingenium
809 1009 963 1041 maturius
989 1013 1098 1041 tenera
1121 1014 1216 1043 oetate
1227 1014 1241 1042 7
1270 1011 1363 1052 Saepe
1384 1011 1590 1051 redarguebat
1605 1013 1705 1043 dorni-

238 1063 312 1086 num
326 1055 487 1096 volentem,
502 1058 534 1086 et
549 1054 754 1094 eumjucabat
775 1063 833 1085 sua
849 1062 941 1093 opera
965 1055 996 1084 et
1020 1053 1097 1085 altis
1119 1053 1271 1094 consiliis,
1293 1058 1418 1086 maestus
1432 1055 1580 1096 {cetusque
1594 1058 1706 1094 tecum,

852 1143 910 1156 ΝΟ

1071 1144 1089 1155 0

239 1216 327 1244 vett.
351 1210 531 1250 exhibent,
549 1211 877 1251 Parthenopeus.-—‹18
906 1209 1022 1242 Parm.
1041 1211 1126 1242 Nam
1149 1212 1252 1252 pudor
1266 1212 1348 1243 unde
1368 1222 1456 1244 ποτα
1468 1222 1480 1250 ,·
1503 1213 1601 1244 Rom.
1618 1210 1707 1244 Nam

235 1256 340 1296 pudor
354 1255 426 1286 inde
440 1257 543 1291 notae;
567 1253 672 1285 Aldd.
691 1253 802 1285 Colin.
827 1253 961 1294 Gryph.
993 1254 1098 1286 Basil.
1128 1255 1233 1286 Bern.
1265 1255 1412 1287 Gevart.
1443 1259 1592 1288 ceterae:
1619 1255 1706 1287 Nam

235 1299 337 1339 pudor
347 1298 421 1329 inde
435 1307 533 1329 noaae.
577 1296 767 1330 ‘Quaedam
783 1297 857 1327 hoec
882 1307 960 1328 nova
981 1306 1080 1333 mens,
1095 1302 1132 1328 et
1156 1307 1256 1340 quem
1275 1307 1407 1329 sensum
1430 1298 1536 1330 habet
1558 1299 1622 1330 ista
1640 1308 1706 1329 vox

238 1342 312 1372 inde
326 1338 343 1373 ‚⁷
366 1341 458 1381 Lege
485 1339 625 1371 minima
646 1339 860 1371 mutatione:
886 1339 972 1370 Nam
990 1341 1090 1380 pudor
1112 1340 1256 1380 ingenuae
1276 1341 1410 1373 mentis?
1432 1341 1556 1373 Markl.
1601 1341 1706 1374 Nico·

238 1384 313 1415 laus
330 1383 493 1414 Heinsius
508 1382 542 1413 in
559 1382 715 1423 Epistola
738 1382 888 1414 Octavio
912 1383 1112 1414 Falconerio
1127 1384 1238 1425 missa,
1254 1383 1398 1416 eandem
1421 1384 1706 1424 emendationem,

239 1436 307 1458 non
336 1426 551 1458 confidenter
574 1430 702 1465 tamen,
725 1425 913 1466 proposuit.
960 1425 1048 1456 Haec
1075 1426 1231 1466 Epistola
1256 1431 1353 1458 extat
1379 1427 1412 1458 in
1438 1427 1566 1468 Syllog.
1590 1427 1704 1468 Epist.

239 1469 335 1502 Tom.
362 1479 398 1501 v.
422 1479 479 1510 pp.
506 1471 748 1500 530-535.-60
770 1469 897 1499 venet.
925 1471 956 1500 1.
979 1473 1015 1500 et
1039 1469 1156 1500 Parm.
1184 1470 1333 1501 Carmine
1355 1479 1412 1510 quo
1432 1473 1554 1510 potasse
1574 1479 1706 1510 queam;

240 1512 537 1553 Lindenbrogius:
581 1511 729 1543 Carmine
751 1521 810 1552 quo
839 1512 966 1542 donasse
991 1521 1098 1552 queam
1106 1522 1120 1549 ;
1159 1511 1257 1544 Rom.
1283 1512 1395 1544 vAldd.
1427 1513 1536 1545 Colin.
1569 1513 1706 1553 Gryph.

240 1556 346 1588 Basil.
380 1556 486 1587 Bern.
517 1555 660 1587 Gevart.
693 1553 840 1587 Amstel.
873 1553 1028 1586 Gronov.
1064 1555 1172 1587 Veen.
1200 1558 1266 1588 διο.
1305 1555 1456 1587 Carmina
1479 1565 1548 1597 quoe
1576 1556 1707 1587 donasse

240 1602 364 1639 queant.
402 1598 491 1630 Vide
512 1598 594 1629 Var.
634 1597 718 1630 Not.
764 1597 774 1614 ‘
795 1597 868 1638 Ego
907 1606 971 1628 nec
1007 1606 1144 1629 sensum
1184 1608 1247 1630 nec
1280 1598 1462 1630 verborum
1501 1598 1704 1630 construeti-

241 1651 340 1673 onem
367 1641 551 1681 intelligo;
584 1640 644 1672 sed
670 1640 700 1671 si
723 1639 811 1671 nihil
842 1640 974 1671 excidit
1000 1641 1070 1672 scio
1099 1639 1142 1672 ad
1172 1641 1260 1673 hanc
1290 1640 1433 1673 formam
1465 1641 1601 1683 concipi
1629 1642 1706 1674 haec

241 1689 424 1726 oportere:
450 1684 537 1715 Nam
551 1685 650 1725 pudor
673 1683 818 1723 ingenuoe
843 1682 968 1723 mentis,
994 1684 1223 1726 tranquillaque
1248 1694 1367 1716 morum
1387 1684 1573 1726 Temperies,
1587 1687 1707 1716 tenero-

242 1738 301 1768 que
331 1728 454 1759 animus
471 1727 626 1758 maturior
654 1736 719 1757 ωηο
749 1725 897 1757 Carmine
922 1736 980 1766 quo
1009 1730 1083 1758 nata
1103 1737 1168 1758 esse
1191 1726 1331 1768 queant?
1364 1726 1408 1758 ad
1430 1727 1529 1768 hanc,
1560 1728 1708 1769 inquam,

241 1771 407 1809 formam3
431 1770 506 1802 haec
522 1770 611 1801 enim
628 1778 691 1810 pro
719 1770 806 1800 veris
833 1768 998 1800 Statianis
1016 1769 1194 1802 venditare
1220 1771 1323 1802 nolo:
1348 1770 1487 1802 minima
1509 1779 1591 1802 vero
1606 1768 1706 1802 diffe-

242 1814 356 1846 rentia
373 1814 464 1845 inter
483 1816 558 1844 nota
579 1821 644 1844 esee
670 1815 708 1843 et
728 1811 882 1843 donasse!
901 1812 1024 1843 Markl.
1071 1814 1080 1830 ‘
1097 1812 1313 1845 Parmensis:
1341 1813 1488 1845 Carmine
1501 1823 1560 1854 quo
1583 1817 1708 1854 potam

903 1898 936 1930 N
940 1898 1046 1930 OTAE

240 1979 380 2006 tenuem
406 1973 550 2015 pingues
573 1972 690 2005 florem
707 1973 874 2004 induxere
892 1983 948 2015 pa-

240 2026 385 2066 laestrae,
409 2024 645 2065 Deserpitque
670 2024 779 2064 genis,
817 2033 881 2055 nec
911 2033 947 2056 se

1003 1973 1127 2006 deinde
1165 1975 1318 2007 ludorum
1356 1974 1600 2016 possessionem
1641 1973 1708 2006 sibi

1002 2027 1214 2066 vindicavit3
1239 2036 1354 2059 rursus
1380 2031 1495 2058 tamen
1525 2026 1601 2058 Elei
1628 2035 1705 2058 eam

241 2077 368 2117 lanugo
404 2075 536 2108 fatetur
572 2075 725 2107 Intonsae
759 2075 824 2107 sub
857 2075 947 2107 nube

241 2126 372 2159 comae!

284 2181 326 2210 45
351 2178 466 2209 Ledaeo
475 2177 608 2217 gurgite
618 2177 730 2218 pubem
746 2178 867 2209 Educat
883 2178 947 2209 Eu-

240 2229 344 2270 rotas]
372 2230 521 2261 Eurotas
546 2228 704 2260 Laconiae
734 2227 873 2264 fluvius,
904 2228 947 2260 ad

242 2290 344 2323 quem
353 2281 520 2322 juventus
533 2279 703 2321 Spartana
713 2278 899 2311 exercebat
912 2288 949 2311 se

242 2332 277 2362 in
310 2330 399 2362 ludis
423 2330 614 2371 Gymnicis.
658 2329 798 2361 Dicitur
819 2329 950 2360 Ledaeus

238 2390 379 2421 gurge⁸‚·
403 2381 482 2423 quia
495 2380 528 2411 iu
545 2380 620 2421 ejus
633 2380 751 2412 littore
762 2379 903 2420 Jupiter
915 2379 949 2410 in

241 2440 387 2472 cycnum
409 2440 593 2462 conversus
610 2439 680 2461 rem
697 2429 854 2461 habuisse
872 2438 949 2461 cum

242 2481 338 2512 Leda
362 2481 501 2512 dicitur.
548 2480 650 2511 Unde
676 2479 822 2521 Papinio
844 2479 950 2511 Theb.

242 2540 292 2563 lv.
307 2531 317 2548 ‘
335 2531 434 2562 Falso
451 2540 575 2572 gurges
593 2534 753 2562 cantatus
769 2528 887 2562 olore!

284 2584 327 2613 47
354 2581 447 2622 Elin]
470 2581 512 2612 Id
530 2586 595 2620 est,
618 2581 716 2613 ludos
733 2580 950 2622 Olympicus,

244 2632 368 2674 quibus
392 2630 606 2673 praefuerunt
628 2632 705 2663 Elei
728 2642 748 2663 a
772 2631 882 2673 prima
903 2630 951 2662 0-

242 2683 431 2726 lympiade,
455 2683 490 2714 in
510 2693 577 2724 qua
594 2682 770 2714 Chorebus
786 2682 883 2723 vicit,
898 2692 954 2714 us-

245 2727 312 2776 que
349 2734 392 2766 ad
431 2733 630 2776 vigesimam
666 2738 813 2766 sextam.
871 2732 954 2764 Pisa

1002 2083 1265 2119 recuperarunt.
1311 2078 1422 2110 Locus
1445 2081 1574 2116 autem,
1590 2077 1647 2109 ubi
1670 2076 1707 2108 hi

1003 2129 1073 2160 ludi
1091 2128 1295 2167 edebantur,
1323 2130 1333 2146 ‘
1346 2127 1529 2169 Olympia’
1554 2127 1709 2169 appella·

1002 2183 1070 2218 tus,
1086 2185 1160 2210 erat
1181 2179 1215 2209 iu
1231 2178 1342 2211 Elide.
1363 2178 1454 2220 Jovi]
1476 2178 1566 2212 Quia
1579 2177 1615 2210 hi
1635 2177 1709 2210 ludi

1003 2229 1036 2260 in
1052 2228 1216 2259 honorem
1231 2228 1329 2261 Jovis
1343 2228 1495 2260 instituti
1509 2232 1618 2260 erant.
1639 2227 1708 2268 Ap—

1001 2279 1127 2320 probat]
1148 2279 1190 2310 In
1217 2278 1462 2311 certaminibus
1487 2278 1636 2318 scilicet,
1659 2283 1709 2310 tn·

1003 2333 1071 2364 lem
1091 2343 1127 2364 se
1151 2335 1305 2374 praestat,
1321 2335 1361 2364 ut
1376 2340 1397 2363 a
1410 2331 1498 2365 Jove
1513 2330 1707 2374 approben-

1004 2387 1061 2416 tur
1077 2384 1155 2415 anni
1170 2383 1234 2414 sui.

1049 2438 1091 2466 50
1117 2434 1268 2466 Carmina
1289 2443 1356 2475 quoe
1379 2433 1546 2476 [Carmine
1560 2431 1634 2474 quo]
1653 2432 1709 2464 do·

1004 2494 1094 2516 nasse
1117 2488 1230 2526 queant
1254 2483 1392 2525 [queam]
1426 2482 1468 2514 Id
1493 2486 1558 2520 est,
1584 2481 1707 2524 quibus

1004 2535 1161 2566 versibus
1177 2534 1354 2566 celebrare
1369 2542 1448 2564 eum
1462 2536 1596 2574 potero.
1634 2531 1707 2563 Alii

1005 2586 1147 2627 legunt:
1180 2584 1331 2616 Carmina
1344 2593 1412 2625 quoe
1433 2584 1560 2615 donasse
1580 2584 1707 2624 queant.

1003 2635 1047 2668 Id
1062 2640 1129 2675 est,
1145 2635 1203 2677 qui
1219 2644 1338 2666 versus
1353 2639 1496 2676 possunt
1508 2633 1704 2676 exprimere

1008 2686 1082 2728 ejus
1098 2686 1248 2719 virtutes
1264 2695 1366 2727 supra
1381 2684 1521 2718 relatas.
