1800 3060
211 199 270 242 62
709 209 750 240 P.
785 209 975 240 νΑΡιΝιι
1010 209 1175 241 SrAru

211 304 296 347 Cui
315 304 467 360 rigidis
488 307 607 347 stant
627 304 750 347 colla
763 306 904 361 jubis,
922 307 1142 362 vivusque
1162 320 1242 362 per
1262 321 1407 349 armos

211 374 440 428 Impetus;
471 379 516 415 et
531 374 667 416 tantis
689 374 940 416 calcaribus
958 375 1034 416 ilia
1055 375 1148 417 late

211 441 462 484 Suffectura
482 445 656 495 patent:
687 454 846 485 vacuae
861 455 943 497 pro
966 442 1140 497 cespite
1163 446 1295 484 terrae
1620 443 1678 485 50

211 510 348 552 AErea
367 510 536 564 captivi
557 511 722 552 crinem
741 511 848 553 terit
867 511 1033 565 ungula
1051 510 1213 552 Rheni.

211 579 349 620 Hunc
369 583 414 620 et
434 577 701 619 Adrastaeus
722 579 868 620 visum
890 578 1169 621 extimuisset
1193 578 1353 630 Arion;

212 646 270 688 Et
289 651 426 701 pavet
447 647 674 700 aspiciens
697 646 892 688 Ledaeus
914 647 971 688 ab
993 646 1090 688 aede
1111 646 1367 702 propinqua

209 714 416 769 Cyllarus
436 727 446 756 z
477 714 550 756 hic
573 714 739 756 domini
758 727 984 768 nunquam
1004 714 1198 756 mutabit
1217 714 1417 756 habenas

201 835 306 868 Jubis:
335 837 482 878 velocitas
496 837 530 869 in
554 837 692 869 humeris
717 837 795 869 mire
818 838 1020 878 exprimitur,
1050 841 1082 869 et
1097 837 1156 869 ilia
1181 836 1244 869 late
1269 837 1479 869 extenduntur
1503 834 1676 877 suffectura

206 880 306 911 tantis
320 880 511 912 calcaribus.-
532 884 564 912 εἰ
578 881 644 912 vice
667 881 793 921 cespitis
817 884 912 912 terroe
925 890 1040 920 vucuae,
1061 890 1146 912 oerea
1169 881 1288 920 ungula
1302 881 1400 911 calcat
1424 880 1534 910 collum
1557 877 1676 919 captivi

208 921 325 954 Rheni.
369 923 474 955 Arion
487 923 622 955 Adrasti
644 933 739 964 equus
761 923 853 963 ludus
875 927 1002 965 aspectu
1017 923 1150 955 territus
1169 922 1300 963 fuisset,
1317 926 1349 955 et
1377 922 1510 954 Ledaeus
1530 922 1677 963 Cyllarus

204 965 354 998 exhorret
363 977 444 1008 eum,
457 976 584 999 centens
595 977 635 998 ex
648 966 790 1008 proximo
802 967 927 1008 templo.
953 966 1020 998 Hic
1032 966 1213 998 Domitiani
1222 975 1382 1007 nunquam
1392 964 1527 997 mutabit
1541 964 1677 997 habenas

823 1074 1063 1087 ONOOW‘O

205 1150 303 1182 malit
318 1150 534 1182 Manet—48
556 1150 682 1182 Venet.
707 1152 739 1182 1.
759 1150 936 1191 nimiusque
955 1160 1014 1191 per
1037 1153 1239 1184 armam—51
1263 1150 1367 1182 AEnea
1389 1148 1509 1190 captivi
1531 1148 1567 1180 in
1592 1149 1674 1183 edd.

205 1198 293 1225 vett.
309 1193 457 1225 mutavit
472 1193 602 1225 Markl.
647 1194 717 1225 Pro
732 1194 850 1225 crinem
870 1194 971 1225 Urat.
992 1194 1119 1226 crimen.
1163 1193 1351 1225 Gevartius
1374 1192 1504 1234 primus
1525 1193 1675 1234 recepit,

205 1236 298 1278 quod
313 1236 511 1278 conjecerat
525 1237 742 1276 Bernartius,
757 1241 794 1268 et
809 1236 842 1267 in
858 1236 970 1278 Epist.
984 1236 1028 1268 ad
1044 1236 1255 1269 Gronovium
1268 1236 1412 1269 Grotius
1427 1236 1516 1267 terit.
1559 1234 1675 1268 Antea

204 1279 390 1320 legebatur
416 1280 510 1320 tegit,
533 1283 572 1311 ut
588 1283 642 1311 est
660 1280 694 1311 in
709 1280 787 1311 Sen.
803 1280 903 1311 Vatt.
919 1282 951 1311 1.
963 1282 996 1311 2.
1012 1282 1043 1312 3.
1062 1283 1095 1312 4.
1117 1279 1271 1312 Merseb.
1298 1279 1396 1311 Leid.
1416 1277 1565 1310 Vindob.
1591 1279 1675 1311 Par.

204 1323 304 1355 Urat.
321 1328 358 1355 et
374 1323 574 1363 Capil.-—52
597 1322 695 1354 Hunc
708 1326 740 1354 et
757 1323 902 1354 Aristeus
923 1322 1104 1355 Drakenb.
1121 1325 1276 1355 Acasten
1288 1322 1378 1355 Ven.
1394 1325 1425 1354 1.
1443 1322 1600 1353 Adrastus
1614 1323 1672 1354 Vi.

204 1370 298 1398 cent.
312 1366 489 1398 Adrasteus
500 1365 617 1398 Hand.
631 1367 690 1408 qui
704 1370 810 1398 nostr.
827 1366 906 1397 lect.
921 1367 1109 1397 Adrastoeus
1119 1367 1278 1404 damuat3
1294 1369 1349 1398 est
1360 1365 1450 1397 enim
1464 1362 1675 1405 Ἀδράστειος.

203 1412 290 1440 -53
308 1408 432 1441 Ledeus
445 1409 524 1441 edd.
540 1414 627 1441 vett.
643 1409 682 1441 ab
697 1419 749 1441 ore
760 1409 967 1450 propinquum
981 1409 1109 1440 Venet.
1127 1412 1244 1442 1.—54
1259 1409 1362 1441 Urat.
1380 1407 1478 1440 Leid.
1491 1408 1579 1439 Ven.
1595 1410 1626 1439 1.
1642 1411 1675 1440 2.

203 1454 237 1485 3.
251 1456 285 1485 4.
310 1453 409 1485 Rom.
422 1457 459 1485 et
474 1451 578 1485 Aldd.
593 1452 741 1494 mutavit,
762 1451 854 1495 quod
875 1451 1027 1484 restituit
1042 1451 1213 1485 Handius.
1258 1452 1364 1484 Bern.
1381 1451 1511 1494 primus
1527 1453 1673 1484 mutavit

871 1543 1015 1577 NOTAE

202 1610 394 1644 videretur.

246 1665 287 1694 ⁵1
315 1662 444 1704 Captivi
467 1661 587 1702 Rhene]
614 1661 692 1693 Hoc
717 1659 816 1700 dicit,
831 1660 911 1702 quia

204 1713 386 1755 probabile
413 1716 479 1750 est,
503 1711 674 1753 superiori
699 1710 786 1743 basis
808 1710 910 1752 parti,

202 1774 280 1806 quae
307 1763 505 1796 sustinebat
526 1772 651 1805 equum
674 1766 711 1793 et
729 1762 909 1800 colossum,

203 1815 361 1853 Rhenum
385 1813 491 1846 fuisse
512 1814 735 1854 insculptum,
749 1817 910 1854 tanquam

201 1867 228 1899 si
261 1866 407 1908 pedibus
444 1864 632 1897 Domitiani
666 1862 910 1904 subjiceretur.

201 1917 440 1959 Fingebantur
463 1920 578 1948 autem
600 1915 666 1948 hoc
683 1914 785 1946 modo
800 1913 910 1946 domi-

203 1975 315 2000 tarum
331 1967 583 2009 provinciarum
597 1958 782 1997 simulacra
797 1965 909 1996 calca-

202 2024 242 2050 ta
279 2017 425 2059 pedibus
461 2017 632 2049 victorum
670 2017 911 2047 Romanorum.

203 2068 387 2102 Claudian.
402 2077 454 2099 vr.
488 2067 592 2099 Cous.
609 2066 769 2098 Honorii.
790 2066 800 2083 ‘
813 2065 912 2097 Colla

202 2118 407 2161 triumphati
423 2118 604 2160 proculcat
618 2116 791 2149 Honorius
803 2115 911 2148 Istri:

203 2171 283 2203 Mos
298 2171 404 2202 etiam
417 2173 505 2210 erat,
515 2169 567 2201 his
580 2168 740 2210 operibns
755 2167 911 2209 publicis,

202 2232 280 2264 quae
306 2221 342 2253 in
371 2221 535 2252 honorem
564 2219 819 2260 Imperatorum
851 2228 910 2250 ex-

203 2272 439 2311 struebantur,

202 2334 286 2366 quas
302 2323 506 2361 retulerant,
518 2321 716 2363 provincias
727 2319 909 2362 urbesque.

202 2382 245 2404 ac
268 2378 389 2413 gentes
413 2372 580 2412 devictas,
597 2372 828 2413 imaginesque
850 2370 911 2403 flu-

203 2423 348 2454 viorum.
393 2422 522 2454 Eadem
548 2423 681 2455 ratione
702 2421 911 2455 Claudianus

201 2474 212 2490 ‘
229 2473 368 2514 captiva
379 2472 388 2487 '
413 2473 497 2504 dicit
524 2473 535 2490 ‘
547 2471 710 2514 flumina,’
724 2473 805 2516 quia
820 2473 911 2505 scili-

202 2529 262 2555 cet
277 2525 310 2555 iu
327 2523 507 2565 triumphis
531 2524 698 2564 imagines
721 2524 910 2566 provincia-

204 2584 292 2615 rum,
308 2573 457 2614 urbium,
479 2572 672 2614 fluviorum,
695 2585 736 2607 ac
759 2574 910 2607 devicta·

203 2635 278 2657 rum
290 2625 442 2667 gentium
452 2623 662 2657 ferebantur.
687 2625 792 2657 Ovid.
802 2626 909 2658 Trist.

201 2684 253 2707 ιν.
267 2678 300 2708 2.
315 2676 358 2708 de
381 2675 571 2708 simulacris
586 2676 621 2708 in
635 2675 808 2717 triumpho
828 2676 909 2708 duc·

202 2727 269 2758 tis:
293 2728 302 2744 ‘
320 2726 479 2758 Crinibus
501 2735 544 2758 en
567 2725 670 2757 etiam
694 2724 806 2758 fertur
820 2726 907 2759 Ger-

203 2777 317 2810 mania
346 2777 468 2819 passis.
492 2777 538 2809 Et
569 2776 666 2809 ducis
695 2777 814 2810 invicti
843 2778 906 2810 sub

490 2269 688 2310 insculpere
735 2267 909 2308 victorias,
930 2291 936 2296 .

965 1607 1055 1651 pede
1080 1612 1204 1641 moesta
1217 1607 1336 1641 sedet!
1379 1606 1471 1639 Vide
1494 1610 1530 1639 et
1550 1606 1673 1639 trium·

966 1660 1070 1700 pbum
1095 1659 1180 1692 Julii
1208 1658 1355 1691 Caesaris
1380 1657 1472 1700 apud
1499 1656 1672 1689 Velleium

966 1709 1201 1742 Pater-culum.
1245 1709 1408 1742 Ceterum
1422 1709 1489 1740 boc
1503 1707 1617 1740 Rheni
1632 1708 1673 1739 si-

965 1761 1152 1793 mulacrum
1182 1764 1263 1793 ante
1291 1770 1398 1792 annos
1431 1760 1492 1791 bos
1531 1762 1672 1790 centum

967 1811 1089 1843 Romae
1108 1810 1320 1852 superfuisse
1345 1809 1466 1842 scribit
1489 1809 1673 1841 Bartholo-

963 1871 1071 1894 maeus
1083 1861 1272 1894 Marlianus
1285 1861 1416 1903 Topog.
1427 1859 1530 1892 Urbis
1543 1858 1602 1891 lib.
1614 1868 1671 1891 111.

964 1922 1043 1954 cap.
1059 1914 1091 1944 3.

1007 1965 1050 1994 52
1072 1962 1259 1994 Adrastoeus
1273 1961 1390 2003 Arion]
1411 1960 1520 1993 Arion
1547 1969 1670 1992 nomen

964 2013 1057 2055 equi,
1072 2013 1131 2055 qui
1147 2011 1259 2044 fuerat
1279 2010 1418 2043 Adrasti
1434 2010 1601 2051 Argorum
1618 2019 1671 2041 re-

965 2063 1028 2104 gis,
1045 2063 1089 2095 de
1104 2072 1172 2104 quo
1188 2062 1289 2103 plura
1303 2061 1450 2093 diximus
1463 2060 1570 2092 Theb.
1586 2069 1638 2092 vr.

1007 2116 1049 2145 53
1075 2114 1120 2145 Et
1130 2113 1168 2145 ab
1182 2114 1247 2145 aede
1256 2111 1443 2154 propinqua]
1465 2111 1573 2143 Notat
1585 2115 1671 2142 tem-

964 2165 1071 2205 plum,
1096 2164 1187 2205 quod
1207 2163 1242 2195 iu
1268 2162 1344 2195 soro
1370 2167 1446 2195 erat
1469 2161 1605 2194 Polluci
1630 2169 1671 2192 ac

965 2215 1101 2248 Castori
1116 2216 1282 2256 dicatum,
1296 2215 1388 2258 quod
1407 2218 1522 2247 tamen
1538 2217 1669 2247 tantum

964 2266 1116 2299 Castoris
1131 2266 1332 2298 vocabatur.

1006 2320 1048 2349 54
1074 2316 1238 2359 Cyllarus]
1261 2316 1396 2348 Nomen
1412 2314 1492 2356 equi
1503 2312 1668 2346 Castoris.

965 2367 1032 2399 Hic
1051 2368 1169 2400 domini
1195 2376 1353 2407 nunquam
1367 2364 1500 2396 mutabit
1523 2363 1669 2404 habenas,

965 2418 1133 2459 Perpetuis
1146 2417 1278 2456 frenis,
1292 2419 1388 2457 aeque
1409 2415 1464 2447 uni
1481 2414 1596 2446 serviet
1621 2423 1671 2446 as-

963 2469 1031 2510 tro]
1057 2469 1153 2500 Dicit
1175 2467 1288 2500 Poeta
1313 2476 1437 2508 equum
1466 2465 1672 2505 Domitiani,

962 2529 1030 2551 non
1057 2524 1266 2551 mutaturum
1293 2518 1444 2550 habenas
1468 2516 1609 2555 domiui,
1633 2516 1668 2547 id

963 2578 1030 2611 est,
1053 2572 1254 2614 Domitiani,
1276 2582 1342 2604 nec
1367 2571 1571 2603 serviturum
1596 2570 1668 2610 plu·

964 2626 1057 2658 ribus
1081 2626 1240 2667 dominis,
1263 2630 1302 2657 nt
1326 2624 1446 2663 Arion,
1469 2623 1527 2665 qui
1556 2621 1668 2663 primo

965 2677 1080 2719 paruit
1092 2677 1268 2718 Neptuno,
1284 2679 1403 2717 postea
1418 2672 1577 2712 Herculi,
1592 2676 1667 2702 tan-

963 2727 1041 2759 dem
1066 2726 1228 2767 Adrasto,
1254 2730 1292 2758 ut
1313 2729 1411 2767 patet
1426 2733 1469 2755 ex
1484 2721 1596 2754 Theb.
1615 2731 1666 2753 vr.

962 2782 998 2810 et
1012 2778 1168 2820 Cyllarus
1184 2778 1240 2820 qui
1255 2776 1388 2809 duobus
1408 2773 1572 2807 fratribus
1588 2772 1668 2805 Pol-
