1800 3060
643 163 920 197 srnvanmt
955 166 1050 197 mn.
1074 167 1106 198 1.
1133 157 1174 199 2.
1574 161 1631 201 ‘79

176 259 250 302 Tu
268 260 403 302 modo
423 258 561 303 fronte
580 272 724 311 rosam,
746 261 878 303 violis
899 262 1030 304 modo
1051 261 1149 304 lilia
1163 264 1305 306 mixta

176 327 382 382 Excipis,
404 332 449 370 et
468 328 659 370 dominae
679 330 822 371 niveis
844 343 873 372 a
887 330 1080 372 vultibus
1100 332 1269 374 obstas,

175 394 294 448 Ειςο
313 394 412 437 dies
432 395 585 437 aderat
605 396 842 438 Parcarum
863 397 1066 439 conditus
1087 399 1192 440 albo

174 460 371 514 Vellere,
391 476 478 518 quo
498 463 650 506 Stellae
670 463 1034 520 Violantillaeqne
1049 466 1278 520 professus
1571 469 1630 512 25

173 527 449 572 clamaretur
468 531 673 585 Hymen:
702 532 863 574 cedant
883 545 1107 588 curaeque,
1125 538 1385 590 metusqne;

173 642 265 674 aido·
275 646 366 675 mus
377 646 442 675 tua
454 643 603 685 expetite
616 644 738 676 uxoris.
771 645 820 676 Ta
830 645 950 686 excipis
959 646 1047 677 nodo
1057 655 1144 678 rosus
1156 657 1225 680 eum
1238 647 1419 689 fmndibus,
1432 649 1520 682 modo
1531 651 1628 684 violas

173 685 252 716 lilii·
265 685 411 726 inuia,
426 689 458 717 et
468 696 521 717 ω
538 695 626 718 arces
640 696 661 716 n
681 686 812 718 candido
826 688 913 719 aaut
927 691 992 719 Μ
1011 689 1152 721 domim.
1198 691 1286 731 Ergo
1300 692 1367 724 dies
1381 697 1471 724 netu
1482 693 1550 725 albo
1562 698 1627 726 stu-

171 726 256 759 aiac
265 727 438 761 Paron-rm
446 732 585 770 mant,
595 738 654 770 quo
664 729 898 762 murino-iun
911 729 1061 774 Steaoesser
1081 731 1272 765 Violooeiuae
1283 735 1510 776 divulgat-etv.
1543 737 1627 770 8οᾶ-

920 823 1019 837 m

171 883 348 919 dium—22
369 885 417 919 Ἆι
430 885 641 926 modofmde
661 887 812 922 Gronov.
826 889 939 923 Diatr.
955 900 1032 933 cap.
1047 894 1081 924 9.
1097 892 1156 925 sed
1180 894 1322 927 Elench.
1344 894 1532 929 Antidiatr.
1548 907 1625 939 cap.

171 931 205 961 2.
220 929 346 961 retinet
352 929 473 968 from.
506 930 659 963 Floreut.
679 931 778 963 Leid-
801 932 882 965 Par.
897 934 1039 967 Venett.
1058 939 1087 968 l.
1108 939 1140 968 2.
1161 939 1193 969 ³.
1208 940 1240 969 4.
1262 938 1379 970 Parm.
1403 939 1501 973 Rom.
1516 945 1553 972 et
1567 942 1625 973 Vi·

172 975 266 1003 cent.
280 981 367 1004 rom
383 973 502 1004 κοιλίη
524 974 624 1013 modo,
641 975 696 1014 ξε.
723 975 823 1006 Urat.
836 975 941 1008 habet
963 977 1066 1018 violis,
1082 979 1174 1020 qnod
1188 981 1315 1020 primns
1331 981 1442 1014 edidit
1457 982 1626 1016 Aventius

172 1014 208 1045 in
220 1012 302 1046 And.
317 1017 349 1046 1.
364 1019 401 1046 et
415 1014 474 1046 alii
489 1015 651 1058 deinceps
674 1021 974 1058 receperunt.—2s
998 1020 1098 1053 Urat.
1113 1022 1239 1054 Venet.
1255 1025 1286 1054 1.
1297 1029 1334 1055 et
1349 1023 1467 1057 Pam.
1482 1029 1515 1057 et
1526 1027 1628 1058 doni-

171 1056 233 1088 at’s.
249 1056 322 1089 Pro
335 1057 437 1089 niveis
458 1058 586 1091 Maru.
602 1059 694 1100 conj.
707 1060 832 1100 nuidis,
854 1062 1012 1102 quoniam
1027 1065 1209 1104 pra-cessit
1223 1066 1328 1097 nium
1339 1069 1528 1100 ortum—26
1552 1070 1626 1101 Cla-

173 1102 312 1132 mor-du·
329 1097 455 1142 hymen,
474 1109 543 1133 non
568 1100 709 1143 Hymen,
732 1101 909 1143 nundi-m
942 1115 1020 1138 nam
1042 1106 1154 1149 ipsum
1179 1108 1384 1151 intelligitur
1411 1120 1562 1152 carmen,
1586 1117 1626 1145 nt

823 1189 968 1223 NOTA-2

170 1249 245 1282 rod.
267 1248 330 1281 lib.
353 1257 405 1282 tv.
451 1249 567 1283 Ninbo
589 1250 781 1295 [Hymen]
801 1252 871 1286 Ge·
922 1254 1046 1289 Pareae
1063 1257 1152 1290 enim
1167 1267 1249 1291 nere
1261 1257 1422 1292 dicuntur
1433 1259 1510 1294 alba
1521 1263 1625 1295 velle·

168 1299 299 1332 vanius
345 1299 431 1343 legit
478 1301 606 1342 Ninon,
639 1312 683 1335 ex
719 1303 871 1336 editione
922 1313 962 1337 ra
974 1305 1099 1348 beatis,
1113 1307 1204 1350 qnod
1219 1309 1302 1341 laeta
1314 1314 1351 1342 et
1365 1311 1544 1352 auspicata
1558 1313 1624 1346 La·

169 1350 332 1382 Veneta:
369 1348 416 1382 Ee
443 1350 539 1383 olenti
565 1362 714 1394 sporgere
738 1352 870 1392 ιιίιιὸος
921 1355 985 1387 tini
1012 1356 1135 1390 ‘alba’
1155 1363 1192 1391 et
1222 1359 1416 1392 ‘candida’
1437 1368 1623 1396 vocarent:

168 1400 338 1445 affertque
353 1403 396 1436 ad
411 1403 611 1437 firmandam
634 1415 730 1438 snam
739 1405 870 1448 [lectio-

168 1461 249 1485 nem
271 1453 510 1496 (nandium,
532 1455 592 1498 qni
616 1454 737 1488 eodem
759 1456 868 1489 verbo

170 1513 252 1535 usus
281 1509 355 1536 est:
379 1505 478 1538 ‘Nec
505 1504 649 1547 signifer
675 1506 764 1538 ullus
790 1507 868 1538 Nec

170 1554 268 1586 miles
296 1555 421 1596 pluvit
449 1554 552 1588 flores
577 1556 777 1598 dispergere
801 1557 868 1589 ritu

169 1604 300 1645 cenat,
326 1615 568 1648 purpureoque
588 1606 711 1639 ducem
729 1606 870 1648 perfun-

169 1653 252 1685 dere
281 1654 420 1687 nimbo!
458 1655 516 1688 Sic
540 1655 721 1688 Lucretius
742 1656 804 1689 lib.
828 1664 869 1690 11.

168 1704 228 1736 ubi
250 1704 416 1746 cybelem
439 1703 579 1738 floribns
592 1705 776 1748 conspergi
791 1707 870 1739 soli-

167 1756 239 1786 tam
270 1753 405 1794 scribit,
441 1755 694 1797 elegantissime
729 1754 869 1790 floribus

168 1802 334 1844 ninguere
356 1804 466 1837 dixit:
485 1804 589 1837 ‘AEre
605 1809 710 1848 atque
725 1812 868 1848 argento

167 1858 326 1887 sternunt
338 1855 405 1888 iter
419 1865 519 1888 omne
533 1857 678 1898 viarum,
697 1857 868 1900 Largifica

167 1904 259 1946 stipe
293 1905 457 1947 ditantes,
479 1907 692 1950 ninguntque
712 1917 867 1941 rosarum

167 1953 336 1995 Floribus,
363 1955 559 1989 umbrantes
579 1961 738 1998 matrem,
764 1960 868 1991 comi-

167 2009 310 2046 tumque
321 2006 518 2039 catervan?
548 2007 618 2039 Sed
632 2017 698 2040 vox
712 2009 869 2052 Thymbra

167 2054 350 2088 retinenda
363 2060 429 2088 est.
471 2057 636 2090 Testatur
646 2059 737 2092 enim
749 2060 867 2092 Ptole·

165 2111 273 2135 maens
295 2105 433 2137 Flavius
454 2107 534 2139 olim
563 2108 722 2150 Thymbra
743 2110 868 2142 habere

167 2156 324 2185 vetustos
349 2153 497 2189 codices.
539 2157 588 2190 Et
613 2164 698 2200 puto
713 2159 868 2193 allusisse

166 2201 349 2245 Papininm
369 2204 413 2236 ad
433 2205 516 2238 illud
530 2215 720 2249 cognomen
735 2210 868 2251 Apolli-

166 2255 231 2291 nis,
259 2263 328 2296 quo
351 2255 617 2298 ‘Thymbraeus’
650 2266 803 2298 voeatnr,
828 2267 867 2294 et

165 2304 257 2346 quod
282 2305 459 2347 Thymbra
483 2308 533 2339 illi
554 2319 652 2342 sacra
673 2311 740 2351 sit;
760 2317 797 2344 et
811 2322 867 2345 vo·

166 2353 271 2387 luisse
287 2355 430 2388 Amore·
438 2361 475 2389 et
487 2357 626 2391 Gratias
636 2369 702 2392 non
715 2371 867 2395 cessasse

165 2403 374 2445 perfundere
401 2405 554 2450 floribus,
581 2419 622 2442 ac
651 2412 868 2452 peculiariter

164 2454 336 2496 thymbra,
361 2455 400 2498 (a
426 2466 495 2499 qna
522 2458 649 2500 Apollo
672 2462 867 2503 appellatur

166 2504 448 2548 *Τὴςιιιδι-ειιεξ)
471 2507 617 2541 Stellam
644 2515 684 2543 ut
707 2511 864 2554 Poetam,

166 2559 204 2587 et
229 2556 390 2588 clientem
416 2556 596 2599 Apollinis.
641 2561 734 2594 Quin
762 2563 865 2595 etiam

165 2604 311 2646 tunm
324 2613 523 2641 numeratur
536 2611 629 2643 inter
641 2611 773 2645 olentes
787 2613 864 2645 her-

165 2654 486 2691 basaDioscoride.

210 2707 253 2737 24
274 2707 446 2740 Pareo-um
471 2710 615 2743 conditus
632 2712 701 2744 albo
729 2713 863 2754 Vellere]

919 1405 1000 1438 hinc
1034 1407 1132 1440 ‘dies
1162 1409 1251 1441 albi·
1281 1411 1326 1443 ct*
1359 1411 1458 1444 ‘albo
1485 1412 1601 1454 lapide
1613 1414 1623 1427 '

921 1457 1045 1497 notati,
1065 1467 1128 1500 pro
1142 1457 1321 1493 felicibus:
1343 1460 1422 1494 hinc
1444 1462 1602 1496 ‘candidi
1614 1463 1624 1477 ⁹

920 1508 1084 1549 appellati
1096 1509 1247 1542 Deorum
1261 1511 1334 1552 filii,
1346 1516 1383 1544 ut
1398 1512 1502 1545 Plato
1516 1515 1624 1556 scrip·

922 1557 981 1598 sit,
994 1558 1201 1591 Plutarchus
1229 1561 1357 1593 retulit.
1392 1562 1494 1595 Unde
1507 1564 1624 1606 Virgi-

922 1607 988 1639 lius
1014 1609 1049 1640 in
1071 1609 1257 1652 Daphnide
1285 1612 1456 1645 Caesarem
1485 1615 1624 1647 ‘candi-

922 1657 1028 1699 dum‚'
1050 1661 1146 1703 qnasi
1172 1662 1324 1695 Deorum
1347 1663 1466 1707 filium,
1482 1665 1557 1707 Jam
1573 1667 1623 1698 in-

922 1713 977 1742 ter
990 1710 1084 1743 Deos
1105 1713 1251 1745 relatum
1275 1719 1401 1747 vocat:
1424 1715 1623 1750 ‘Candidus

920 1760 1094 1794 insuetum
1107 1763 1250 1796 mIratur
1262 1765 1377 1796 lumen
1392 1765 1558 1808 Olympi?

961 1811 1003 1843 25
1024 1805 1203 1855 Professus]
1226 1813 1281 1846 An
1296 1814 1506 1858 declaratus,
1518 1821 1559 1849 ut
1573 1816 1623 1849 di·

920 1861 1013 1894 citnr
1024 1863 1035 1881 ‘
1046 1863 1219 1904 professus
1239 1864 1347 1898 hostis
1358 1865 1384 1898 ?’
1425 1866 1480 1899 An
1495 1867 1529 1899 in
1545 1873 1623 1901 acta

921 1911 1071 1944 relatus?
1091 1914 1142 1946 sie
1158 1914 1171 1932 ‘
1181 1913 1347 1956 professae
1361 1916 1515 1950 merces'
1530 1920 1622 1961 apud

920 1961 1149 1996 redemtorem
1177 1965 1419 2008 vectigalium:
1447 1967 1498 2001 sic
1519 1969 1622 2002 ‘cen-

921 2020 978 2044 sus
1006 2013 1205 2055 professns’
1235 2015 1328 2058 apud
1357 2017 1550 2052 Censores:
1572 2020 1622 2053 sic

921 2066 1022 2105 pater
1050 2064 1245 2106 ‘profiteri'
1274 2066 1400 2100 liberos
1426 2068 1620 2110 dicebatur,

918 2122 997 2146 cum
1023 2123 1145 2147 recens
1183 2120 1281 2149 natos
1317 2117 1556 2160 denuntiabat,
1583 2127 1623 2153 ut

919 2163 1110 2206 colligimus
1133 2176 1176 2198 ex
1191 2166 1362 2200 Juvenale
1383 2173 1420 2201 et
1444 2170 1622 2203 Jnriscon-

919 2214 1029 2246 sultis.
1071 2215 1295 2249 Matrimonia
1333 2218 1435 2250 etiam
1475 2219 1621 2261 publicis

918 2265 1008 2297 actis
1029 2265 1315 2307 inscribebantur,
1334 2273 1372 2300 nt
1394 2269 1556 2302 discimus
1577 2282 1620 2304 ex

920 2314 1067 2355 quadam
1081 2316 1226 2357 epistola
1239 2318 1335 2350 Caelii
1354 2318 1397 2350 ad
1407 2318 1619 2354 Ciceronem.

918 2362 1055 2397 Alludit
1069 2366 1186 2398 eodem
1210 2368 1410 2402 Juvenalis:
1429 2369 1439 2387 ‘
1451 2369 1555 2403 Fient
1577 2372 1619 2404 is·

918 2418 955 2445 ta
970 2415 1095 2456 palam,
1110 2416 1252 2458 cupient
1271 2418 1358 2451 etin
1372 2423 1451 2452 acta
1472 2420 1621 2454 τείσει-τί]

919 2464 1081 2497 Divortia
1094 2467 1201 2499 etiam
1223 2468 1259 2500 in
1280 2472 1358 2501 acta
1372 2471 1492 2503 relata.
1534 2472 1621 2504 Sue-

919 2515 1033 2546 tonius
1049 2516 1206 2558 Caligula
1216 2528 1292 2561 cap.
1307 2523 1340 2552 4.

960 2568 1004 2597 26
1025 2565 1167 2609 Hymen]
1190 2567 1318 2611 Hymen
1347 2572 1486 2612 proprie
1509 2572 1619 2614 Deus,

919 2615 976 2656 qni
1003 2617 1130 2656 nuptiis
1155 2624 1318 2660 praerat,
1342 2620 1401 2652 sed
1418 2626 1455 2652 et
1470 2631 1534 2662 pro
1547 2633 1617 2655 ma-

919 2665 1077 2699 trimonio
1091 2667 1194 2702 etiam
1210 2673 1249 2703 nt
1262 2669 1317 2702 hic
1333 2670 1491 2705 sumitur.
