1800 3060
243 201 331 245 238
746 215 786 245 P.
821 215 1009 247 PAmNn
1046 216 1211 249 s'rArn

246 308 418 352 Coelica
437 313 559 351 tecta
578 309 721 352 subit:
752 315 842 352 tum
861 311 1038 353 demum
1053 311 1174 353 victa
1191 313 1358 363 labore,

246 376 390 418 Fessa
407 380 540 427 metu,
563 389 652 430 qua
667 390 780 419 nunc
803 378 975 431 placidi
997 378 1199 420 Melioris
1220 380 1367 433 aperti
1641 381 1700 422 15

245 444 376 484 Stant
395 444 489 484 sine
504 443 658 485 fraude
675 444 805 494 lares,
825 445 987 486 fluidos
1007 445 1186 499 collegit
1207 447 1396 488 amictus

246 510 443 560 Aretias,
463 515 508 551 et
525 511 670 553 niveae
690 513 845 566 posuit
863 525 912 554 se
932 513 1124 565 margine
1145 514 1270 567 ripae.

243 577 502 632 Insequitur
520 578 655 620 velox
675 591 888 632 pecorum
910 582 1050 628 Deus,
1071 585 1118 621 et
1139 593 1221 621 sua
1240 580 1424 623 credens

248 644 497 695 Connubia‚
518 643 685 687 ardenti
698 645 886 700 jamjam
908 647 1103 700 suspiria
1120 646 1255 688 librat

246 711 450 762 Pectore,
464 711 559 767 jam
576 711 741 767 praedae
757 712 870 756 levis
888 714 1109 755 imminet:
1140 726 1247 755 ecce
1269 714 1432 757 citatos
1645 716 1703 759 20

244 852 347 883 intrat
364 851 461 883 Coelia
476 853 611 883 culmina
620 863 633 890 ,·
658 852 704 883 ibn·
725 853 850 883 tandem
866 852 1013 891 fatigata
1033 861 1138 892 cursu,
1153 856 1184 884 et
1198 857 1282 885 metu
1296 852 1453 895 deficiens,
1468 855 1594 895 ‹sonegie
1608 855 1702 894 strie-

246 895 313 925 tius
326 895 463 925 sinuosas
478 898 590 932 vestes,
606 898 635 926 et
651 905 684 926 se
697 895 871 935 prostravit
897 895 929 924 in
951 895 1094 934 margine
1119 895 1200 934 ripoe
1223 896 1376 936 candidoe,
1396 900 1427 928 et
1449 906 1551 928 somno
1567 898 1702 939 capitur,

244 947 305 977 qua
320 947 399 968 nunc
413 939 476 967 seat
492 938 597 967 domus
611 937 731 968 sincera
754 937 841 968 vlitis
856 937 1012 967 Melioris.
1063 937 1160 969 Velox
1176 938 1264 969 Deus
1274 947 1419 978 pecorum
1435 948 1502 970 eam
1515 941 1700 982 insequitur,

244 982 276 1010 et
289 982 380 1020 putat
386 979 458 1018 ,iam
471 989 504 1010 se
519 979 604 1011 brevi
619 989 654 1012 ea
659 979 851 1019 fruiturum.
895 979 971 1010 Jam
978 979 1049 1020 jam
1063 980 1242 1021 comprimit
1262 980 1434 1012 anhelitum
1448 981 1482 1014 in
1495 983 1618 1014 ardenti
1630 993 1705 1024 pec·

856 1083 876 1095 O
879 1083 1094 1096 ΙΝΝΝΜ

246 1157 381 1197 brogii3
405 1157 495 1189 unde
516 1157 586 1196 ine,
610 1157 684 1188 Non
708 1156 809 1188 hirtos
829 1160 1052 1196 gressus.-—14
1065 1157 1134 1190 Pro
1152 1158 1268 1190 Coelica
1291 1161 1374 1190 tecta
1402 1159 1449 1191 N.
1467 1158 1632 1192 Heinsius
1655 1160 1698 1191 ad

246 1200 352 1233 Ovid.
369 1201 531 1232 Fast.1v.
547 1203 622 1231 375.
649 1199 797 1231 mavult:
824 1200 923 1231 Caelia
947 1203 1041 1239 tecta,
1065 1205 1104 1232 ut
1129 1201 1259 1232 vitetur
1285 1202 1501 1243 ambiguitas.
1544 1203 1554 1220 ‘
1569 1203 1700 1234 Montis

245 1243 354 1274 Caelii.
396 1243 453 1274 Sic
469 1248 565 1274 recte
581 1242 643 1273 viri
666 1242 772 1274 docti.
817 1243 909 1283 Ergo
927 1243 1047 1282 Caelia,
1060 1252 1126 1275 nou
1150 1244 1266 1275 Coelica
1280 1244 1343 1276 boc
1364 1245 1438 1276 loco
1455 1244 1699 1277 scribendum!

245 1286 364 1317 Barth.
407 1285 546 1324 ‘Major
572 1285 652 1315 mihi
682 1285 818 1316 videtur
847 1284 1028 1316 difficultas
1049 1286 1083 1316 in
1110 1295 1194 1317 voce
1220 1290 1323 1324 tectam
1345 1287 1513 1327 quomodo
1529 1288 1617 1318 enim
1631 1287 1700 1319 dici

244 1329 361 1369 potuit
372 1327 501 1359 Pholoe
517 1327 660 1359 subiisse
676 1331 772 1366 tecta,
788 1337 864 1358 cum
880 1327 997 1359 statim
1013 1333 1176 1368 sequatur
1190 1328 1281 1359 illam
1298 1329 1496 1369 deposuisse
1509 1339 1546 1361 se
1560 1330 1703 1369 margine

242 1371 336 1411 ripoe,
360 1377 395 1402 et
416 1380 456 1401 eo
480 1371 553 1402 loco
576 1370 635 1401 ubi
650 1379 730 1400 nunc
746 1375 822 1400 sum
837 1369 930 1401 aedes
947 1370 1102 1401 Melioris
1117 1371 1130 1401 ?
1154 1371 1236 1412 quin
1250 1375 1287 1402 et
1304 1371 1419 1402 Diana
1430 1381 1503 1402 eam
1519 1372 1700 1403 cubantem

243 1413 333 1444 vidit
348 1413 427 1444 dum
444 1416 537 1444 errat
554 1421 615 1452 per
627 1412 866 1453 septemjuga.
911 1412 989 1444 Nou
1005 1413 1110 1454 igitur
1125 1413 1214 1444 iutra
1240 1416 1324 1444 tecta
1351 1418 1433 1445 tune
1461 1413 1529 1445 fuit
1557 1413 1701 1454 Pholoe,

244 1456 305 1487 sed
324 1455 387 1486 sub
405 1455 472 1492 dio,
488 1454 647 1496 nudoque
675 1455 738 1486 sub
763 1454 898 1486 aetheris
921 1464 998 1486 axe.
1043 1456 1136 1495 Lege
1152 1466 1162 1486 z
1186 1456 1303 1487 Coelica
1325 1459 1407 1488 tesca
1435 1456 1530 1489 subit.
1577 1457 1700 1498 'sesqua

244 1507 307 1529 seu
321 1501 405 1529 tesca
421 1503 500 1529 sunt
522 1498 598 1529 loca
614 1507 734 1537 aspera
750 1502 786 1528 et
801 1497 942 1537 inculta,
969 1498 1080 1538 qualia
1097 1496 1171 1529 fere
1187 1503 1268 1529 sunt
1285 1503 1426 1530 montes.
1449 1499 1536 1530 Hor.
1551 1507 1579 1530 1.
1590 1499 1702 1540 Epist.

245 1543 299 1572 14.
319 1543 372 1572 19.
394 1541 524 1572 Lucan.
548 1548 600 1572 vr.
627 1542 681 1571 40.
724 1540 904 1580 Sequitur:
929 1540 974 1571 ibi
999 1541 1121 1572 demum
1136 1540 1220 1571 victu
1234 1540 1354 1572 labore:
1377 1541 1427 1572 ita
1441 1541 1550 1572 Theb.
1566 1550 1608 1573 u.
1623 1543 1701 1574 473.

242 1582 313 1614 Sed
336 1582 428 1615 aliud
456 1582 603 1615 suadent
625 1581 705 1613 edd.
729 1582 844 1613 Parm.
871 1586 907 1613 et
930 1583 1027 1614 Rom.
1057 1593 1134 1624 quae
1164 1583 1350 1614 exhibent:
1374 1582 1446 1622 Jam
1471 1585 1591 1615 demum
1615 1584 1702 1615 victa

242 1625 359 1656 labore.
389 1626 495 1666 Lege,
516 1629 584 1656 tum
605 1626 738 1656 demum.
783 1625 906 1664 Virgil.
922 1633 991 1656 xn.
1007 1628 1039 1657 6.
1062 1626 1168 1656 ‘Tum
1185 1624 1318 1656 demum
1343 1630 1459 1657 movet
1484 1636 1576 1657 arma
1601 1625 1702 1658 leo.’'

243 1668 368 1699 Mar-kl.
410 1667 452 1699 Iu
469 1669 568 1699 Varr.
581 1668 694 1698 Lectt.
711 1666 967 1707 Lindenbrogii‚
989 1670 1053 1698 tam
1069 1668 1288 1699 demum—16
1308 1668 1436 1700 Venet.
1459 1671 1490 1700 2.
1511 1668 1595 1710 (non
1619 1670 1702 1700 item

244 1710 370 1742 Venet.
409 1713 439 1741 1.
473 1715 511 1741 ut
549 1710 598 1740 ait
626 1707 851 1750 Gronovius‚)
878 1710 1002 1741 habet:
1031 1710 1171 1752 flvcvidos
1192 1710 1313 1750 colleg-it
1344 1710 1490 1750 amictus,
1528 1711 1617 1743 unde
1644 1711 1702 1743 ille

235 1752 357 1792 fluidos
392 1753 518 1792 collegit
554 1753 700 1783 amictus.
731 1750 786 1784 Cf.
811 1751 934 1783 Senec.
966 1751 1085 1793 OEdip.
1113 1755 1188 1784 422.
1216 1756 1253 1783 et
1282 1752 1387 1784 Ovid.
1418 1752 1496 1785 Art.
1532 1753 1612 1785 Am.
1645 1762 1704 1787 111.

244 1797 320 1827 801.
339 1795 447 1836 flavos
473 1795 598 1834 collegit
621 1794 753 1825 amictus
781 1794 879 1826 Rom.
914 1794 1029 1825 Parm.
1055 1794 1160 1825 Aldd.
1191 1794 1302 1826 Colin.
1337 1795 1471 1836 Grypb.
1501 1796 1605 1828 Basil.
1635 1797 1701 1827 &e.

242 1840 328 1869 —1'1
351 1836 464 1870 ‘Quid
487 1837 577 1868 nivea
599 1837 671 1877 ripa
697 1845 763 1867 non
795 1836 973 1876 intelligo:
1001 1837 1107 1877 magis
1130 1835 1221 1868 forte
1245 1836 1399 1878 placebit
1418 1838 1507 1869 niveo
1535 1839 1676 1878 murgim
1691 1848 1704 1875 ‚-

243 1885 283 1910 ut
313 1880 415 1911 Balu.
442 1880 576 1912 Etrusc.
611 1882 665 1910 51.
726 1878 796 1910 Sed
832 1878 878 1910 ibi
912 1880 922 1896 ‘
940 1879 1059 1910 niveus
1089 1878 1232 1920 margo'
1269 1883 1324 1911 est
1353 1889 1397 1911 ex
1426 1889 1593 1912 marmore
1623 1890 1704 1912 can-

243 1921 325 1953 dido
351 1921 494 1959 factus;
518 1932 594 1963 quae
620 1921 862 1961 interpretatio
891 1921 968 1953 huic
998 1921 1074 1952 loco
1103 1931 1169 1952 non
1199 1921 1358 1962 quadrat.
1399 1922 1574 1963 Suspicari
1602 1928 1703 1963 potes

244 1973 362 1996 vocem
384 1964 496 1995 viridis
520 1965 575 1995 vel
600 1963 698 1994 viridi
722 1965 830 1994 latere
854 1963 915 1994 sub
938 1963 1005 1995 ista
1027 1964 1126 1994 niveoe
1141 1975 1154 2002 ,-
1174 1963 1229 1995 hae
1256 1964 1344 1994 enim
1367 1973 1468 1996 voces
1494 1974 1588 2006 saepe
1611 1966 1703 1996 inter

243 2016 281 2038 se
305 2010 556 2038 commutantur
577 2006 611 2037 in
635 2007 721 2037 Mss.
746 2005 876 2037 Ausou.
899 2006 1036 2037 Mosen.
1061 2009 1135 2037 141.
1159 2006 1232 2038 Cic.
1254 2007 1338 2047 Leg.
1361 2015 1387 2038 1.
1408 2010 1440 2039 6.
1466 2007 1566 2039 Nost.
1591 2007 1700 2040 Theb.

245 2058 300 2081 rx.
317 2051 395 2081 321.
409 2049 487 2080 Val.
511 2050 604 2081 Flac.
622 2058 657 2080 v.
672 2051 748 2080 217.
763 2050 827 2080 &c.
873 2047 987 2080 Aliter
1003 2058 1070 2079 non
1089 2049 1176 2079 male
1193 2049 1307 2089 legere
1325 2058 1442 2089 posses
1457 2058 1466 2079 z
1490 2049 1585 2081 vitrei
1595 2050 1700 2090 posuit

241 2101 274 2123 se
288 2092 431 2132 margine
444 2091 528 2122 rivi:
549 2101 652 2122 voces
668 2091 892 2128 enimsvitreus
907 2095 943 2121 et
968 2091 1090 2129 nitens,
1111 2091 1183 2131 ripa
1211 2097 1247 2122 et
1266 2091 1354 2122 rivus
1381 2092 1510 2132 pariter
1536 2093 1570 2123 in
1600 2091 1700 2124 codd.

240 2133 509 2166 confunduntur.
551 2134 647 2165 Malo
673 2138 800 2173 tamen,
820 2132 956 2165 vir-idio.
974 2156 981 2164 .
997 2132 1115 2174 ,ἥρω’
1139 2133 1353 2165 Markl.—-1s
1376 2134 1447 2165 Pro
1471 2135 1583 2175 credit,
1609 2134 1701 2176 quod

240 2176 382 2209 Venett.
401 2179 430 2208 1.
445 2179 477 2208 2.
495 2179 526 2208 3.
541 2179 573 2208 4.
588 2177 706 2207 Parm.
724 2176 821 2206 Rom.
839 2175 933 2206 Brix.
947 2176 1086 2207 Vicent.
1102 2174 1205 2206 Aldd.
1223 2176 1333 2207 Colin.
1358 2176 1490 2218 Grypb.
1515 2179 1580 2208 διο.
1605 2177 1700 2208 exbi-

242 2219 339 2262 bent,
360 2218 586 2252 Marklandus
611 2217 792 2251 substituit
823 2219 1049 2250 cratem-19
1079 2217 1177 2250 Idem
1207 2218 1430 2251 Marklandus
1461 2219 1496 2251 in
1523 2218 1701 2251 Addendls

901 2315 1044 2347 NOTAE

283 2399 324 2429 14
349 2397 479 2438 Coelica]
508 2397 628 2429 Malim
658 2397 768 2429 Coelia.
810 2395 943 2429 Intelli·
997 2405 1072 2427 eam
1101 2399 1286 2436 acceperat
1307 2405 1328 2427 a
1352 2395 1540 2437 Tarquinio
1562 2395 1698 2434 Prisco,

239 2446 291 2488 git
317 2448 462 2480 Coelium
489 2452 649 2480 montem.
701 2447 805 2479 Hunc
835 2446 943 2479 tradit
996 2454 1057 2476 seu
1073 2445 1146 2486 quis
1171 2445 1256 2476 alius
1281 2453 1400 2485 regum
1429 2443 1546 2476 dedit:
1569 2445 1698 2478 namin

236 2497 492 2534 '1'acitus3Anm
520 2507 572 2530 lv.
599 2497 788 2539 antiquitus
810 2498 820 2515 ‘
835 2496 942 2530 Quer·
996 2503 1036 2525 eo
1051 2494 1238 2534 scriptores
1253 2493 1471 2526 dissentiunt.

238 2547 475 2589 quetulannm’
489 2552 717 2588 cognomento
727 2545 941 2588 fuisse‚quod
1039 2546 1080 2575 16
1103 2543 1248 2583 Fluidos]
1276 2543 1451 2584 Fluentes,
1465 2543 1632 2576 sinuosos.

238 2597 318 2629 talis
353 2596 459 2638 sylvae
497 2596 659 2638 frequens
691 2595 941 2638 foecundusque
1038 2596 1078 2625 17
1104 2593 1213 2633 Ripoe]
1237 2593 1522 2635 Supple‚Fontis.

239 2651 336 2680 erat:
365 2656 446 2679 mox
473 2647 618 2679 Coelium
648 2647 890 2688 appellitatum
921 2655 941 2677 a
1037 2647 1079 2676 18
1106 2644 1203 2676 Velox
1214 2653 1356 2684 pecorum
1371 2644 1476 2686 Deus]
1494 2645 1567 2678 Pan
1580 2650 1696 2678 custo·

239 2697 334 2729 Coele
348 2697 516 2737 Vibenna,
536 2697 595 2738 qui
610 2696 679 2728 dux
696 2696 807 2738 gentis
823 2697 941 2728 Etrus·
994 2699 1031 2727 et
1049 2695 1143 2727 Deus
1159 2704 1311 2736 gregum.

237 2757 302 2789 cae,
317 2758 392 2781 cum
407 2748 570 2780 auxilium
584 2747 809 2785 ductavisset,
823 2747 938 2779 sedem
