1800 3060
601 164 877 196 srnvsuuu
915 163 1006 194 ms.
1028 164 1064 195 1.
1093 153 1134 195 2.

1520 158 1603 199 115

149 262 538 316 Callimachusque
557 274 711 311 senex,
730 259 984 315 Umbroque
1003 259 1262 315 Propertius
1285 264 1428 313 antro,

147 331 412 374 Ambissent
429 329 615 372 laudare
635 329 752 372 diem
771 342 784 382 ;
811 341 891 371 nec
913 328 1047 371 tristis
1066 329 1113 370 in
1131 328 1248 382 ipsis

148 398 277 441 Naso
297 397 466 448 Tomis,
487 397 699 452 divesque
718 397 821 440 foco
842 397 1019 439 lucente
1039 395 1261 438 Tibullus.

87 502 90 504 —
145 521 252 561 deute,
274 526 306 555 et
331 524 488 564 longer-us
504 523 725 565 Callimachus,
749 534 787 556 ac
813 523 999 564 Propertius
1018 524 1052 556 in
1084 524 1224 557 Umbria

1515 398 1602 442 255

1245 527 1400 566 smmum,
1419 525 1602 557 «abiissent

145 565 300 599 celebrare
314 566 395 598 hunc
408 568 501 599 diem.
548 567 594 599 Et
608 567 708 609 Naso,
722 566 858 599 tristitia
879 567 1018 609 deposita
1039 568 1074 599 in
1091 568 1171 609 ipsis
1187 568 1302 608 Tomis,
1315 572 1346 601 et
1360 569 1446 600 dices
1461 568 1601 600 Tibullus

750 666 830 680 ‘00‘
835 667 992 680 ΙΟΝΟΟΝ

145 737 199 775 ξε.
232 732 389 766 Randins
405 742 481 766 curn
498 733 641 766 Schrad.
658 734 760 766 Crue.
775 733 892 766 Bartli.
907 738 944 766 et
958 733 1069 766 scu-iv.
1087 735 1173 776 legit
1186 734 1395 767 eloam-2⁵3
1419 736 1555 767 Cluver.
1569 737 1601 767 in

146 776 228 810 Ital.
243 777 363 819 Antiq-
389 786 466 819 cap.
480 779 512 809 1.
537 777 677 819 scripsit
690 787 766 809 arvo
786 787 849 819 pro
864 780 1076 810 natm—254
1093 778 1194 810 Crac.
1211 778 1296 819 legit
1308 780 1357 810 vel
1372 779 1602 811 tristem—257

801 865 833 898 N
837 864 942 898 01·AE

188 943 252 973 25³
276 940 542 982 Callimachusque
555 942 666 983 senex]
688 941 846 974 Callima-

145 992 228 1024 chus
257 991 463 1034 Cyrenensis
495 992 607 1024 Poeta
648 993 845 1034 Elegiogra-

144 1044 232 1086 plius
257 1043 355 1077 Batti
370 1049 406 1076 et
421 1044 623 1086 Metatymae
638 1043 738 1084 filius,
753 1044 845 1076 audi-

144 1099 199 1128 tor
222 1093 290 1128 fnit
315 1094 552 1127 Hermocratis
569 1093 665 1128 Jasei
679 1103 846 1135 gramma·

143 1145 217 1185 tici,
240 1145 404 1186 originem
424 1143 553 1176 ducens
576 1154 596 1176 a
617 1145 723 1176 Batto
738 1143 843 1186 Cyre-

145 1206 265 1228 narum
281 1195 474 1235 conditore,
489 1194 606 1228 floruit
621 1197 655 1227 in
671 1195 747 1228 aula
761 1196 843 1228 Pto·

144 1247 258 1280 lemaei
285 1246 517 1288 Philadelphi,
545 1245 700 1288 vixitque
736 1256 843 1289 nsque

145 1297 190 1331 ad
214 1297 442 1332 Ptolemaeum
481 1298 700 1340 Evergetem,
738 1299 843 1339 regite

143 1348 362 1382 bibliotheca
393 1347 592 1391 praefeetns.
636 1349 782 1390 Scripsit
808 1349 844 1381 in

143 1400 233 1432 omni
262 1409 391 1444 genere
417 1400 602 1432 Poematis.
644 1400 845 1442 Composuit

142 1449 177 1481 in
193 1449 423 1482 adversarium
440 1449 570 1481 Poetna
580 1449 846 1491 acerbissimum,

145 1509 246 1541 quern
260 1499 473 1534 dissimulato
488 1500 623 1535 nomine
647 1500 726 1533 Ibin
746 1506 845 1533 vocat

145 1549 303 1583 Ovidius.
352 1550 470 1583 Edidit
506 1551 659 1593 Elegia-³,
692 1555 728 1583 et
764 1551 846 1592 Epi·

145 1604 347 1643 grammata,
359 1606 396 1633 et
410 1601 577 1643 Hyumos,
589 1602 722 1644 aliaque
737 1603 847 1643 plura,

145 1655 185 1682 ut
202 1649 310 1683 refert
332 1650 467 1683 Snidas.
511 1651 658 1693 Scripsit
672 1656 708 1683 et
725 1652 847 1683 librum

143 1698 189 1732 de
216 1699 415 1742 originibus,
434 1697 561 1741 causis,
581 1705 619 1733 et
640 1700 773 1733 ritubus
795 1711 848 1733 sa-

144 1759 290 1791 crorum,
312 1761 414 1794 quem
435 1751 610 1794 inscripsit
630 1751 672 1784 τὸ
691 1752 792 1789 Ama,
808 1757 846 1784 ut

143 1805 182 1834 et
205 1801 380 1835 Martialis
408 1802 519 1835 innuit
542 1801 602 1835 lib.
629 1812 666 1835 x.
689 1803 790 1845 Epig.
813 1806 846 1835 4.

144 1850 156 1868 ‘
171 1851 283 1893 Legna
317 1852 402 1885 aitia
437 1851 663 1885 callimachi:
720 1852 847 1884 Omnia

145 1901 343 1935 Callimachi
370 1912 476 1945 opera
505 1903 694 1944 perierunt,
719 1909 847 1944 praeter

143 1952 297 1993 Elegiam
313 1962 413 1986 umm
437 1953 473 1985 in
494 1954 667 1986 lavacrum
686 1953 848 1996 Palladis,

143 2006 180 2035 et
195 2003 359 2045 quosdam
376 2003 533 2045 nymnos
548 2004 581 2035 iu
600 2005 706 2036 Deos.
750 2003 846 2035 Lam·

142 2053 267 2096 padem
281 2053 415 2087 Palladi
440 2054 584 2092 dicavit.
602 2054 635 2085 in
651 2064 718 2095 qua
733 2055 845 2086 oleum

143 2105 237 2136 nullo
248 2109 352 2146 paeto
363 2105 616 2138 absumebatur.
642 2105 846 2147 Propertius]

143 2153 349 2196 Propertius
372 2154 484 2187 Poeta
498 2155 783 2197 Elegiograplrus,
802 2164 846 2186 ex

142 2205 307 2238 Mevania
321 2205 407 2237 urbe
421 2205 576 2237 Umbriae
597 2205 772 2246 oriundus,
785 2204 846 2237 flo-

143 2255 213 2287 ruit
238 2259 345 2288 :etate
367 2255 529 2297 Augusti.
573 2256 659 2288 Sunt
680 2257 738 2298 qni
764 2257 847 2288 scri-

141 2305 230 2338 bant
239 2310 374 2348 patrem
396 2307 470 2349 ejus
492 2306 643 2349 equitem
659 2307 847 2340 Romanum

141 2355 259 2398 fnisse,
280 2366 324 2389 ac
345 2362 499 2389 secutum
523 2361 639 2398 partes
654 2357 752 2389 Lucii
774 2356 846 2389 An-

143 2409 242 2449 tonii,
257 2409 539 2452 perductumque,
556 2410 703 2442 Perusia
718 2419 847 2452 expug-

143 2463 238 2499 nata,
258 2458 303 2491 ad
313 2469 414 2492 <aram
436 2459 521 2493 Julii
544 2459 703 2499 Caesaris,
729 2460 847 2502 ibique

144 2518 222 2542 cnm
238 2510 402 2542 trecentis
425 2509 514 2550 aliis,
537 2516 728 2550 peremtum
743 2509 847 2542 fnisse

139 2559 239 2600 Jnssn
251 2559 398 2592 Caesaris
419 2559 614 2592 Octaviani.
657 2560 748 2591 Illud
769 2570 847 2592 con·

145 2614 228 2650 stat,
234 2610 453 2652 Propertium
464 2619 584 2651 magna
595 2619 641 2641 ex
653 2615 750 2650 parte
761 2610 848 2642 acei-

146 2659 192 2691 sis
202 2661 318 2700 rebus,
325 2661 491 2701 bonisque
504 2659 690 2697 amissis‚se
703 2660 846 2691 Romam

146 2710 343 2751 contulisse,
357 2710 415 2742 ubi
431 2710 528 2742 brevi
551 2714 706 2751 tempore
721 2708 845 2741 famam

898 941 1044 983 adeptus
1065 946 1132 981 est,
1149 946 1221 974 tum
1240 940 1370 983 ingenii
1384 941 1599 982 praestautia,

898 1002 974 1024 enm
991 993 1162 1034 elegantia
1177 993 1375 1024 carminum.
1412 992 1600 1024 Maecenati

899 1053 939 1075 ae
962 1044 1123 1076 Cornelio
1143 1043 1244 1077 Gallo
1268 1043 1415 1076 maxime
1437 1048 1602 1084 acceptus

901 1093 977 1127 fuit.
1024 1094 1201 1130 Ovidium,
1229 1093 1419 1134 Tibullum,
1445 1103 1485 1126 sc
1515 1094 1601 1126 Bas-

899 1155 972 1176 sum
995 1146 1086 1178 inter
1108 1146 1303 1187 praecipnos
1326 1145 1451 1177 amicos
1473 1145 1603 1178 babuit.

899 1196 1052 1228 Puellam
1082 1196 1243 1229 Hostiam
1265 1195 1447 1236 deperdite
1463 1197 1605 1236 amavit,

897 1257 997 1289 quam
1013 1247 1228 1280 dissimulato
1257 1247 1394 1279 nomine
1416 1245 1603 1287 Cynthiam

898 1307 1022 1330 vocare
1047 1297 1180 1330 maluit.
1222 1297 1480 1335 Callimachum,
1499 1298 1602 1329 Miru-

897 1356 1063 1389 nermurn,
1075 1358 1116 1380 ac
1131 1348 1301 1381 Philetam
1316 1348 1446 1381 Poetae
1458 1348 1603 1381 Graecos

898 1398 934 1430 in
956 1399 1106 1431 carmine
1131 1399 1285 1432 imitatus
1308 1405 1375 1432 est.
1423 1400 1477 1432 De
1506 1400 1604 1432 obitu

899 1443 972 1490 ejus
985 1449 1068 1482 nibil
1078 1450 1165 1482 certi
1176 1454 1391 1492 compertum
1401 1455 1466 1483 est.
1488 1450 1605 1492 Scrip-

899 1504 1017 1532 serunt
1042 1500 1179 1543 qnidam
1200 1500 1296 1533 illum
1319 1510 1427 1533 annos
1455 1501 1601 1532 alterum

900 1555 935 1582 et
950 1550 1175 1592 quadraginta
1188 1555 1306 1583 natum
1318 1556 1487 1583 mortuum
1499 1561 1588 1584 esse.

942 1603 1007 1634 255
1030 1601 1122 1634 Nm
1140 1601 1261 1643 Tomis]
1285 1601 1327 1634 P.
1343 1601 1490 1633 Ovidius
1506 1602 1601 1634 Naso

900 1652 1012 1684 Poeta
1027 1653 1169 1685 Latinus
1187 1652 1445 1691 celeberrimus,
1470 1652 1602 1684 Sulmo·

900 1703 1014 1736 nensis
1025 1704 1139 1745 patria
1150 1703 1227 1736 fuit.
1272 1704 1357 1745 Ejus
1370 1703 1503 1736 natales
1517 1703 1604 1736 inci-

901 1753 987 1785 dunt
1002 1753 1037 1786 in
1050 1753 1262 1785 consulatum
1278 1753 1386 1786 Hirtii
1402 1757 1438 1784 et
1454 1753 1577 1785 Pausae
1591 1764 1603 1794 ;

900 1813 966 1846 qno
977 1803 1081 1836 etiam
1097 1813 1200 1844 anno,
1214 1803 1366 1836 Tibullus
1377 1803 1488 1836 Poeta
1500 1809 1602 1836 natus

900 1858 966 1893 est,
996 1863 1096 1896 quein
1121 1854 1266 1886 multum
1284 1853 1418 1886 dilexit.
1461 1854 1604 1894 Scripsit

900 1905 1008 1937 multa
1021 1904 1185 1944 carmina,
1213 1904 1273 1943 sed
1302 1905 1512 1946 praecipuum
1529 1905 1602 1946 ejus

900 1965 987 1997 opus
1002 1955 1300 1997 Metamorphoses
1316 1960 1409 1995 sunt,
1427 1955 1462 1986 iu
1478 1956 1602 1997 quibus

900 2005 985 2037 miro
999 2005 1133 2046 ordine,
1150 2006 1327 2046 multoque
1345 2005 1485 2046 ingenio
1511 2010 1604 2039 vete-

901 2065 955 2087 res
977 2056 1111 2088 fabulas
1132 2055 1311 2087 describit.
1354 2055 1525 2087 Militavit
1538 2055 1602 2087 sub

899 2106 950 2138 M.
979 2105 1146 2138 Varrone.
1191 2104 1344 2137 Tandem
1376 2114 1454 2137 curn
1486 2105 1603 2137 odium

900 2155 1048 2197 Augusti
1078 2156 1114 2186 in
1136 2165 1174 2187 se
1204 2155 1426 2195 concitasset,
1448 2155 1602 2188 creditus

901 2206 964 2238 sub
988 2206 1125 2238 nomine
1139 2206 1297 2238 Corinnae
1320 2215 1450 2237 amasse
1462 2205 1604 2246 juliam,

901 2256 945 2288 ab
961 2266 1002 2288 eo
1016 2257 1141 2288 Tomos
1162 2255 1281 2288 urbem
1307 2255 1411 2287 Ponti
1428 2255 1602 2297 relegatus

900 2313 965 2347 est,
979 2307 1037 2339 ubi
1053 2307 1157 2338 libros
1170 2306 1332 2338 Tristium
1342 2305 1466 2347 edidit,
1479 2306 1602 2339 vitam-

900 2367 968 2400 que
998 2357 1109 2388 finivit
1135 2366 1259 2388 annum
1296 2365 1399 2398 agens
1431 2357 1602 2398 sexagesi-

898 2418 1002 2440 mum.
1050 2406 1169 2448 Tomis]
1191 2407 1288 2439 Tomi
1310 2406 1472 2449 oppidum
1497 2407 1602 2438 Ponti

900 2464 1018 2490 notum
1030 2457 1134 2489 exilio
1146 2456 1277 2497 Ovidii,
1289 2457 1338 2489 sie
1351 2457 1494 2496 dictum,
1508 2457 1601 2498 quod

901 2507 949 2539 ibi
966 2507 1093 2539 Medea
1107 2505 1251 2539 fratrem
1269 2505 1457 2549 Absyrtum
1474 2506 1601 2537 dilace-

900 2557 1052 2589 raverit:
1085 2556 1264 2588 conditum
1301 2555 1368 2588 fuit
1391 2566 1411 2587 a
1441 2556 1602 2587 Milesiis.

901 2608 1058 2648 Divosque
1071 2606 1147 2645 foco
1171 2608 1291 2639 lucente
1304 2605 1460 2646 Tibullus]
1486 2606 1606 2638 Tibul-

899 2659 952 2690 lus
968 2657 1160 2698 Elegiarum
1176 2657 1338 2697 scriptor,
1352 2661 1453 2688 natus
1468 2655 1520 2688 est
1537 2657 1602 2688 Ro-

900 2718 964 2740 mae
1002 2708 1120 2740 Hirtio
1157 2712 1193 2739 et
1239 2708 1353 2739 Pansa
1391 2707 1599 2739 consulibus.
