1800 3060
202 187 289 231 266
705 201 747 230 P.
782 200 973 231 PAmNu
1006 200 1172 232 :sTA'rir

204 292 440 348 Nigrasset
459 295 644 350 planctu
666 296 853 348 genitrix
875 296 956 338 tibi
977 310 1100 339 saeva
1118 298 1326 350 lacertos,

205 361 306 404 Nec
326 367 473 416 pater:
506 368 550 405 et
569 368 686 405 certe
705 364 784 417 qui
805 363 915 405 vidit
936 364 1092 404 funera
1112 363 1246 406 frater

204 429 394 472 Erubuit
410 431 553 472 vinci:
584 431 663 472 sed
682 443 764 472 nec
784 431 958 472 servilis
979 431 1157 473 ademto

204 498 351 552 Ignis:
382 498 627 540 odoriferos
646 498 858 540 exhausit
879 497 1058 540 flamma
1081 500 1270 541 Sabaeos

207 566 264 607 Et
281 566 474 608 Cilicum
494 579 678 617 messes,
701 567 962 621 Phariaeque
981 571 1158 609 exemia
1176 567 1349 609 volucri

207 632 441 684 Cinnama,
464 639 509 676 et
525 624 710 689 Assyrio
730 639 960 677 manantes
982 636 1176 690 gramine
1199 649 1381 687 succos,

207 703 266 745 Et
283 701 450 743 domini
469 701 626 743 fletus:
657 702 741 743 hos
763 706 928 744 tantum
945 702 1131 746 hausere
1152 704 1334 755 favillae,

1609 435 1667 478 85

206 831 295 860 tuam
309 833 451 870 mortem,
467 840 523 862 nec
533 830 681 870 genitor.-
705 833 735 862 et
749 832 833 863 certe
839 830 992 869 fratrem,
1004 830 1058 871 qui
1079 831 1160 863 vidit
1182 834 1252 864 tuas
1274 833 1433 873 exequias,
1451 834 1561 874 puduit
1577 833 1672 864 vinci.

207 870 270 903 Sed
287 883 380 912 rogus
392 874 516 904 servilis
529 884 589 905 non
603 873 674 912 suit
689 876 856 915 proerepto.
903 872 994 912 Ignis
1008 873 1174 906 consumsit
1183 877 1393 908 suaveolentes
1402 887 1472 917 opes
1482 876 1673 914 Sabaeorum,

208 918 238 945 et
262 919 382 955 segetes
400 916 547 954 Cilicum,
569 919 600 947 et
614 915 758 948 cinnama
774 919 880 956 erepta
895 916 948 947 avi
964 916 1105 956 lerioe,
1119 928 1155 948 uc
1172 918 1305 959 liquores
1318 919 1473 951 stillantes
1487 929 1527 950 ex
1541 919 1673 960 Assyria

204 958 327 1000 planta,
351 962 380 990 et
397 959 552 1001 lacrymas
567 959 647 991 heri.
695 960 822 991 Cineres
836 961 960 991 tantum
975 959 1030 991 has
1046 959 1186 992 biberunt
1199 972 1209 992 .·
1232 961 1354 994 bustum
1366 962 1423 994 has
1436 965 1556 994 tantum
1571 962 1673 993 absor-

821 1055 1068 1068 OOOOOO‘OONO

210 1122 358 1164 genitrix
375 1133 459 1155 sceva
483 1122 549 1156 fuit
575 1123 652 1156 hnic
676 1134 781 1166 puero
806 1129 938 1167 mortuo,
960 1135 1036 1157 cum
1051 1135 1122 1157 suns
1137 1126 1286 1158 lacertos
1302 1126 1471 1168 nigrasset
1485 1130 1521 1158 et
1535 1126 1675 1168 plange-

208 1167 285 1198 ret?
332 1166 482 1207 Propius
496 1167 540 1198 ad
556 1177 627 1199 rem
643 1166 766 1200 fuisset
783 1169 810 1200 si
826 1168 972 1200 dixisset
985 1169 1047 1200 sibi
1061 1179 1144 1201 soeva
1159 1179 1226 1201 non
1240 1169 1310 1201 tibi.
1354 1169 1420 1201 sed
1445 1179 1509 1202 nec
1535 1169 1584 1201 ita
1599 1170 1674 1201 dix-

210 1209 275 1240 isse
302 1215 412 1250 puto:
436 1210 547 1243 adhuc
563 1211 652 1242 enim
668 1221 751 1243 sceva
776 1218 812 1243 et
837 1222 922 1243 saeva
943 1212 1042 1243 nimis
1058 1212 1168 1245 vicina
1185 1217 1285 1252 suut3
1307 1217 1344 1244 et
1366 1211 1593 1253 subfrigidum
1620 1218 1675 1244 est

212 1252 297 1284 illud
327 1252 387 1284 sibi
415 1263 515 1285 soeva:
551 1254 602 1286 συὶ
630 1254 721 1285 enim
751 1254 813 1286 silei
841 1264 927 1287 sceva
956 1265 1031 1287 esse
1067 1256 1181 1296 potuit
1215 1265 1290 1296 quae
1320 1265 1392 1287 suos
1420 1256 1567 1287 lacertos
1598 1265 1676 1287 ver-

209 1293 361 1328 herarit?
384 1306 520 1328 sensum
546 1297 654 1337 igitur
680 1307 746 1329 non
768 1303 948 1339 promovet
972 1298 1032 1329 sibi
1053 1308 1147 1330 sceva.
1193 1298 1266 1339 Ego
1288 1309 1355 1330 non
1379 1298 1499 1330 dubito
1522 1309 1542 1330 a
1564 1298 1677 1331 statio

210 1337 316 1370 fuisse
329 1350 337 1369 ;
359 1349 422 1371 non
435 1339 532 1372 secius
545 1343 631 1371 atros
645 1341 816 1380 Nigrasset
838 1342 965 1382 planctu
975 1341 1123 1380 genitrix
1139 1342 1249 1373 insana
1263 1342 1404 1374 lacertos.
1450 1341 1556 1373 Potes
1571 1341 1674 1372 etiam

211 1381 342 1422 legere,
359 1383 506 1422 genitrix
524 1393 636 1414 vesana
653 1392 695 1414 ex
714 1384 897 1425 Propertio
915 1393 956 1416 11.
972 1387 1005 1416 9.
1022 1387 1074 1416 10.
1120 1385 1165 1416 Et
1191 1384 1255 1415 hoc
1281 1383 1372 1416 forte
1397 1385 1509 1416 verius
1534 1388 1676 1426 propter

212 1430 416 1466 perpetuam
432 1425 504 1458 fere
519 1428 743 1458 mutationem
761 1428 938 1459 literarum
963 1427 1006 1459 B.
1021 1434 1059 1459 et
1079 1427 1127 1459 V.'
1151 1427 1278 1459 Markl.
1324 1428 1393 1459 Pro
1413 1427 1540 1466 soevius,
1556 1428 1622 1467 vel,
1639 1432 1677 1458 ut

213 1468 298 1508 legit
316 1467 552 1508 Marklandus,
573 1470 686 1508 secius,
710 1470 827 1501 Parin.
852 1470 960 1502 hahet
986 1470 1136 1502 scoeviuss
1160 1476 1195 1502 et
1211 1480 1301 1511 mox,
1323 1471 1384 1502 tila·
1398 1473 1597 1502 mem—88
1618 1470 1675 1501 Sic

212 1520 330 1543 omnes
345 1511 445 1544 codd.
462 1516 498 1544 et
514 1512 593 1545 edd.
610 1517 694 1545 vett.
712 1513 874 1544 Heinsius
888 1512 929 1545 ad
941 1513 1062 1546 Claud.
1074 1513 1117 1544 de
1133 1514 1241 1555 Nupt.
1259 1513 1391 1547 Honor.
1408 1518 1444 1545 et
1459 1514 1550 1545 Mar.
1561 1522 1613 1545 vn.
1624 1515 1679 1545 95.

213 1554 265 1588 ita
281 1554 422 1587 scribit:
446 1558 456 1573 ‘
473 1556 671 1596 Legendum
685 1556 839 1596 germine.
886 1556 953 1590 Qui
966 1557 1113 1596 gramina
1129 1566 1297 1588 amomum
1313 1556 1597 1598 interpretantur,
1612 1556 1679 1587 vel-

213 1597 280 1628 lem
298 1607 357 1629 nos
374 1598 570 1630 docuissent
587 1608 756 1630 amomum
771 1599 913 1631 herbam
929 1599 1028 1632 esse!
1076 1599 1132 1630 Ita
1154 1599 1259 1631 etiam
1282 1599 1365 1640 legit
1387 1599 1533 1631 Advers.
1549 1598 1607 1631 lib.
1625 1602 1678 1631 iv.

214 1649 293 1682 cap.
310 1644 343 1672 3.
366 1650 399 1682 p.
414 1644 492 1675 580.
536 1641 591 1673 Ad
610 1642 727 1674 Ovidii
745 1651 827 1673 vero
843 1642 989 1675 Heroid.
1005 1642 1116 1684 Epist.
1132 1651 1192 1674 κν.
1207 1645 1262 1674 76.
1284 1643 1385 1674 aliter
1400 1643 1486 1674 citat
1502 1643 1590 1674 hunc
1606 1651 1680 1673 ver-

216 1693 311 1715 sum:
336 1684 501 1726 Balsama,
521 1688 552 1716 et
576 1685 709 1727 Assyrio
735 1689 899 1717 manantes
919 1687 1062 1725 germine
1076 1685 1258 1718 καί-89
1279 1687 1324 1718 ΔΙ
1341 1686 1599 1717 dmnini...ousere
1612 1685 1680 1716 Ve-

215 1732 302 1759 nett.
319 1726 417 1759 Brix.
434 1728 575 1760 Vicent.
597 1727 701 1760 Aldd.
728 1729 837 1761 Coun.
862 1729 999 1770 Gryph.
1026 1731 1094 1760 &m
1134 1730 1177 1760 Et
1193 1728 1309 1761 domini
1326 1729 1457 1771 flectus,
1479 1729 1534 1760 lios
1558 1731 1682 1760 nautum

213 1770 456 1810 auser-efuvilloe
472 1771 588 1804 Parin.
604 1778 641 1803 et
657 1772 757 1804 Rom.
803 1772 849 1803 Et
865 1772 969 1804 etiarn
993 1771 1078 1813 legit
1104 1771 1289 1804 Gevartius
1312 1782 1355 1804 ex
1383 1772 1502 1804 codice
1524 1770 1682 1804 Senensi.

875 1880 905 1913 N
912 1879 1020 1912 OTAE

216 1956 376 1988 clamatio
401 1955 517 1997 flebat,
533 1961 571 1988 ut
596 1955 853 1988 observavimus
867 1966 921 1988 su-

219 2016 281 2048 pra
299 2017 347 2038 vs.
362 2011 394 2039 5.

261 2060 302 2088 83
328 2057 498 2097 Nigra-esee
508 2057 654 2098 planctu]
680 2059 732 2089 Ex
749 2067 845 2090 more
859 2057 924 2090 sci-

217 2108 384 2149 licetjam
401 2117 420 2139 a
436 2108 534 2140 nobis
550 2108 744 2140 observato.

264 2162 304 2191 85
329 2158 392 2191 Sed
406 2169 461 2190 nec
474 2158 599 2190 servilis
611 2160 734 2191 ademto
749 2159 856 2201 Ignis]
879 2159 922 2191 Id

220 2214 285 2249 est,
301 2219 368 2242 non
391 2213 430 2242 ut
442 2219 562 2242 servus
580 2214 674 2242 ustus
690 2219 730 2242 ac
752 2214 924 2242 crematus

221 2270 270 2293 es.

265 2313 308 2343 86
348 2311 533 2351 Odoriseros
569 2311 712 2353 Saboeos]
755 2311 943 2352 Intelligit‘

223 2362 400 2403 Myrrham
426 2373 466 2395 ae
493 2363 582 2402 thus,
598 2373 674 2405 quae
696 2364 706 2380 ‘
720 2362 859 2396 Arabiae
876 2362 927 2394 di-

222 2412 324 2444 vitias
336 2412 345 2427 ’
369 2418 472 2445 vocat
494 2414 642 2455 Plinius,
655 2418 693 2445 et
708 2423 842 2454 causas,
853 2423 928 2456 quae

223 2473 347 2496 nornen
364 2464 412 2495 illi
442 2464 597 2496 ‘felicis’
626 2473 667 2496 ao
690 2463 844 2497 ‘beatae'
868 2463 928 2496 de-

223 2516 363 2548 derunt.
412 2515 553 2558 Saboeos]
574 2516 665 2550 Quia
687 2515 721 2547 in
745 2516 817 2548 solo
840 2524 929 2557 pago

223 2566 431 2605 Sabaeorum,
441 2567 473 2597 in
487 2566 598 2597 media
607 2565 738 2598 Arabia
750 2567 929 2606 collocato,

226 2618 365 2650 arbores
379 2616 555 2649 thuriferae
572 2618 805 2659 reperiuntur,
822 2627 862 2651 ac
878 2627 930 2650 re·

218 2660 281 2712 *gio
297 2668 466 2701 thurifera
481 2674 624 2701 vocatur
639 2669 735 2703 Saba.

270 2723 310 2752 87
337 2722 381 2753 Et
409 2719 543 2753 Cilicum
565 2721 692 2761 messes]
715 2722 862 2753 Crocum
883 2721 932 2753 in-

227 2772 367 2814 teiligit.
411 2771 529 2803 Prima
543 2771 633 2804 enim
649 2770 821 2814 nobilitas,
833 2777 870 2804 ut
882 2771 930 2804 ait

977 1956 1120 1997 Plinius,
1133 1966 1235 1989 croco
1250 1956 1380 1998 Cilicio,
1395 1961 1432 1988 et
1453 1956 1499 1988 ibi
1516 1956 1550 1987 in
1567 1960 1682 1989 monte

977 2007 1136 2049 Corycio.
1181 2007 1310 2039 Pharia
1345 2007 1478 2048 volum]
1515 2006 1684 2047 Phoenici,

976 2058 1035 2099 qui
1061 2067 1154 2099 saepe
1179 2058 1214 2090 in
1245 2055 1399 2100 lEgypto
1429 2059 1569 2090 visitur:
1603 2057 1683 2090 hinc

975 2109 1128 2141 ‘Pharia
1159 2109 1334 2142 volucris?
1368 2109 1458 2142 Vide
1489 2109 1682 2142 Psittacum

976 2160 1145 2197 Melioris,
1162 2170 1210 2193 vs.
1225 2163 1279 2193 37.

1020 2213 1063 2243 88
1081 2211 1253 2254 Οὶηηαηια]
1270 2211 1464 2244 Pretiosuin
1481 2221 1610 2244 aroma.
1625 2211 1684 2243 Vi-

979 2260 1024 2293 de
1041 2262 1150 2294 Theb.
1178 2271 1229 2294 v1.
1250 2263 1306 2293 61.
1354 2262 1397 2293 Et
1412 2261 1544 2304 Assyrio
1558 2271 1686 2293 manan-

978 2315 1026 2343 tes
1037 2312 1182 2351 gramine
1202 2311 1319 2352 succos]
1342 2311 1513 2353 Intelligit
1537 2321 1685 2352 unguen-

982 2367 1055 2395 tum
1069 2372 1112 2394 ex
1128 2372 1260 2394 amomo
1283 2361 1492 2402 confectum,
1507 2361 1596 2404 quod
1618 2361 1686 2393 fre-

982 2424 1090 2456 quens
1108 2415 1141 2446 in
1159 2413 1299 2456 Assyria
1314 2413 1477 2446 nascitur.
1523 2413 1613 2444 Vide
1631 2423 1687 2444 su-

984 2475 1045 2507 pra
1071 2465 1229 2497 Psittaco
1251 2464 1404 2497 Melioris
1421 2475 1429 2496 :
1455 2465 1464 2482 ‘
1482 2462 1624 2505 Assyrio
1640 2464 1687 2496 ci·

982 2524 1084 2547 neres
1107 2514 1288 2546 adolentur
1312 2512 1466 2545 amomo!
1516 2513 1586 2545 Pro
1612 2523 1689 2552 gra-

984 2567 1067 2598 mine
1082 2570 1196 2597 autem
1214 2564 1393 2606 legendum
1414 2568 1534 2596 censet
1546 2566 1688 2605 germine

985 2616 1151 2648 Nicolaus
1182 2615 1359 2656 Heinsius,
1381 2614 1451 2646 suia
1482 2615 1524 2646 ad
1552 2615 1688 2648 Claudi-

985 2676 1087 2699 anum
1118 2666 1218 2698 notis.
1278 2665 1357 2697 Nou
1390 2665 1480 2698 enim
1508 2665 1687 2699 Amomum

985 2717 1100 2750 herba.
