1800 3060
232 223 320 267 422
737 235 777 265 P.
809 235 1005 266 ΡΑΡιΝιι
1038 235 1202 266 εΤΑΤιι

348 329 408 374 Et
427 332 598 386 pressis
620 331 802 373 dubium
822 332 969 374 cubile
991 332 1134 375 saxis.

347 399 475 442 Tunc
495 400 764 442 umbonibus
783 399 886 442 hinc
906 403 950 442 et
969 399 1073 442 hinc
1096 400 1289 451 coactiS,

344 467 404 509 Et
423 468 591 509 crebris
612 469 695 509 iter
714 468 896 521 alligare
917 468 1138 522 gomphis.

346 534 387 576 Ο
410 539 587 590 quantae
610 536 774 590 pariter
793 548 950 577 manus
971 536 1197 577 laborant!

347 603 414 644 Hi
433 603 608 645 caedunt
627 616 800 654 nemus,
821 607 1086 657 exuuntque
1108 605 1297 652 montes,

344 671 412 712 Hi
432 671 548 713 ferro
570 672 782 726 scopulos
803 673 1041 726 trabesque
1059 672 1249 724 laevant3

344 738 421 780 Illi
440 753 552 781 saxa
572 739 726 793 ligant,
748 752 952 794 opusque
972 744 1132 781 texunt

345 805 491 849 Cocto
509 808 694 862 pulvere
717 808 985 862 sordidoque
1008 808 1174 862 topho:

1641 603 1698 646 50

230 947 267 968 ac
288 938 386 969 solum
406 948 516 979 parum
527 938 661 980 firmum
674 937 862 970 sustinendis
879 938 1003 977 junctis
1019 938 1195 980 lapidibus:
1217 940 1248 969 et
1268 940 1342 968 tuuc
1365 938 1481 972 conclis
1494 939 1567 971 hinc
1580 942 1611 970 et
1626 940 1700 971 hinc

229 980 424 1020 marginibus
439 981 572 1021 alligare
587 981 670 1012 ciam
692 981 809 1012 crebris
824 981 939 1023 fibulis
951 982 1082 1020 ferreis.
1132 983 1162 1013 Ο
1177 984 1250 1022 quot
1270 981 1364 1012 simul
1387 991 1496 1013 manus
1519 986 1696 1023 operantur.

232 1022 283 1054 Hi
297 1027 460 1065 amputant
475 1025 591 1066 sylvas,
605 1027 636 1055 et
652 1027 770 1056 montes
782 1025 927 1066 spoliant,
941 1025 975 1056 lu·
989 1025 1134 1057 scindunt
1141 1024 1235 1064 ferro
1247 1034 1341 1065 τηρεε
1351 1034 1389 1055 oc
1402 1024 1506 1056 trabes
1513 1035 1525 1062 ‚·
1546 1025 1580 1056 hi
1595 1026 1698 1065 ligant

229 1066 345 1108 silices,
359 1071 480 1108 etopus
495 1071 620 1099 nectunt
635 1068 716 1099 calce
731 1070 762 1099 et
785 1067 925 1109 squalido
941 1069 1032 1110 topho
1045 1080 1055 1100 .·
1078 1069 1112 1100 1η·
1129 1069 1246 1100 siccant
1271 1067 1397 1099 lacunas
1415 1069 1503 1109 aquis
1525 1069 1646 1110 plenas,
1666 1072 1697 1100 et

843 1161 1082 1174 eeeeeeeeeeee

231 1234 333 1258 mana
360 1226 465 1258 habet
491 1227 701 1260 cribris—50
727 1226 892 1260 Heinsius
917 1228 960 1260 ad
988 1228 1092 1262 Ovid.
1123 1228 1219 1261 Fast.
1244 1237 1297 1260 ιν.
1323 1230 1401 1260 912.
1429 1238 1492 1269 pro
1521 1231 1698 1270 exuuntque

231 1270 374 1302 rescribi
389 1271 462 1302 vult
475 1275 658 1312 ornantque,
683 1271 763 1313 quia
780 1271 894 1312 agitur
905 1272 947 1303 de
957 1273 1046 1304 saxis
1063 1272 1105 1304 ad
1124 1273 1212 1304 viam
1229 1271 1449 1303 sternendam
1464 1270 1693 1303 effossis.—51

231 1312 336 1344 Aldd.
350 1314 462 1345 Colin.
480 1313 615 1355 Grypb.
632 1314 740 1347 Basil.
757 1314 873 1347 Plant.
891 1321 1034 1352 ceterae,
1056 1316 1216 1356 trabesque
1229 1317 1363 1346 caedunt.
1408 1314 1506 1346 Idem
1533 1315 1696 1346 Heinsius

232 1365 277 1387 ex
293 1356 475 1388 Parmensi
491 1357 652 1398 trabesque
667 1358 784 1395 levam.
805 1358 872 1400 (ita
897 1359 988 1390 enim
1016 1358 1234 1390 scribendam
1258 1367 1335 1389 esse
1361 1358 1450 1389 hanc
1476 1368 1606 1397 vocem,
1629 1368 1695 1389 non

233 1399 361 1439 imant,
378 1409 454 1431 cum
471 1400 517 1431 sit
532 1410 550 1431 a
568 1400 694 1432 Graeca
720 1402 816 1440 λεῖος,
838 1401 924 1433 dicit
943 1402 1190 1443 Burmannus‚)
1212 1401 1302 1443 quod
1326 1410 1369 1432 cx
1386 1401 1486 1432 Rom.
1505 1405 1583 1432 ante.
1599 1407 1695 1432 nota·

230 1447 331 1474 verat
345 1442 544 1475 Gronovius
571 1444 683 1475 Diatr.
710 1453 786 1484 cap.
809 1446 864 1475 40.
897 1449 932 1476 et
954 1455 996 1476 ex
1024 1455 1084 1477 sua
1110 1450 1178 1476 vet.
1207 1443 1580 1484 Lindenbrogius.—5s
1598 1444 1694 1475 Idem

229 1485 393 1518 Heinsius
412 1487 454 1518 ad
473 1486 576 1519 Ovid.
591 1486 683 1519 Fast.
698 1496 740 1519 11.
758 1489 811 1519 24.
827 1497 889 1528 pro
903 1489 1028 1519 sordido
1052 1489 1134 1529 legit
1153 1487 1275 1519 torrido
1287 1498 1301 1526 ‚·
1323 1486 1414 1529 quod
1443 1487 1543 1519 valde
1570 1487 1694 1530 probat

889 1574 1030 1606 NOTAE

269 1640 313 1670 46
337 1637 480 1670 Dubium
491 1638 605 1680 cubile]
629 1639 798 1671 Instabile
811 1639 936 1680 solum,
984 1640 1069 1681 phis,
1084 1644 1138 1671 est
1163 1648 1226 1681 pro
1243 1637 1365 1671 crebra
1379 1648 1577 1680 magnorum
1593 1648 1694 1670 saxo·

227 1699 268 1722 ac
283 1689 421 1731 mobile,
436 1699 503 1722 nec
518 1689 664 1723 firmum.

270 1742 313 1772 47
341 1739 531 1772 Umbom'bus
558 1741 630 1772 hinc
654 1743 688 1772 et
707 1740 781 1772 hinc
803 1740 934 1782 coactis]

224 1791 296 1824 Hic
319 1801 415 1823 sumo
438 1791 647 1823 ‘umbones'
677 1801 740 1832 pro
771 1792 932 1834 margini-

224 1842 290 1874 bus
305 1851 348 1874 ex
364 1846 508 1884 utraque
531 1845 631 1883 parte
647 1842 726 1882 viae,
753 1848 790 1873 et
813 1852 932 1874 secun-

225 1892 307 1925 dum
337 1893 413 1935 ejus
447 1893 698 1934 longitudinem
737 1892 874 1933 (luctis;
897 1893 931 1924 hi

225 1944 316 1976 enim
343 1954 388 1977 ex
419 1943 605 1985 majoribus
634 1944 724 1975 saxis
753 1948 930 1976 construe-

224 1994 365 2035 bantur,
382 2004 458 2037 quae
475 1994 573 2026 simul
583 1994 779 2034 ligabantur
793 1998 828 2025 et
839 2003 930 2026 com-

223 2047 457 2089 pingebantur
472 2045 602 2077 crebris
615 2044 730 2077 fibulis
746 2045 819 2077 sive
836 2045 932 2077 uncis

223 2098 344 2131 ferreis
356 2099 530 2130 clavorum
543 2097 663 2136 instar,
674 2100 712 2128 ut
723 2101 833 2129 totum
847 2106 931 2138 opus

223 2149 352 2181 firmius
380 2152 482 2180 esset.
526 2147 644 2190 Hique
673 2148 726 2179 via
755 2148 929 2189 paululum

224 2201 364 2233 altiores
389 2203 502 2239 erant,
529 2203 569 2231 ut
594 2199 688 2230 illam
704 2198 930 2237 sustinerent,

221 2251 449 2293 stabilemque
465 2255 648 2282 tenerent:
673 2248 765 2280 unde
789 2247 799 2265 ‘
812 2248 930 2279 umbo-

222 2301 311 2334 nes’
344 2300 451 2340 dicti3
487 2309 565 2332 nam
592 2297 737 2331 ‘umbo'
766 2298 930 2340 quicquid

222 2353 409 2395 prominet.

265 2406 309 2434 48
333 2404 379 2434 Et
393 2403 510 2434 crebris
530 2402 594 2434 iter
612 2401 748 2442 alligare
769 2401 928 2443 gumphis]

223 2452 344 2494 Γόμφος
359 2453 495 2493 Graece,
514 2452 636 2484 Latine
653 2453 761 2484 clavus
774 2452 927 2492 proprie.

223 2505 398 2547 Gomphos
429 2504 557 2535 ferreas
582 2502 705 2535 fibulas
733 2512 794 2535 seu
820 2513 928 2535 uncos

221 2557 476 2598 interpretatur
492 2555 583 2586 idem
599 2554 785 2595 Bergerius
801 2553 860 2585 lib.
878 2562 929 2585 vr.

222 2613 260 2641 et
294 2609 383 2640 hanc
426 2606 748 2648 interpretationem
788 2609 929 2636 secutus

221 2669 308 2692 sum.
353 2658 500 2693 Quidam
518 2667 580 2699 per
596 2657 607 2675 ⁶
620 2655 802 2698 gomphos'
827 2656 926 2688 intel·

223 2712 335 2752 ligunt
346 2711 546 2753 juncturam
567 2718 629 2739 seu
646 2717 846 2749 compagem
862 2707 926 2748 lig-

222 2773 343 2796 norum
372 2763 428 2794 vel
458 2771 639 2800 saxorum3
667 2760 758 2792 unde
782 2760 927 2800 ’γομφοῦν

221 2818 278 2847 est
291 2814 500 2855 compingere.
531 2811 600 2844 Hic
612 2821 695 2853 ergo
710 2810 829 2843 crebris
839 2820 926 2850 gom-

989 1700 1063 1722 rum
1083 1690 1249 1732 junctura
1264 1693 1324 1722 aut
1337 1699 1518 1731 compage,
1534 1690 1695 1721 interval-

987 1741 1029 1772 lis
1046 1740 1249 1782 quibusdam
1271 1745 1416 1781 structa,
1427 1745 1465 1772 ut
1483 1745 1591 1773 totum
1606 1750 1693 1781 opus

987 1792 1116 1824 firmius
1137 1793 1305 1834 jungatur
1335 1801 1375 1823 ac
1399 1791 1585 1824 cohaereat.
1626 1792 1694 1823 Vo-

987 1849 1070 1876 cant
1086 1843 1220 1876 Gallice
1227 1841 1403 1882 jambages.

1029 1897 1072 1926 50
1114 1894 1307 1934 Exuuntque
1341 1892 1474 1933 montes]
1501 1890 1694 1924 Arboribus

986 1945 1131 1976 scilicet.
1174 1944 1291 1975 Multa
1319 1943 1409 1974 enim
1440 1943 1602 1975 materies
1627 1952 1693 1975 cae-

988 1995 1101 2027 denda
1115 1999 1201 2036 erat,
1217 1999 1255 2026 ut
1274 1994 1382 2026 solum
1403 1993 1504 2025 molle
1526 1998 1563 2025 et
1589 1992 1692 2025 facile

987 2046 1113 2078 cedens
1142 2044 1382 2088 frequentibus
1416 2043 1693 2076 fistucationibus

985 2098 1200 2130 solidaretur.
1245 2096 1362 2129 Solum
1403 2095 1513 2137 primo
1548 2094 1692 2136 foditur,

984 2148 1252 2190 exinaniturque
1277 2150 1314 2179 et
1333 2146 1421 2188 palis
1437 2146 1598 2178 ustulatis
1613 2155 1693 2179 con-

986 2198 1113 2241 figitur,
1129 2198 1338 2240 sublicaeque
1363 2197 1530 2230 machinis
1549 2197 1693 2239 adigun-

986 2256 1044 2284 tur
1059 2261 1160 2294 quam
1180 2249 1413 2290 creberrimae,
1428 2253 1464 2281 et
1485 2249 1692 2281 carbonibus

985 2302 1171 2344 explentur
1186 2300 1368 2332 intervalla
1390 2300 1556 2341 palorum.
1599 2299 1692 2332 Illud

985 2358 1100 2385 autem
1116 2351 1149 2384 in
1162 2352 1213 2383 his
1229 2351 1314 2383 locis
1325 2351 1471 2383 humidis
1483 2354 1519 2383 et
1533 2350 1692 2392 palustri-

985 2405 1048 2437 bus
1064 2402 1239 2435 multoties
1264 2402 1339 2434 fieri
1362 2402 1524 2443 debebat,
1547 2412 1587 2435 ac
1601 2412 1690 2444 prm-

986 2454 1105 2487 sertim
1119 2453 1237 2494 etiam,
1251 2463 1327 2484 cum
1344 2463 1442 2495 pons,
1456 2457 1494 2485 ut
1508 2453 1573 2493 bic,
1585 2462 1691 2495 supra

984 2504 1124 2537 fluvium
1165 2503 1415 2536 construendus
1451 2507 1538 2543 erat,
1577 2508 1615 2535 ut
1652 2509 1690 2536 et

981 2556 1084 2588 hodie
1099 2555 1252 2587 videmus
1264 2554 1360 2593 fieri;
1383 2553 1474 2585 unde
1487 2553 1607 2585 mirum
1620 2563 1688 2586 non

983 2611 1049 2647 est,
1074 2606 1103 2638 si
1127 2605 1222 2637 dicat
1249 2604 1413 2646 Papinius
1433 2609 1566 2636 montes
1582 2605 1688 2647 sylvis

982 2661 1117 2689 exutos.

1024 2711 1066 2740 52
1088 2706 1224 2748 Ligant]
1247 2705 1362 2738 Calce.

1022 2762 1064 2790 53
1097 2758 1192 2789 Cocto
1219 2755 1361 2798 pulvere]
1397 2756 1528 2788 Coetus
1559 2750 1686 2798 pulvis,

979 2809 1067 2842 calx.
1115 2807 1236 2849 Yopho]
1257 2806 1396 2848 Tophus
1420 2816 1526 2848 genus
1548 2807 1686 2850 lapidis,
