1800 3060
227 217 314 260 502

729 226 769 255 P.
801 225 994 256 PAPlNu
1027 224 1191 256 STATlt

230 323 488 377 Cunctaque
508 322 546 364 si
566 332 806 370 numerem,
825 332 915 361 non
934 319 1059 374 plura
1080 319 1324 376 interprete
1343 320 1465 375 virga

230 390 423 433 Nuntiat
442 403 466 430 e
487 389 620 431 celsis
640 388 738 430 ales
759 388 1026 441 Tegeaticus
1047 389 1204 441 astris;

230 457 437 512 Quaeque
459 456 575 498 cadit
593 456 787 510 liquidas
808 456 838 498 J
839 456 1009 499 unonia
1027 457 1148 511 virgo
1167 471 1244 512 per
1261 470 1405 508 auraS,

229 526 289 569 Et
302 527 525 581 picturato
544 525 748 580 pluvium
762 525 871 579 ligat
887 524 993 567 aera
1014 538 1148 580 gyro;

231 595 435 649 Quaeque
456 599 558 635 tuas
577 593 730 641 laurus
750 593 934 644 volucri,
956 591 1234 644 Germanice,
1250 604 1379 634 curru

1597 590 1681 632 105

231 662 371 704 Fama
391 660 525 711 vehit,
541 673 791 715 praegressa
806 660 935 710 diem,
955 659 1215 715 tardumque
1233 661 1320 702 sub·
1337 659 1464 701 astris

230 728 423 779 Arcada,
443 733 485 771 et
503 728 550 770 in
564 727 711 770 medio
731 727 931 782 linquens
950 726 1275 769 Thaumantida
1295 726 1426 778 coelo.

230 862 314 885 seam
343 851 459 889 omnia,
482 852 603 884 volucer
628 850 743 890 Tegees
767 860 830 881 mm
851 851 944 890 plura
969 850 1066 889 refert
1090 860 1106 881 e
1127 850 1308 882 sublimibus
1331 849 1494 887 sideribus,
1516 850 1685 889 interprete

229 897 384 933 caduca»,-
405 905 461 927 nee
481 895 583 936 puella
597 893 745 931 Junom'tt,
766 903 834 934 quoe
855 893 973 924 labitur
993 902 1050 934 per
1074 893 1215 925 humidos
1239 895 1357 930 ventos,
1377 896 1408 923 et
1429 892 1598 933 praecingit
1619 891 1683 922 dis-

230 939 342 971 tinctis
354 939 503 970 coloribus
516 936 710 974 imbriferum
723 936 837 974 ae'rem,
860 946 896 967 ae
908 935 1002 974 fama
1015 946 1093 977 quoe,
1114 947 1131 967 a
1149 935 1345 975 Germanice,
1363 938 1471 976 portat
1485 935 1580 967 veloci
1593 944 1685 966 cursu

229 985 301 1014 tuas
314 981 472 1022 victorias,
492 983 685 1023 praerertens
698 979 794 1020 diem,
816 982 847 1010 ee
868 979 1015 1020 relinquit
1039 983 1108 1020 post
1130 989 1163 1011 se
1186 979 1242 1010 sub
1265 978 1364 1010 astris
1377 978 1570 1010 Mer-cunum
1585 978 1683 1010 Area-

840 1063 1059 1076 OMOOOOOO
1062 1063 1079 1074 0

231 1138 310 1170 cap.
327 1132 360 1161 3.
376 1139 409 1171 p.
423 1131 498 1161 577.
514 1127 621 1169 legit·
648 1129 828 1169 Cunctaque
849 1128 1070 1160 sinumerem.

622 1171 794 1203 .Nuntiat
818 1181 835 1202 e
860 1172 950 1202 celsis
969 1173 1033 1203 ales
1058 1171 1241 1211 Tegeaticus
1267 1170 1372 1202 astris.
1374 1172 1480 1201 —103
1502 1170 1627 1201 Venet.
1651 1171 1683 1200 1.

230 1172 305 1212 quid
333 1181 505 1204 enumerem
516 1175 562 1203 ?.

1130 1129 1320 1166 .Nunbiat;
1346 1128 1400 1159 vel
1418 1131 1532 1159 certe:
1563 1127 1683 1158 Cuncta

230 1215 466 1254 Junoniajiira.
468 1216 576 1246 -104
594 1214 637 1245 Et
650 1214 808 1255 picturato
822 1214 973 1255 liquidum
989 1215 1102 1246 Parm.
1104 1217 1210 1246 —105
1235 1213 1323 1246 Edd.
1335 1217 1422 1247 vett.
1436 1222 1558 1250 cursu·
1563 1211 1685 1245 Barth.

889 1299 1035 1333 NOTAE
1050 1340 1054 1344 .

231 1364 370 1404 dicitur,
386 1373 426 1396 ac
442 1363 472 1394 si
489 1362 517 1395 is
542 1367 664 1395 ventus
679 1363 813 1396 sudoris
828 1363 932 1398 effec-

231 1421 298 1448 tor.
341 1414 476 1446 Nonius.
519 1413 619 1445 Dixit
645 1419 760 1446 autem
781 1415 931 1456 eleganti

230 1466 431 1508 metaphora
445 1465 601 1497 sudaverit
614 1475 626 1502 ‚·
649 1469 688 1497 ut
711 1466 803 1497 enim
829 1466 933 1498 sudor

230 1528 249 1550 e
280 1525 427 1558 corpore
457 1515 654 1548 animalium
691 1525 753 1556 per
786 1517 931 1548 calorem

230 1568 376 1608 excitur,
391 1567 440 1600 sic
456 1567 566 1608 Libye
587 1576 648 1599 sen
673 1565 793 1599 Africa
807 1567 933 1599 dicitur

229 1624 240 1641 ‘
254 1621 378 1654 sudare
403 1619 582 1653 imbrifero
616 1620 769 1661 Austro:
789 1631 866 1653 cum
889 1621 932 1653 ri-

231 1677 312 1715 gata
338 1672 411 1714 eJus
447 1671 558 1714 aquis,
581 1682 658 1714 qnae
686 1671 806 1704 calidae
841 1677 932 1713 sunt,

230 1723 360 1755 emittit
380 1722 570 1763 humorem,
595 1731 662 1764 quo
689 1726 823 1763 segetes
843 1727 931 1754 sata-

231 1783 297 1814 que
326 1772 540 1811 nutriuntur‚
572 1775 609 1804 et
638 1772 687 1803 sic
718 1771 931 1805 fertilissima

231 1823 401 1856 redditur.
447 1822 581 1854 Habuit
607 1823 698 1854 enim
724 1823 759 1855 in
781 1827 932 1855 mentem

232 1874 342 1907 Poeta
356 1874 577 1907 fertilitatem
600 1872 743 1914 Africae,
771 1879 810 1906 ut
834 1884 932 1916 supe-

231 1926 314 1958 riori
329 1935 429 1957 versu
446 1924 587 1966 AEgypti
602 1923 834 1967 fertilitatem,
853 1925 933 1967 quia

231 1980 376 2017 utraque
392 1979 468 2007 erat
482 1975 642 2006 horreum
660 1975 790 2007 Romae.

276 2028 336 2057 101
361 2025 539 2066 Interprete
551 2025 660 2065 virga]
684 2025 770 2056 Vide
784 2024 892 2057 Theb.
906 2034 931 2057 1.

231 2078 306 2107 306.
328 2074 519 2116 Inter-prete]
533 2075 622 2108 Quia
636 2075 830 2107 Mercurius
846 2085 930 2107 nun-

234 2126 302 2157 tius
318 2130 354 2158 et
368 2126 542 2167 interpres
558 2125 709 2157 Deorum
727 2130 791 2158 est.

277 2179 340 2209 102
361 2176 450 2208 Ales
501 2175 701 2218 Tegeaticus]
740 2176 932 2208 Mercurius

232 2225 340 2259 Arcas
357 2236 378 2258 a
390 2227 503 2268 Tegea
518 2226 603 2258 urbe
617 2226 777 2259 Arcadiae
791 2227 842 2258 sie
860 2226 932 2258 dic-

233 2282 301 2309 tus.
345 2277 438 2318 Ales]
461 2276 518 2309 Ob
536 2277 666 2308 talaria.

276 2330 338 2360 103
364 2327 504 2360 Junonia
525 2327 632 2368 uirgo]
660 2328 727 2360 Iris
740 2328 932 2360 Thauman-

233 2378 277 2410 tis
290 2378 372 2418 filia,
387 2377 508 2409 nuntia
521 2377 680 2411 Junonis.
714 2378 869 2420 Liquidas
878 2389 936 2420 per

232 2428 342 2468 auras]
378 2428 469 2462 Quia
497 2437 598 2460 arcus
635 2429 798 2470 coelestis,
834 2430 931 2472 cujus

232 2480 300 2512 Iris
315 2483 368 2510 est
383 2478 588 2520 symbolum,
601 2489 667 2511 non
680 2481 720 2512 fit
737 2480 802 2512 nisi
814 2481 932 2522 pluvio

234 2539 328 2564 aere.

275 2583 339 2613 104
360 2580 406 2611 Et
423 2579 582 2620 picturato
604 2580 700 2622 gyro]
719 2581 810 2615 Quia
832 2590 931 2613 arcus

233 2631 382 2664 coelestis
398 2630 499 2662 variis
512 2631 682 2664 coloribus
694 2632 860 2675 pingitur.
875 2632 931 2664 Li·

231 2683 306 2724 gat]
317 2682 359 2714 Id
376 2685 442 2723 est,
453 2680 575 2721 cingit.

277 2735 339 2765 105
359 2733 494 2773 Quaeque
507 2734 578 2762 tuas
593 2732 701 2763 laurus
711 2733 840 2774 volucri,
851 2733 932 2765 Ger-

232 2784 365 2825 manice,
373 2792 468 2815 cumi
480 2781 581 2815 Fama
591 2782 689 2824 vehit,
701 2793 784 2824 proeg
789 2794 875 2817 ressa
885 2784 931 2816 ai-

986 1365 1048 1407 em]
1062 1365 1197 1398 Alludit
1210 1365 1252 1397 ad
1269 1364 1452 1405 historiam,
1461 1363 1506 1396 de
1520 1372 1587 1406 qua
1601 1362 1684 1395 Sue-

985 1416 1097 1447 tonius
1113 1417 1147 1447 in
1162 1415 1359 1448 Domitiano
1370 1425 1447 1457 cap.
1462 1418 1494 1447 6.
1526 1415 1536 1432 ‘
1548 1414 1684 1446 Bellum

985 1466 1108 1506 civile,'
1129 1467 1254 1509 inquit,
1273 1467 1424 1498 ‘motum
1441 1475 1461 1497 a
1477 1465 1515 1497 L.
1531 1463 1685 1496 Antonio

985 1518 1180 1559 Superioris
1197 1518 1392 1550 Germaniae
1408 1516 1555 1558 praeside
1569 1505 1685 1548 eonfe-

987 1569 1035 1601 cit
1058 1569 1182 1600 absens
1204 1569 1291 1600 mira
1314 1567 1496 1607 felicitate,
1517 1576 1594 1599 cum
1609 1566 1686 1608 ipsa

986 1618 1215 1650 dimicationis
1241 1619 1320 1650 hora
1341 1618 1510 1650 resolutus
1539 1621 1686 1658 repente

986 1670 1138 1709 menas,
1154 1669 1358 1701 transituras
1371 1668 1414 1700 ad
1430 1667 1618 1700 Antonium
1628 1677 1686 1699 co-

986 1720 1059 1762 pias
1073 1721 1303 1752 Barbarorum
1317 1719 1540 1755 inhibuisset:
1564 1718 1606 1750 de
1619 1726 1687 1760 qua

987 1771 1133 1802 victoria
1148 1770 1340 1812 praesagiis,
1356 1770 1448 1811 prius
1471 1780 1572 1812 quam
1599 1779 1685 1801 nun-

988 1820 1042 1852 tiis
1065 1820 1241 1861 comperit.
1283 1820 1320 1852 Si
1345 1820 1482 1862 quidem
1501 1821 1588 1862 ipso,
1615 1829 1684 1861 qno

987 1871 1184 1902 dimicatum
1221 1876 1297 1903 erat
1321 1870 1389 1910 die,
1426 1875 1572 1902 statuam
1607 1870 1684 1911 ejus

988 1923 1104 1954 Romae
1125 1922 1267 1963 insignis
1283 1922 1396 1963 aquila
1408 1921 1588 1962 complexa
1601 1929 1685 1961 pen-

987 1973 1051 2012 nis,
1065 1972 1242 2013 clangores
1258 1972 1449 2003 laetissimos
1464 1971 1587 2012 edidit,
1603 1979 1686 2012 pau·

985 2023 1086 2065 loque
1108 2027 1184 2064 post
1211 2023 1362 2054 occisum
1386 2020 1573 2054 Antonium
1597 2021 1686 2053 adeo

985 2073 1162 2114 vulgatum
1177 2077 1243 2113 est,
1267 2077 1305 2104 ut
1331 2076 1436 2114 caput
1457 2073 1533 2113 ejus
1547 2081 1684 2114 quoqne

986 2128 1206 2165 apportatum
1220 2123 1344 2155 vidisse
1364 2133 1400 2154 se
1426 2122 1579 2165 plerique
1602 2131 1684 2154 con-

986 2174 1191 2206 tenderent?
1248 2174 1306 2206 Sic
1343 2173 1435 2215 apud
1465 2173 1683 2205 Ammianum

984 2227 1237 2267 Marcellinum,
1254 2226 1347 2258 victo
1369 2226 1402 2257 in
1427 2226 1549 2259 Galliis
1563 2226 1682 2267 Sylva-

985 2287 1043 2317 no,
1057 2278 1115 2319 qui
1125 2277 1304 2318 imperium
1317 2277 1509 2318 arripuerat
1519 2276 1582 2309 sub
1595 2276 1684 2309 Juli-

985 2338 1062 2367 ano,
1074 2329 1202 2368 evenit,
1217 2332 1256 2360 ut
1278 2328 1397 2360 Romae
1421 2327 1543 2359 eodem
1567 2327 1623 2359 die
1648 2327 1683 2358 in

986 2380 1085 2412 Circo
1109 2379 1256 2411 maximo
1272 2379 1430 2420 populus,
1445 2378 1614 2419 incertum
1629 2387 1682 2409 ra·

984 2431 1079 2462 tione
1094 2430 1238 2471 quadam
1255 2430 1419 2471 percitus,
1433 2439 1476 2461 an
1499 2430 1682 2471 praesagio,

983 2480 992 2498 ‘
1002 2481 1171 2522 Sylvanus
1186 2480 1345 2513 devictus
1360 2479 1437 2521 est,'
1449 2489 1572 2521 magua
1594 2489 1680 2510 voce

985 2531 1198 2563 inclamaret.
1222 2532 1404 2572 Praegressa
1415 2531 1519 2572 igitur
1530 2529 1616 2561 diem
1629 2528 1681 2560 fa·

984 2592 1050 2620 ma,
1063 2593 1140 2614 cum
1163 2582 1309 2615 victoria
1329 2583 1436 2614 relata
1463 2580 1507 2612 de
1531 2577 1682 2612 Antonio

986 2634 1103 2665 Romae
1119 2634 1256 2673 cognita
1270 2631 1390 2672 fuerit,
1400 2630 1518 2663 eodem
1529 2630 1598 2671 die,
1613 2639 1681 2673 qno

986 2684 1140 2725 praelium
1158 2682 1382 2715 commissum.

1029 2737 1090 2765 10⁷
1124 2733 1264 2774 Aranda]
1302 2732 1524 2764 Mercurium.
1577 2730 1679 2764 Thau-

985 2783 1140 2824 mantida]
1156 2782 1247 2815 Irim.
