1800 3060
245 212 334 255 402

249 318 383 360 Curia
404 317 660 361 Caesareum
681 317 843 371 gaudet
861 317 1024 359 vicisse
1045 317 1272 372 pudorem.
1323 352 1339 368 .

739 223 784 254 Ρ.
814 221 1007 255 PAPINII
1039 221 1205 254 STA'ru

1651 322 1709 364 10

248 386 356 441 Ipse
376 387 504 428 etiam
523 386 726 427 immensi
745 388 976 440 reparator
994 386 1214 427 maximus
1236 388 1324 429 aevi

248 453 429 496 Attollit
449 453 614 504 vultuS,
633 458 679 495 et
696 456 881 508 utroque
900 467 927 495 a
947 454 1100 494 limine
1122 457 1267 508 grates

247 522 277 564 J
281 534 391 563 anus
413 522 524 574 agit:
557 534 689 575 quem
708 525 771 573 tu,
791 522 941 563 vicina
960 521 1081 563 Pac-e
1103 521 1306 576 ligatum,

248 588 412 630 Omnia
423 588 599 643 jussisti
619 601 887 644 componere
905 589 1038 640 bella,
1061 590 1255 644 novique

247 657 300 698 In
319 656 441 710 leges
456 656 606 711 jurare
626 657 738 699 fori:
770 658 891 700 levat
911 670 1017 700 ecce
1038 658 1226 712 supinas

1647 659 1705 701 15

246 723 369 765 Hinc
392 728 529 778 atque
549 724 649 766 inde
669 737 843 776 manus,
863 725 1126 780 geminaque
1145 724 1243 767 haec
1262 738 1374 767 voce
1393 726 1616 780 profatur:

247 790 435 843 SALVE,
456 804 614 846 magne
634 805 794 847 parens
813 793 985 844 mundi,
1014 793 1092 848 qui
1112 793 1281 835 saecula
1299 794 1475 836 mecum

245 934 511 964 senatusloetatur
525 943 718 974 expugnasse
742 935 825 966 volis
845 933 990 966 nammis
1008 933 1191 965 modestiam
1215 934 1363 966 Censoris.
1408 934 1480 975 Ipse
1493 934 1590 966 etium
1602 935 1705 966 Jonas

245 975 402 1007 'unximus
415 979 611 1008 restaurator
625 976 766 1008 immensi
784 978 888 1008 soeculz'
902 977 1001 1016 erigit
1016 972 1119 1008 umbos
1133 979 1249 1018 vultus,
1263 981 1293 1008 et
1307 977 1377 1016 ugit
1387 978 1511 1017 gratiae
1523 977 1561 1008 ab
1573 980 1704 1019 utraque

240 1021 344 1058 portu.
393 1019 492 1055 Quem
507 1022 542 1050 tu
556 1019 691 1050 vinctum
698 1020 845 1060 proxima
859 1020 1176 1062 Picejmsistifinire
1184 1023 1294 1051 cuncta
1306 1019 1396 1058 bella,
1410 1024 1441 1051 et
1448 1020 1561 1058 jurare
1575 1021 1608 1052 in
1620 1022 1705 1060 leges

243 1069 316 1092 nom
309 1059 405 1100 ’fori.
450 1061 545 1093 Tollit
566 1072 635 1093 ecce
658 1062 731 1093 hinc
756 1066 787 1094 et
810 1063 883 1094 hinc
905 1063 1032 1103 supinas
1053 1073 1174 1102 munus,
1199 1066 1229 1094 et
1245 1063 1311 1093 luoec
1325 1063 1465 1103 loquitur
1477 1063 1595 1103 duplici
1610 1073 1702 1094 voce:

246 1103 354 1145 Salve,
368 1105 481 1144 ingens
493 1108 585 1146 pater
599 1105 718 1144 mundi,
733 1106 786 1146 qui
799 1115 893 1146 puras
907 1115 1022 1137 mecum
1035 1115 1166 1137 renotat·
1168 1115 1184 1138 e
1197 1106 1321 1138 soecula.
1347 1105 1451 1137 Roma
1465 1109 1553 1147 optat
1564 1110 1594 1137 te
1609 1107 1705 1137 talem

859 1213 1054 1227 “eoem“
1057 1213 1096 1225 00

244 1287 446 1321 Observatt.
470 1290 562 1322 NoV.
585 1290 682 1322 Toni.
700 1298 726 1321 ι.
754 1290 835 1321 Par.
854 1292 884 1322 1.

899 1292 1109 1330 ρ.148.--14
1132 1288 1359 1321 Mai-lelandus
1383 1298 1446 1330 pro
1477 1289 1591 1320 Omnia
1617 1289 1705 1329 legit

246 1331 378 1373 Orrida,
391 1332 414 1364 i.
431 1341 462 1364 e.
490 1332 740 1365 Horrida.—16
763 1332 882 1364 Codex
897 1333 1033 1364 Barthii
1047 1344 1054 1363 :
1078 1333 1137 1364 hac
1149 1342 1222 1364 voce
1233 1331 1479 1373 prosatum—19
1508 1332 1620 1363 Mense
1634 1334 1704 1364 meo

903 1434 1046 1468 NOTAE

240 1508 352 1542 decim
365 1508 522 1551 fascium,
533 1514 569 1542 et
580 1510 760 1543 duodecim
773 1511 944 1552 lictorum,

241 1560 415 1602 proprium
427 1561 628 1593 consulatus
641 1561 783 1602 insigne.
805 1561 855 1593 Ut
866 1571 942 1593 cum

239 1612 439 1645 Juvenalis:
464 1613 474 1629 ‘
488 1612 573 1644 Cum
592 1613 664 1654 jam
688 1616 788 1644 sexta
806 1612 943 1644 cervice

239 1661 395 1694 feratur.’
438 1662 482 1694 Id
509 1667 574 1699 est,
605 1672 666 1695 sex
692 1662 944 1694 lecticariorum

240 1712 444 1744 cervicibus.
488 1714 534 1745 Et
550 1718 602 1745 est
617 1723 758 1744 sensns:
784 1713 811 1744 is
837 1713 946 1744 honor

239 1768 419 1803 susceptus
431 1763 475 1794 ab
489 1763 703 1804 Imperatore
720 1763 826 1795 tantis
842 1773 946 1804 nego-

237 1813 296 1844 tiis
308 1813 466 1846 districto
477 1815 620 1846 emersit
631 1815 715 1855 otio,
724 1814 759 1845 in
771 1823 837 1855 quo
851 1815 944 1856 prius

238 1868 322 1896 erat.

281 1916 321 1945 11
340 1913 518 1954 Reparator
531 1915 686 1947 maximus
699 1915 775 1956 oevi]
798 1914 945 1947 Videtur

238 1963 455 1995 Domitianus
482 1965 582 1996 inisse
610 1965 702 1997 hunc
727 1966 943 1997 consulatum

237 2022 279 2044 eo
292 2012 368 2054 ipso
391 2023 479 2045 anno
494 2024 561 2055 quo
575 2015 756 2046 saeculares
769 2015 841 2046 ludi
856 2014 942 2046 editi

236 2067 326 2095 sunt.
355 2063 378 2096 J
382 2073 465 2095 anus
490 2069 605 2096 autem
631 2064 759 2096 dicitnr
779 2068 942 2106 reparator

235 2114 310 2154 (τοὶ,
330 2114 410 2155 quia
426 2124 550 2146 novum
565 2125 688 2155 aevum,
704 2125 768 2147 seuv
779 2116 939 2147 saeculum

234 2160 435 2205 incipiebat.
465 2165 523 2196 Sic
539 2165 628 2196 enim
642 2164 751 2196 infra:
775 2165 785 2182 ‘
799 2165 940 2196 Mecum

235 2214 347 2246 altera
362 2215 490 2246 saecula
505 2214 646 2255 condes,
654 2215 700 2246 Et
715 2214 780 2247 tibi
790 2214 939 2256 longaevi

235 2264 456 2296 revocabitur
472 2275 532 2297 ara
547 2266 714 2297 Terenti.’

283 2317 321 2347 12
342 2316 480 2357 Utroque
494 2326 514 2348 a
529 2316 652 2357 limine]
667 2315 759 2350 Quia
773 2315 939 2356 templum

233 2364 314 2397 Jani
330 2365 415 2398 duas
439 2366 593 2399 habebat
617 2371 735 2408 portas
751 2366 815 2398 sibi
831 2375 939 2407 oppo-

233 2415 328 2447 ritas.

290 2468 329 2497 13
355 2466 455 2502 Quem
484 2471 531 2507 tu,
559 2468 664 2500 vicina
690 2477 765 2508 pace
792 2466 939 2506 ligatum,

237 2515 354 2547 Omnia
370 2516 499 2554 jussisti
513 2528 692 2559 componere
706 2518 796 2557 bena,
809 2517 940 2558 novique

234 2565 275 2597 In
289 2566 372 2606 leges
386 2567 499 2606 J'urare
514 2569 600 2610 sori]
624 2570 714 2601 Haec
730 2568 816 2600 dicit
831 2568 938 2609 Papi·

231 2615 322 2656 nius,
344 2616 435 2658 qnod
449 2617 558 2650 Janus
572 2618 647 2650 foro
663 2618 883 2659 praesidebat,
899 2622 939 2650 ut

231 2666 406 2707 colligitur
415 2677 460 2699 ex
471 2667 662 2709 Apocoloc.
675 2669 833 2701 Senecae:
862 2672 871 2686 ‘
881 2668 937 2700 In-

232 2719 429 2757 terrogatur
446 2719 654 2751 seutentiam
677 2720 786 2753 Janus
813 2724 912 2760 pater
924 2730 935 2751 ι

231 2764 260 2797 is
277 2768 385 2799 multa
408 2768 550 2811 diserte,
570 2769 661 2812 quod
685 2770 721 2801 in
744 2769 818 2802 foro
834 2769 938 2810 vivat,

997 1510 1111 1552 dixit,'
1135 1515 1172 1542 et
1198 1509 1282 1542 foris
1307 1509 1450 1542 structis
1474 1519 1570 1551 oeque
1592 1508 1703 1542 Janus

998 1561 1231 1593 honorabatur
1260 1570 1301 1592 ac
1327 1561 1467 1601 templis
1495 1559 1604 1592 ceteri
1630 1554 1702 1592 Dii.

997 1611 1084 1644 Jure
1101 1611 1206 1654 igitur
1219 1611 1436 1643 commendat
1449 1611 1540 1644 Jano
1557 1610 1703 1643 tutelam

998 1663 1128 1704 legum,
1150 1662 1230 1704 quia
1252 1662 1312 1703 jus
1337 1660 1519 1703 fascesque
1543 1660 1703 1702 praetoris

998 1713 1249 1744 exercebantur
1275 1712 1311 1743 in
1336 1710 1423 1751 foro,
1444 1720 1591 1752 eamque
1617 1714 1703 1742 tunc

997 1762 1174 1803 accepisse
1190 1763 1275 1802 vult,
1293 1770 1370 1794 cnm
1386 1761 1417 1792 ei
1434 1760 1632 1793 dedicatum
1647 1765 1702 1797 eat

996 1813 1060 1845 hoc
1075 1822 1199 1844 novum
1216 1812 1406 1844 Domitiani
1420 1810 1544 1851 forum,
1567 1820 1632 1843 nec
1648 1821 1703 1843 so·

997 1863 1066 1894 lum
1082 1863 1176 1894 iilum
1196 1862 1332 1903 jurasse
1357 1862 1392 1893 in
1415 1862 1522 1902 leges,
1544 1866 1583 1892 nt
1602 1861 1702 1902 jura-

998 1912 1078 1943 bant
1090 1912 1148 1954 qui
1163 1912 1402 1953 magistratum
1417 1911 1562 1951 inibant,
1572 1911 1701 1952 quique

995 1962 1093 1995 finito
1130 1963 1351 2004 magistratus
1390 1965 1548 2002 tempore
1584 1970 1701 1993 sacra-

995 2019 1111 2046 mento
1123 2014 1357 2052 solvebantur,
1364 2011 1427 2044 sed
1443 2012 1479 2042 in
1493 2016 1701 2052 perpetuum

989 2065 1137 2107 jurasse,
1159 2065 1262 2106 eique
1287 2067 1454 2095 aeternnm
1484 2061 1549 2093 hoc
1574 2070 1702 2095 munus

993 2115 1192 2147 incumbere
1206 2113 1305 2146 bellis
1317 2111 1536 2153 compositis;
1551 2115 1588 2142 et
1597 2119 1700 2152 prop-

995 2171 1091 2198 terea
1116 2165 1246 2198 dicitur
1267 2164 1386 2203 ligatus
1410 2161 1515 2193 vicina
1539 2160 1639 2201 Pace,
1661 2160 1699 2192 id

994 2223 1060 2258 est,
1086 2218 1190 2250 Pacis
1216 2217 1356 2257 templo,
1381 2214 1462 2256 quia
1482 2214 1578 2255 leges
1606 2213 1700 2246 inter

994 2279 1088 2301 arma
1111 2269 1227 2300 silent.
1271 2267 1339 2299 Via
1364 2265 1577 2299 Domitiani:
1604 2265 1703 2300 ‘Qui

993 2319 1114 2351 limina
1138 2318 1301 2350 bellicosa
1325 2316 1406 2351 Jani
1421 2315 1533 2349 Justis
1560 2315 1696 2357 legibue

993 2373 1030 2401 et
1056 2368 1131 2401 foro
1157 2366 1324 2400 coronat?
1378 2366 1565 2398 Suetonius
1590 2366 1696 2398 etiam

995 2422 1142 2451 testatur
1170 2418 1404 2450 Domitianum
1426 2417 1485 2458 jus
1511 2415 1696 2457 diiigenter

992 2474 1027 2501 et
1044 2479 1164 2502 severe
1179 2468 1388 2508 exercuisse,
1409 2467 1501 2509 quod
1518 2470 1599 2497 ante
1614 2475 1696 2498 ocu·

992 2520 1042 2551 los
1057 2519 1175 2550 habuit
1191 2518 1306 2550 forsan
1322 2516 1498 2557 Papinius.

1035 2571 1077 2600 16
1090 2568 1283 2608 Geminaque
1291 2565 1378 2606 voce]
1391 2565 1481 2598 Jano
1492 2563 1581 2595 enim
1593 2567 1694 2596 erant

991 2618 1059 2650 dno
1088 2618 1214 2659 vultus,
1243 2617 1380 2658 duoque
1408 2623 1480 2656 ora,
1507 2618 1546 2646 nt
1573 2622 1692 2646 onmes

990 2668 1115 2700 sciunt.

1033 2721 1074 2750 17
1090 2719 1214 2750 Parem
1226 2713 1350 2755 mundi]
1373 2713 1602 2747 Domitianus.
1627 2714 1694 2752 Qui

988 2769 1103 2800 soecula
1116 2777 1232 2799 mecum
1247 2766 1431 2798 Imaum-e
1444 2763 1555 2807 paras]
1587 2764 1691 2816 Quia,
