1800 3060
558 216 836 250 SYLVARUM
883 215 978 247 Lm.
1011 215 1064 246 11.
1085 204 1128 245 1.
1494 201 1582 243 203

130 317 190 359 Et
204 318 440 359 monstrare
460 317 592 362 arte-⁶3,
611 318 659 354 et
679 312 811 353 verba
828 310 1078 363 refringere,
1102 321 1203 362 quae
1218 320 1331 348 nunc

130 383 395 438 Plangimus.
444 380 700 422 Herculeos
721 378 847 421 annis
867 390 1043 431 aequare
1060 376 1238 417 labores

128 450 339 505 Coeperat
358 461 612 502 assurgenS,
627 454 674 490 et
687 447 831 488 adhuc
845 445 1034 486 infantia
1048 443 1181 497 juxta
1197 456 1208 492 ;
1496 441 1581 483 125

125 517 229 560 Jam
247 521 388 559 tamen
407 521 450 558 et
470 515 608 557 validi
629 527 822 568 gressus,
843 523 1131 565 mensuraque
1151 509 1293 564 major

126 646 201 677 gan
213 647 337 675 munt,
352 641 385 670 et
398 637 504 668 docere
517 638 613 674 artes,
628 639 660 667 et
674 634 842 672 reformare
856 632 961 669 verba,
977 641 1044 672 quoe
1059 641 1139 662 nuuc
1148 629 1250 662 omnia
1265 630 1466 671 deploramus.
1514 628 1584 659 Coe-

125 683 214 722 pent
227 681 386 712 amodo
406 679 496 710 annis
518 679 676 716 attingere
701 676 817 707 labores
835 674 993 712 Herculis,
1015 674 1070 705 sed
1094 674 1196 704 adhuc
1217 675 1284 704 erat
1307 671 1408 703 mixta
1437 670 1582 710 infantia.

129 723 206 755 Ju-
217 726 321 755 Μ
334 722 472 761 etfortis
485 722 632 759 incessu,
647 723 679 751 et
693 721 816 750 statmo
835 718 988 757 grandior
1012 717 1203 755 indumento,
1224 719 1254 747 et
1276 715 1352 746 oisae
1374 717 1475 746 vestes
1486 723 1584 755 puero

734 801 976 815 eeeeeeeeeeee

132 871 247 904 Parm.
262 875 299 903 et
319 870 446 902 Venet.
461 872 492 902 1.
513 873 544 902 et
559 869 651 902 t-erba
664 869 814 912 infigere,-
841 868 930 900 unde
945 868 1073 900 Marki.
1090 866 1182 908 conj.
1198 865 1397 904 infringam
1420 863 1587 902 nonnulli,

130 914 293 956 refugere.
333 914 344 930 ‘
355 913 450 944 Malo
476 912 639 955 rqfingere,
661 912 752 954 quod
779 913 918 943 verbum
943 911 1123 942 sententiae
1149 910 1256 949 magis
1281 907 1455 939 convenit.
1500 906 1585 937 Vult

133 957 221 988 enim
237 955 366 987 Statius
383 955 544 987 Lachesin
561 960 767 987 monstrasse
783 959 875 986 artes
898 959 932 985 et
961 952 1064 984 verba
1080 951 1281 984 reformasse
1300 950 1396 991 pueri
1419 949 1586 986 Clam-im,

133 999 190 1040 qni
205 999 304 1035 male,
320 1003 357 1030 ut
373 998 406 1028 id
422 1007 526 1037 genus
542 998 654 1029 aetatis
670 998 770 1037 solet,
794 1007 836 1028 ea
854 995 1064 1037 proferebat.
1098 995 1206 1028 Quam
1225 999 1339 1025 autem
1357 992 1585 1024 necessarium

133 1046 170 1074 et
183 1039 343 1081 frequens
357 1040 404 1071 sit
421 1041 533 1080 pneris
549 1040 653 1071 verba
668 1050 727 1071 sua
741 1039 922 1081 refingere,
937 1048 1035 1070 nemo
1051 1038 1161 1069 nescit
1179 1037 1242 1068 nisi
1260 1045 1356 1076 puer.
1387 1034 1436 1066 At
1451 1034 1585 1066 Gevar-

133 1084 200 1116 tius
214 1083 341 1115 retinet
355 1082 540 1123 refringere,
562 1088 599 1114 et
613 1082 766 1123 exponit,
789 1092 905 1113 vocem
922 1086 1121 1119 extenuare,
1142 1079 1237 1121 quasi
1254 1088 1338 1119 opus
1354 1083 1445 1108 esset
1462 1075 1587 1108 infanti

133 1125 275 1162 doctore
291 1129 350 1158 aut
361 1126 522 1165 magistra
537 1125 581 1156 ad
597 1134 713 1156 vocem
729 1123 1004 1156 extenuandam.’
1031 1124 1232 1154 cmm—125
1257 1121 1397 1152 venen.
1412 1123 1442 1151 l.
1458 1122 1490 1151 2.
1507 1121 1538 1150 3.
1552 1122 1586 1150 4.

133 1167 248 1201 Parm.
261 1168 358 1200 Rom.
373 1168 509 1200 Vicent.
521 1167 618 1199 Brix.
633 1167 738 1199 Aldd.
764 1167 872 1199 Colin.
896 1166 1030 1207 Gryph.
1055 1168 1121 1197 διο.
1144 1166 1197 1196 κά
1211 1164 1311 1196 adhuc
1321 1161 1460 1201 infantia
1474 1162 1587 1193 mixta.

123 1212 147 1228 ‘⁴
166 1210 280 1242 Primo
305 1210 485 1251 legendum
510 1212 541 1242 et
565 1210 676 1249 adhuc,
697 1216 840 1251 propter
862 1219 1021 1251 sequens,
1050 1209 1128 1239 Jmn
1152 1211 1254 1238 tomen
1275 1209 1306 1237 et
1331 1206 1429 1237 validi
1449 1213 1587 1245 gressus.

137 1251 271 1285 Deinde
285 1252 366 1295 quid
381 1257 434 1284 est
446 1253 548 1285 mixta
560 1251 721 1292 insontia?
745 1253 843 1291 lege:
867 1255 898 1284 et
911 1252 1011 1283 adhuc
1026 1250 1279 1290 insontiajaxtu‚
1293 1258 1340 1280 sc.
1357 1252 1444 1280 erat.
1479 1247 1587 1278 Theb.

138 1297 277 1328 vum.
299 1295 384 1327 ‘tibi
399 1295 491 1327 nulia
510 1301 695 1336 supersunt
716 1295 874 1334 Gaudia;
891 1295 965 1336 jam
988 1294 1118 1326 Thebae
1135 1294 1250 1334 juxta,
1271 1296 1308 1323 et
1332 1291 1515 1323 tenebrosa
1532 1299 1588 1320 vo-

789 1378 928 1412 Nom-2

135 1442 281 1475 Veteres
295 1442 469 1485 fingebant
494 1453 570 1476 esse
585 1452 711 1475 numen
727 1443 833 1485 quod·

136 1493 228 1534 dnm,
237 1493 329 1536 qnod
342 1503 398 1526 res
412 1494 550 1526 nimium
567 1496 667 1526 laetas
687 1498 723 1526 et
738 1504 832 1536 pros-

140 1553 240 1586 peras
255 1544 359 1576 torvis
374 1545 480 1576 oculis
500 1545 705 1585 intueretur,
720 1555 760 1576 ac
775 1544 833 1576 de-

139 1593 302 1636 primeret
316 1594 550 1636 quodcumque
568 1595 704 1626 modum
720 1595 834 1626 hnma-

141 1653 220 1675 num
235 1644 432 1685 excederet,
447 1650 486 1677 ut
500 1645 578 1676 aiibi
595 1646 751 1677 diximus.
788 1647 835 1678 Et

140 1695 205 1726 hoc
228 1693 354 1735 eamr,
377 1695 548 1736 Invidiam,
571 1696 715 1728 Livor-em
738 1705 835 1728 voca·

143 1740 241 1784 baut,
269 1745 440 1779 Nemesim
468 1756 508 1778 nc
531 1743 740 1786 Adrastiam,
755 1757 836 1788 pue·

139 1794 255 1837 risque
268 1794 427 1827 infestum
446 1805 487 1828 ac
510 1797 736 1837 perniciosum
750 1797 836 1828 exis·

141 1845 320 1879 timebant.
363 1846 463 1878 Unde
486 1847 570 1878 varii
593 1847 684 1878 modi
706 1847 837 1879 inventi

141 1895 187 1928 ad
204 1895 270 1928 hoc
293 1896 508 1940 placandum,
534 1897 836 1939 avertendnmque.

142 1945 236 1978 Hinc
265 1946 435 1987 turpicula
466 1957 534 1987 res,
564 1948 636 1979 sive
671 1946 836 1979 fascinum

141 2005 323 2037 puerorum
347 1997 435 2028 collo
455 2007 670 2039 suspensum,
686 2001 723 2029 ut
746 2007 838 2029 amu-

143 2047 262 2079 letum.
304 2047 351 2079 Et
365 2047 526 2079 Fascinus
540 2048 634 2079 Deus
656 2047 838 2080 infantium

145 2100 274 2136 eustos,
293 2102 332 2128 nt
357 2096 465 2128 refert
490 2097 623 2128 Plinius
648 2097 708 2129 lib.
730 2106 839 2129 xvur.

145 2154 225 2185 cap.
234 2148 268 2177 Δ.
282 2149 320 2177 et
333 2145 408 2177 Dea
430 2146 562 2177 Cunina
583 2146 674 2186 apud
698 2147 841 2179 Laetan-

147 2194 245 2235 tium,
263 2205 339 2236 qum
363 2195 510 2227 infantes
534 2196 569 2226 iu
594 2196 690 2227 cuuis
713 2201 841 2237 tuetur,

145 2251 184 2277 et
198 2245 374 2277 Fascinum
387 2250 586 2277 summovet.
627 2246 724 2278 Dicit
738 2247 843 2288 igitur

146 2295 203 2328 hic
217 2295 325 2328 Poeta
335 2295 512 2328 lachesim
523 2306 564 2328 ac
573 2296 741 2328 Invidiam
757 2306 843 2337 prae-

148 2345 251 2378 fuisse
286 2345 439 2378 infantiae
481 2346 648 2386 Glauciae,
683 2347 844 2388 illamque

149 2405 226 2430 eum
242 2397 276 2428 in
299 2406 359 2428 suo
374 2397 450 2428 sinu
465 2395 604 2436 fovisse,
617 2406 752 2428 ornasse
773 2397 844 2428 vui·

147 2450 220 2478 tn‘m
242 2447 423 2488 crinesque
447 2447 533 2488 ejus,
547 2445 711 2478 formasse
733 2456 844 2478 mores

149 2499 187 2528 et
212 2496 397 2537 ingenium,
423 2501 461 2529 ut
487 2497 639 2538 haberet,
666 2497 758 2538 quod
780 2497 844 2529 sibi

149 2545 358 2586 displiceret,
374 2556 415 2578 ac
430 2557 508 2578 mox
529 2547 743 2580 destrueret:
768 2558 844 2579 suc·

150 2604 290 2632 censere
303 2597 393 2628 euim
412 2597 469 2628 iiia
483 2597 612 2629 dicitur
626 2597 732 2629 nimia
745 2598 845 2629 elatis

150 2643 330 2679 felicitate.
374 2646 467 2678 Hinc
500 2646 630 2679 fallitur
658 2648 845 2688 Domitius,

155 2695 212 2735 qui
225 2697 376 2736 explicat
391 2697 527 2736 Invidi«,
547 2707 608 2738 per
622 2698 795 2739 invidiam,
810 2705 847 2731 et

157 2744 319 2786 Graccus,
346 2747 404 2788 qui
443 2747 529 2788 legit
555 2747 723 2789 Invidiam,
752 2750 848 2790 quasi

887 1443 1048 1475 Lachesis
1057 1441 1271 1474 fovissetuon
1283 1444 1352 1472 tam
1363 1439 1472 1480 ipsum
1484 1438 1589 1470 Glau-

886 1494 987 1534 ciam,
1009 1504 1109 1536 quam
1133 1492 1295 1525 iuvidiam
1322 1500 1428 1522 suam.
1473 1490 1518 1520 Et
1540 1490 1589 1520 sic

889 1544 996 1576 refert
1032 1545 1115 1576 iilud
1152 1544 1279 1575 Invidia
1315 1542 1358 1573 ad
1400 1540 1590 1573 Lachesim.

887 1597 957 1628 Sed
973 1597 1025 1628 hic
1040 1594 1237 1627 nominandi
1253 1603 1334 1625 casn
1349 1593 1490 1623 sumitur
1503 1590 1591 1621 Invi-

887 1646 953 1685 dia,
968 1651 1004 1678 et
1022 1645 1233 1685 accipienda,
1248 1650 1285 1675 ut
1310 1652 1416 1684 supra
1429 1640 1589 1672 diximus.

888 1698 935 1728 Et
949 1697 1065 1727 similis
1079 1696 1175 1727 locus
1190 1699 1244 1726 est
1260 1692 1351 1734 apud
1373 1693 1535 1724 Nostrum
1554 1691 1590 1721 in

888 1747 1055 1788 Epicedio
1094 1746 1197 1778 Pileti
1214 1755 1223 1777 z
1260 1745 1270 1762 ‘
1293 1742 1456 1776 Attendit
1493 1746 1591 1772 torvo

889 1798 997 1829 tristis
1015 1797 1224 1828 Rhamnusia
1237 1795 1354 1826 vultu:
1381 1792 1433 1824 Ac
1446 1792 1591 1833 primum

890 1848 1114 1889 implevitque
1130 1852 1236 1885 toros,
1250 1845 1424 1885 oculisque
1445 1842 1592 1874 nitorem

891 1898 1048 1938 Addidit,
1062 1904 1098 1928 et
1114 1898 1216 1929 soiito
1234 1895 1411 1927 sublimius
1427 1903 1486 1925 ora
1501 1893 1592 1923 leva-

893 1947 955 1988 vit,
965 1947 1063 1990 (Heu
1073 1948 1080 1978 !
1094 1947 1219 1978 misero
1234 1946 1338 1978 letale
1348 1942 1493 1985 favens‚)
1503 1952 1594 1975 sese-

892 2009 959 2040 que
991 1998 1138 2030 videndo
1172 1997 1300 2036 Torsit,
1341 2002 1377 2029 et
1414 1994 1596 2034 Invidiam,

891 2049 1110 2090 Mortemque
1126 2049 1294 2089 amplexa,
1317 2047 1450 2088 jacenti
1466 2044 1595 2086 Injecit

891 2099 1025 2131 nexus!

936 2153 998 2181 123
1038 2149 1137 2181 Verba
1172 2148 1364 2188 refringere]
1409 2146 1595 2177 Gevartius

893 2201 1066 2241 expiicat:
1089 2202 1099 2218 ‘
1118 2209 1234 2231 vocem
1265 2204 1452 2230 extenuare
1463 2196 1484 2236 ;’
1511 2197 1596 2228 Cru-

894 2261 975 2283 ceus
1004 2251 1134 2282 mavult
1158 2250 1322 2292 rqfingere.
1367 2248 1476 2284 Quam
1505 2247 1596 2279 enim

894 2301 1127 2332 necessarium
1157 2305 1193 2331 et
1221 2298 1382 2340 frequens
1413 2298 1459 2329 sit
1483 2297 1598 2338 pueris

897 2350 1002 2382 verba
1016 2360 1077 2380 sua
1091 2350 1255 2390 affingere,
1271 2357 1386 2379 omues
1401 2348 1525 2379 sciunt.

941 2402 1003 2432 124
1025 2399 1196 2431 Herculeos
1218 2399 1309 2430 annis
1328 2408 1452 2439 σφωε
1465 2398 1598 2439 labores]

898 2451 976 2483 Hoc
1013 2449 1174 2491 loquendi
1203 2449 1304 2481 modo
1335 2449 1408 2480 vuit
1443 2448 1599 2488 innuere,

898 2499 1076 2532 Giauciam
1092 2499 1134 2530 nd
1157 2498 1396 2530 duodecimum
1411 2498 1525 2529 aetatis
1540 2507 1598 2528 an-

897 2560 977 2580 num
994 2549 1200 2589 pervenisse.
1243 2549 1332 2581 Nam
1355 2548 1538 2580 duodecim
1553 2548 1600 2579 ia·

898 2600 1000 2631 bores
1014 2598 1175 2630 Herculis
1189 2605 1420 2630 numerantur.

943 2652 1004 2681 125
1029 2650 1074 2680 Et
1088 2650 1186 2680 adhuc
1199 2648 1454 2689 infantiajuxeo]
1476 2648 1519 2680 Id
1534 2654 1600 2688 est,

901 2700 991 2730 eain
1012 2705 1116 2731 aetate
1140 2699 1318 2731 redolebat
1340 2700 1450 2730 adhuc
1470 2699 1599 2740 simpli-

902 2749 1044 2781 citatem
1058 2758 1098 2782 ac
1112 2750 1339 2782 innocentiam
1355 2748 1548 2781 infantium.
