1800 3060
234 215 319 259 258
709 228 749 258 r,
784 226 974 258 ΡΑΡιΝιι
1008 225 1174 257 s'rA'rn

236 313 406 378 Littore
424 325 614 377 virgineo
628 323 785 365 Thetis
805 323 1047 365 occultavit
1068 322 1315 365 Achillem:

238 391 337 433 Nec
359 393 523 433 circum
541 392 654 433 saevi
671 391 909 445 fugientem
929 391 1090 432 moenia
1111 389 1275 432 Phoebi

236 460 420 502 Troilon
441 460 661 501 AEmoniae
682 459 914 514 deprendit
933 459 1092 500 lancea
1113 458 1299 500 dextrae.

238 529 400 580 Qualis
420 541 517 569 eras
535 528 692 582 procul
711 526 821 569 heu!
852 527 1025 568 cunctis
1045 527 1280 582 puerisque
1299 525 1491 582 virisque

237 596 486 646 Pulchrior,
507 600 550 637 et
571 599 738 637 tantum
755 594 932 637 domino
951 595 1117 637 minor!
1150 595 1270 636 illius
1290 607 1407 637 unus

241 665 361 707 Ante
382 665 531 715 decor,
553 668 771 718 quantum
792 663 1007 717 praecedit
1027 662 1147 704 clara
1166 663 1358 704 minores

240 732 367 773 Luna
386 732 526 783 factm,
545 735 846 786 quantumque
868 730 984 772 alios
1003 731 1165 784 premit
1185 730 1421 785 Hesperus
1439 729 1581 784 ignes.

241 800 347 842 Non
367 800 446 841 tibi
465 799 723 841 foemineum
743 798 872 840 vultu
892 798 1046 848 decus,
1066 810 1233 852 oraque
1255 810 1392 853 supra

243 868 400 910 Mollis
418 867 587 921 honos;
617 866 797 923 (quales
820 866 968 908 dubiae
987 866 1244 908 discrimina
1262 865 1416 908 formae

1635 595 1697 637 35

241 998 330 1030 video
344 1010 412 1031 eum
427 1001 635 1041 pulchriorem
650 1001 784 1040 Achille,
799 1011 868 1032 cum
888 1000 997 1032 Thetis
1016 999 1178 1032 abscondit
1201 1001 1288 1032 inum
1309 1001 1394 1033 inter
1417 1001 1534 1042 puellas
1555 1001 1588 1032 in
1602 1000 1708 1032 §visula

243 1042 355 1085 Scyro,
377 1054 414 1075 ne
429 1043 490 1075 iret
513 1045 553 1075 ad
568 1045 680 1076 bellum
690 1055 702 1082 ;
724 1048 756 1076 et
774 1044 890 1083 Troilo,
911 1054 981 1075 cum
996 1045 1143 1076 AEmonia
1156 1045 1263 1076 lancea
1277 1044 1416 1084 confodit
1431 1044 1610 1084 fugientem
1626 1044 1710 1076 circa

242 1096 348 1117 muros
367 1088 502 1118 mdelis
515 1087 686 1128 Apollinis.
733 1088 846 1123 Qualis
860 1092 941 1127 erat,
955 1087 1026 1126 heu,
1040 1088 1132 1127 longe
1144 1087 1316 1125 formosior
1327 1087 1466 1119 omnibus
1486 1088 1594 1127 pueris
1608 1090 1638 1118 et
1654 1087 1709 1118 ho·

242 1129 390 1169 minibus,
405 1140 441 1160 ιιι·
455 1130 514 1161 soli
527 1130 651 1162 cedebat
665 1131 749 1167 hero,
765 1131 818 1170 qui
834 1134 956 1161 tuntum
969 1140 1039 1161 eum
1053 1131 1208 1170 timebat,
1223 1134 1370 1171 quantum
1385 1130 1518 1170 fulgida
1533 1131 1607 1161 luna
1620 1139 1709 1170 supe-

241 1175 294 1202 rat
308 1173 443 1204 minores
458 1173 574 1212 stellas,
594 1178 625 1205 et
641 1174 803 1214 Hesperus
827 1172 969 1204 obscurat
990 1173 1068 1204 alios
1087 1173 1238 1213 planetas.
1285 1174 1359 1204 Non
1383 1173 1443 1204 tibi
1467 1177 1534 1204 erae
1550 1172 1710 1204 muliebris

239 1215 450 1255 pulchritudo,
464 1226 520 1248 nec
534 1216 743 1258 effoeminutus
756 1218 848 1248 decor
861 1216 894 1248 in
917 1217 1018 1256 uultu,
1041 1216 1140 1257 qualis
1165 1219 1212 1248 est
1238 1216 1292 1257 iis,
1317 1216 1372 1258 qui
1393 1226 1499 1258 poenas
1520 1217 1630 1247 dantes
1643 1225 1710 1247 am-

858 1312 1098 1325 oeeeeeoe‘aeee

243 1393 287 1415 ne
306 1383 394 1416 bello
410 1383 507 1416 fatali
522 1384 770 1425 implicaretur,
781 1383 919 1415 abditus
933 1382 1014 1415 illuc
1024 1382 1131 1415 fuerit
1147 1381 1323 1415 Achilles!
1347 1382 1557 1414 Barth-33
1581 1382 1710 1413 Venet.

245 1431 275 1459 1.
301 1427 425 1467 lrnjecit
441 1429 647 1459 lancem—34
672 1427 785 1463 Qualis
800 1431 867 1458 erat
881 1427 987 1468 procul
1001 1427 1059 1458 heu
1074 1427 1199 1458 Venet.
1215 1429 1245 1457 3.
1258 1429 1290 1458 4.
1306 1423 1412 1458 Aldd.
1438 1425 1550 1457 Colin.
1575 1424 1711 1465 Gryph.

245 1473 312 1501 &tu
363 1471 449 1502 Talis
470 1481 540 1502 erus
560 1470 666 1512 procul
679 1480 717 1501 en
743 1469 861 1502 Parm.
881 1470 994 1505 Qualis
1019 1479 1088 1501 ems
1106 1470 1215 1510 procul
1229 1469 1288 1500 heu
1305 1470 1404 1501 Rom.
1422 1473 1458 1500 et
1474 1473 1544 1499 vet.
1562 1466 1711 1500 Linden-

245 1513 369 1554 brogii‚
391 1514 483 1555 quod
510 1514 687 1545 revocavit
710 1512 1033 1544 Marmaridum—39
1055 1513 1199 1544 Venett.
1225 1514 1256 1544 1.
1280 1514 1313 1543 2.
1341 1513 1374 1544 3.
1403 1513 1435 1543 4.
1462 1511 1579 1542 Pan-m.
1610 1510 1712 1542 Rom.

245 1556 342 1588 Brix.
361 1557 497 1589 Vicent.
511 1556 616 1588 Aldd.
635 1556 749 1588 Colin.
763 1556 897 1599 Gryph.
911 1556 1020 1588 Basu.
1036 1557 1102 1588 &c.
1118 1555 1218 1597 qualis
1230 1554 1335 1587 dubia·
1345 1558 1417 1596 post
1426 1554 1560 1587 crimina
1569 1552 1688 1591 sormoe
1699 1563 1711 1584 ε

912 1652 1052 1685 No'rAE

245 1733 283 1760 et
309 1727 401 1760 infra
416 1739 492 1760 cum
506 1729 645 1768 Troilo;
672 1729 952 1770 superioremque

246 1778 336 1811 facit
360 1779 548 1818 philetum,
572 1780 662 1811 sicut
690 1778 790 1818 fecit,
813 1788 890 1810 cum
915 1778 953 1809 il-

247 1829 317 1860 lum
340 1830 555 1871 comparavit
577 1839 653 1861 cum
678 1830 810 1860 Theseo
836 1835 872 1860 et
887 1827 954 1859 Pa-

247 1880 333 1912 ride.
378 1880 473 1912 Nota
487 1886 602 1912 autem
627 1878 758 1918 fabula,
783 1889 849 1920 qua
871 1878 956 1910 dici-

247 1936 304 1963 tur
331 1932 450 1963 Thetis
486 1931 678 1963 occuluisse
713 1930 881 1962 Achillem
920 1929 955 1960 in

247 1982 355 2024 Scyro
372 1982 482 2013 insula
496 1981 588 2022 apud
601 1980 827 2022 Lycomedem
839 1989 955 2020 regern

248 2033 341 2064 inter
356 2033 428 2074 ejus
443 2032 544 2073 filias,
571 2035 610 2063 ut
626 2031 754 2063 bellum
769 2031 955 2072 Trojauum

249 2084 389 2116 vitaret.

294 2137 336 2166 32
371 2134 499 2166 Circum
524 2133 602 2166 soevi
632 2132 815 2173 fugientem
841 2132 956 2164 moenia

251 2186 362 2217 Phoeln·
375 2186 501 2218 Troilon
510 2185 668 2217 AEmonioe
677 2184 840 2224 deprendit
849 2185 956 2215 lancea

250 2236 389 2278 dextrae]
411 2236 545 2269 Troilus
559 2235 650 2268 filius
668 2235 798 2267 Priami
819 2239 858 2266 et
883 2235 955 2266 He-

251 2289 370 2329 cubes‚
405 2298 492 2330 puer
519 2297 596 2320 cum
620 2287 755 2320 Achille
791 2285 957 2327 congredi

250 2348 366 2379 ausus,
386 2339 429 2371 ab
452 2339 525 2380 ipso
544 2338 637 2370 nullo
659 2336 801 2379 negotio
823 2336 957 2368 occisus

252 2396 318 2422 est.
363 2391 527 2431 Virgilius
543 2389 678 2422 AEneid.
692 2398 719 2421 1.
743 2389 753 2408 ‘
767 2389 877 2421 Parte
893 2388 958 2420 alia

252 2439 388 2482 fugiens
409 2441 541 2473 amissis
563 2440 699 2473 Troilus
713 2440 816 2472 armis
830 2437 959 2471 Infelix

253 2501 351 2533 puer,
360 2498 466 2533 atque
477 2492 588 2533 impar
602 2499 808 2533 congressus
822 2489 961 2531 Achilli,

254 2543 379 2574 Fertur
394 2542 502 2583 equis,
519 2551 688 2584 curruque
702 2542 815 2573 haeret
830 2540 959 2580 resupi-

253 2602 317 2626 nus
333 2592 448 2625 inani.¹
474 2594 604 2624 Circum
616 2594 692 2625 saevi
707 2592 819 2625 moeniu
835 2590 960 2632 Phoeoi]

256 2643 297 2675 ld
316 2648 383 2684 est,
397 2643 525 2675 circum
545 2652 657 2674 muros
677 2643 859 2684 Trojanos,
875 2650 960 2683 qnos

254 2693 489 2726 aedificaverat
505 2693 639 2735 Apollo.
673 2693 774 2735 διαί]
797 2693 887 2726 Quia
901 2691 961 2723 de-

254 2750 410 2778 seruerat
423 2745 602 2787 Trojanos.
648 2743 820 2784 AEmonioe]
841 2742 884 2775 Id
896 2747 963 2783 est,

255 2796 435 2829 Achilleae.
481 2795 635 2828 Achilles
665 2794 754 2826 enim
778 2792 960 2826 Thessalus

1007 1731 1082 1759 erat
1097 1735 1156 1758 seu
1178 1725 1366 1766 AEmonius,
1382 1729 1419 1757 et
1433 1723 1610 1756 Thessalia
1627 1723 1716 1757 anti-

1008 1779 1124 1819 quitus
1141 1782 1261 1809 vocata
1283 1778 1294 1794 ‘
1305 1775 1485 1809 AEmonia.’

1052 1830 1094 1859 34
1117 1827 1236 1858 Procul
1262 1825 1443 1867 Pulchrior]
1469 1824 1512 1856 Id
1528 1831 1596 1865 est,
1615 1823 1715 1866 longe

1010 1879 1196 1919 pulchrior.

1052 1932 1096 1961 36
1118 1929 1265 1961 Minores
1267 1927 1375 1969 facer]
1396 1927 1523 1960 Stellas
1539 1926 1718 1967 intelligit,

1008 1990 1085 2022 quae
1102 1985 1263 2021 respectu
1276 1979 1383 2011 nostri
1398 1978 1480 2009 luna
1492 1977 1642 2009 minores
1656 1986 1717 2018 ap·

1009 2036 1146 2073 parent.

1051 2085 1093 2114 3⁷
1116 2081 1206 2113 Alios
1215 2079 1323 2121 ignes]
1342 2079 1518 2111 Planctus.
1541 2078 1718 2120 Hesperu]

1009 2133 1120 2165 Stella
1133 2132 1282 2164 Veneris
1295 2141 1374 2163 curn
1389 2130 1532 2162 occidua
1547 2134 1611 2162 est.
1632 2129 1718 2162 Dio-

1010 2185 1115 2216 dorus
1147 2183 1284 2215 Siculus
1305 2182 1365 2215 lib.
1397 2191 1457 2214 in.
1487 2181 1530 2213 de
1558 2180 1719 2222 Hespero

1011 2235 1163 2267 Atlantis
1188 2233 1259 2265 filio
1282 2233 1404 2273 tradit,
1423 2241 1500 2264 eum
1516 2241 1559 2264 ex
1576 2231 1721 2264 Atlante

1009 2289 1127 2317 monte
1144 2284 1257 2316 sidera
1272 2283 1575 2324 contemplantem,
1596 2291 1722 2324 repen-

1011 2337 1085 2368 tino
1110 2335 1232 2367 morbo
1261 2338 1456 2375 correptum
1483 2333 1693 2375 disparuisse
1708 2343 1720 2372 3

1011 2396 1053 2418 ac
1067 2386 1199 2426 vulgus,
1213 2384 1257 2416 ob
1273 2385 1365 2416 illius
1383 2384 1550 2425 pietatem
1572 2388 1609 2414 et
1617 2381 1723 2424 justi-

1013 2438 1111 2478 tiam,
1126 2437 1204 2478 ejus
1225 2437 1360 2467 nomine
1376 2443 1517 2467 vocasse
1533 2434 1723 2475 pulcherri-

1012 2497 1103 2519 mam
1142 2487 1290 2525 stellam,
1327 2494 1405 2527 quae
1443 2490 1479 2516 et
1515 2484 1720 2526 Vesperugo
1778 2486 1782 2488 ’

1011 2539 1149 2581 (Venus
1176 2538 1310 2570 scilicet
1334 2546 1409 2569 cum
1426 2541 1480 2568 est
1495 2535 1656 2577 occidua)
1671 2535 1724 2568 di-

1014 2594 1115 2671 cltaug·
1126 2638 1317 2672 Discrimina
1330 2637 1414 2679 [pm
1429 2634 1578 2676 erimina]
1601 2634 1723 2667 Crimi-

1013 2701 1069 2731 πα,
1090 2699 1154 2732 pro
1167 2690 1364 2729 discrimina,
1385 2693 1424 2720 ut
1447 2687 1567 2718 volunt
1591 2685 1723 2728 aliqui3
1790 2711 1791 2714 ,

1015 2742 1075 2774 sed
1089 2739 1129 2772 τὸ
1142 2739 1288 2779 crimina,
1302 2738 1442 2780 proprio
1456 2736 1651 2779 significatu
1668 2744 1722 2767 sn-

1015 2791 1176 2824 meudum
1192 2799 1235 2822 ex
1255 2789 1321 2822 illis
1339 2787 1494 2820 versibus
1515 2787 1580 2819 vite
1603 2785 1722 2820 Domi·
1786 2785 1800 2816 5-
