1800 3060
583 207 861 240 SYLVARUM
895 207 991 236 mn.
1016 206 1046 236 1.
1073 195 1116 236 6.
1489 195 1575 235 175

352 303 383 346 J
386 317 457 346 am
477 302 664 344 bellaria
684 300 849 342 adorea
867 299 1101 354 pluebant.
1520 299 1573 339 10

355 371 490 412 Hunc
509 382 650 412 rorem
669 369 855 410 veniens
876 366 1076 422 profudit
1098 364 1208 407 Eos.

357 437 585 492 Quicquid
605 436 753 478 nobile
776 435 981 477 Ponticis
1002 435 1188 483 nuceas,

355 505 592 547 Foecundis
612 503 734 546 cadit
752 507 828 544 aut
840 502 961 557 jugis
981 501 1177 550 ldumes,

355 571 489 623 Quod
508 571 642 613 ramis
660 562 739 625 'pia
759 570 971 623 germinat
990 569 1256 616 Damascus,

356 640 417 682 Et
436 638 556 694 quod
574 637 805 693 percoquit
825 636 993 678 Ebosia
1014 636 1184 685 cannis,
1519 634 1577 675 15

128 767 241 798 adorea
253 764 380 796 bellaria
392 762 547 804 pluebant.
594 762 699 792 Eurus
713 759 816 791 oriem
839 760 969 791 immisit
990 760 1070 791 hunc
1093 757 1235 790 imbrem.
1282 757 1440 798 Quicquid
1454 757 1579 796 insigne

130 811 178 840 eet
189 809 224 840 in
235 806 353 840 metir
367 805 477 845 Ponti,
491 804 635 845 quicquid
648 803 764 834 labitur
780 812 797 833 e
814 802 976 840 feracibus
992 802 1087 842 jugis
1106 801 1253 839 launum,
1273 801 1416 841 quicquid
1430 800 1580 839 religiosa

132 848 378 888 Dmxusfert
390 849 423 880 in
435 847 543 888 ramis,
556 846 694 888 deflens,
713 855 789 887 quas
806 845 927 877 Ebusus
952 847 1104 885 maturat,
1117 844 1149 874 id
1163 853 1252 875 omne
1264 843 1427 884 spargitur
1437 842 1580 882 gratuito

734 930 968 942 eeooooeooeaee

131 997 190 1030 qne
215 997 318 1020 axem.
361 986 536 1019 Gronovio
568 985 601 1016 in
629 985 743 1016 Diatr.
771 985 886 1026 placet
909 984 1085 1024 ebriamque
1110 984 1329 1023 parterm—10
1355 982 1430 1012 Jam
1448 980 1578 1012 bellaria

131 1032 243 1063 «dorm
426 1028 528 1060 Aldd.
545 1028 655 1059 Colin.
668 1028 802 1069 Gryph.
818 1030 885 1060 ὅτε.
905 1027 1023 1058 velaria
1048 1026 1161 1057 adorea
1187 1025 1304 1056 Parm.
1326 1024 1446 1055 velaria
1472 1023 1578 1054 Borea

132 1073 280 1105 Florent-
301 1071 419 1104 velaria
432 1071 513 1103 linea
530 1070 636 1111 Lipsii
660 1071 781 1110 codex,
802 1071 880 1102 Sen.
906 1075 942 1102 et
967 1070 1050 1100 Exc.
1073 1068 1163 1099 Scal.
1188 1068 1307 1099 velaria
1331 1067 1429 1098 lintea
1451 1065 1579 1106 pluebat

133 1115 218 1152 citat
230 1114 430 1146 Hermolaus
442 1113 616 1146 Barbarus
630 1113 670 1144 ad
688 1113 780 1145 Plin.
795 1121 877 1144 xm.
893 1115 926 1145 9.
949 1112 1066 1143 velaria
1080 1111 1171 1142 lineoe
1193 1113 1222 1141 et
1244 1109 1368 1151 pluebat
1393 1108 1581 1140 Salmasius

134 1157 246 1198 Epist.
258 1165 438 1189 nxxxvm.
482 1155 572 1187 Vide
584 1155 714 1196 Syllog.
741 1155 854 1196 Epist.
877 1155 975 1187 Tom.
1004 1163 1046 1185 ιι.
1072 1163 1106 1194 p.
1130 1155 1289 1184 535.—ll
1314 1152 1412 1183 Idem
1436 1151 1580 1182 Salmas.

133 1200 229 1240 legit,
249 1198 389 1241 profudit
404 1199 521 1235 Eurus,
545 1203 584 1229 nt
608 1199 642 1229 in
662 1197 767 1230 Aldd.
788 1198 897 1230 Coliu.
921 1197 1053 1238 Gryph.
1076 1198 1139 1227 διο.
1163 1195 1287 1227 Markl.
1303 1195 1395 1235 conj.
1417 1195 1493 1233 Eos,
1517 1193 1576 1224 ad-

134 1243 239 1274 dens:
260 1241 369 1274 ‘Post
397 1250 541 1276 versum,
561 1241 638 1272 Jam
666 1241 806 1280 bellaria,
833 1242 886 1280 sse.
909 1241 1137 1281 (quocumque
1164 1237 1265 1269 modo
1286 1238 1354 1268 iste
1378 1236 1579 1268 scribendus

133 1285 191 1321 sit.
213 1283 302 1326 quod
318 1293 397 1316 sune
405 1283 507 1325 juxta
521 1292 598 1314 cum
614 1283 833 1324 ignauissimis
856 1283 956 1324 scio‚)
978 1282 1147 1313 excidisse
1171 1286 1254 1321 puto
1270 1284 1340 1311 tres
1353 1280 1407 1310 vel
1423 1285 1583 1320 quatuor,

135 1326 256 1369 quibus
281 1326 563 1358 enumerabuntur
578 1326 716 1358 missilia
731 1332 768 1357 et
784 1325 930 1357 bellaria
942 1334 1017 1366 qnae
1037 1325 1144 1364 prima
1159 1322 1355 1363 prolusione
1370 1321 1579 1363 spargeban-

137 1374 194 1402 tur
206 1368 250 1400 αἱ
265 1368 534 1411 populum.’—l5
559 1369 603 1400 Et
618 1378 695 1409 quas
712 1369 880 1409 precoquit
908 1368 1022 1399 Ebosia
1034 1366 1104 1408 (vel
1121 1365 1258 1406 Ebnoeia)
1273 1374 1387 1396 cannas
1399 1364 1476 1396 edd.
1493 1369 1579 1396 vett.

132 1411 265 1444 Eoo-iu
292 1411 437 1444 Gevart.
471 1415 508 1442 et
539 1411 590 1442 sic
619 1412 653 1442 in
682 1411 738 1443 ed.
765 1416 833 1442 vet.
864 1409 1129 1450 Lindenbrogii3
1155 1408 1285 1440 Eho-vita
1312 1408 1437 1439 Caum
1459 1407 1583 1439 Heins.

138 1453 276 1487 Groevio
291 1454 418 1495 Syllog.
434 1453 545 1494 Epist.
560 1453 659 1485 Torn.
674 1463 729 1486 ιν.
753 1464 784 1494 p.
797 1456 872 1485 451.
896 1453 1028 1484 Ebusita
1043 1461 1157 1483 caunas
1171 1450 1328 1483 Graevius
1339 1450 1485 1481 Heinsio
1500 1449 1582 1480 ibid.

134 1499 257 1538 2468.
275 1497 433 1537 percoquit
447 1496 586 1528 Salmas.
602 1502 638 1528 et
653 1496 806 1528 Gronov.
835 1497 880 1527 Et
902 1497 982 1536 quod
1001 1495 1159 1535 percoquit
1185 1494 1299 1524 Ebosia
1321 1493 1429 1524 cannis
1454 1492 1583 1524 Markl.

136 1540 218 1572 etin
232 1540 323 1571 curis
332 1538 489 1572 secundis
502 1539 622 1580 maa,
642 1539 734 1580 quod
760 1544 986 1580 reposuerunt
1010 1537 1097 1569 Edd.
1119 1537 1199 1578 Bip.
1222 1537 1301 1577 quod
1329 1536 1457 1567 liabent
1480 1536 1585 1567 etiam

792 1623 932 1656 NOTAE

183 1696 225 1725 ιθ
245 1693 390 1726 Bellaria
409 1693 537 1734 adorea]
562 1694 713 1734 Reum-ia,
735 1693 833 1725 Grae-

141 1744 190 1776 ci·
202 1743 397 1786 τραγήματα,
422 1745 584 1778 dicuntur
608 1744 834 1776 secundarum

139 1802 328 1826 mensarum
353 1795 432 1827 cibi.
455 1801 458 1804 '
475 1795 620 1827 Bellaria
634 1799 746 1826 autem
761 1796 835 1826 ado·

139 1853 204 1884 rea,
216 1853 277 1876 aen
287 1843 455 1885 farracea,
466 1850 546 1876 sunt
561 1845 744 1886 placentae,
759 1846 836 1884 πέμ·

140 1905 235 1934 μαι,
253 1894 328 1934 liba,
350 1905 428 1936 qnae
449 1904 470 1927 e
489 1894 662 1927 frumento
676 1900 714 1927 et
730 1904 835 1937 opere

142 1944 285 1985 pistorio
298 1945 533 1978 conficiuntur.

185 1997 226 2026 n
258 1995 388 2035 norm]
427 1996 653 2027 Bellariorum
690 1996 836 2027 scilicet.

145 2044 212 2076 Eoo
227 2044 365 2086 [Eurus]
377 2045 512 2077 Ventus
527 2045 570 2076 ab
585 2045 719 2076 oriente
733 2044 837 2076 flanst

144 2097 182 2125 et
194 2098 277 2126 tnnc
290 2096 465 2135 temporis,
480 2103 540 2126 seu
555 2104 667 2135 mane,
681 2100 774 2126 ortus
787 2095 842 2126 hic

146 2149 270 2175 ventus
293 2148 361 2184 est,
382 2154 459 2176 cnm
485 2144 577 2176 dicat
601 2145 728 2176 Eurum
750 2145 841 2177 hunc

146 2191 288 2224 imbrem
312 2193 477 2226 attulisse.
521 2195 632 2226 Eurus
654 2194 744 2226 enim
766 2195 841 2236 plu-

150 2242 262 2285 viosus
277 2247 340 2274 est.

188 2292 388 2324 12Poulicis
400 2293 533 2334 noeto]
552 2294 674 2326 Potius
688 2294 840 2335 Corylis:

147 2350 225 2375 nam
249 2351 353 2375 nuces
380 2343 535 2376 Ponticae
553 2350 631 2375 sunt
655 2343 844 2384 AveUanae,

150 2401 233 2434 quas
247 2392 362 2425 Greci
377 2393 528 2425 Ponticas
548 2398 696 2434 vocant3
716 2394 795 2436 quia
809 2394 845 2426 in

147 2441 260 2474 Ponto
272 2448 456 2475 nascuntur
467 2444 645 2485 copiosius.
666 2446 676 2462 ‘
686 2444 843 2476 Praenes-

150 2491 255 2524 ὕει’
278 2493 380 2524 etiam
395 2492 609 2526 dicebantur.

193 2544 235 2574 18
255 2543 354 2582 sugis
367 2543 505 2584 Idumes]
520 2543 655 2575 Palmas
671 2543 845 2584 intelligit.

152 2590 272 2624 Idume
286 2601 348 2624 seu
362 2592 514 2624 Idumaea
529 2593 623 2633 regio
641 2593 765 2634 Syriae,
784 2593 845 2626 Ju-

154 2640 236 2673 dee
268 2651 360 2683 pars,
381 2643 426 2675 ab
455 2644 632 2676 occidente
657 2645 845 2678 Jordanem

155 2694 323 2731 spectans,
348 2691 501 2725 Idumaea
521 2699 655 2734 vocata,
667 2695 709 2726 ab
724 2695 847 2734 Edom,

154 2740 263 2781 quiet
277 2741 365 2773 Esau
384 2741 576 2775 dicebatur.
621 2744 749 2776 Eadem
777 2745 846 2776 Ga-

888 1693 1010 1725 balene
1022 1697 1058 1724 et
1068 1691 1292 1724 Amalechitis
1303 1691 1325 1724 J
1328 1690 1454 1732 osepho
1465 1701 1473 1722 z
1505 1691 1586 1722 Pal-

888 1753 952 1774 mae
980 1742 1077 1774 ferax
1097 1747 1164 1773 est.
1210 1742 1390 1772 Lucanus:
1414 1739 1589 1772 ‘Arbusto

888 1793 1083 1824 Palmarum
1098 1792 1195 1823 dives
1212 1790 1361 1822 Idume!

933 1845 973 1874 14
997 1843 1087 1878 Quod
1100 1844 1198 1873 ramis
1208 1842 1264 1883 pia
1276 1842 1435 1881 germinat
1453 1842 1590 1874 Damas·

888 1894 957 1934 cus]
993 1893 1162 1933 Intelligit
1190 1902 1316 1933 prunas
1347 1893 1590 1924 Damascenas.

890 1945 1079 1976 Damascus
1103 1948 1217 1975 autem
1232 1943 1312 1974 urbs
1326 1943 1436 1983 Syriae
1451 1943 1592 1975 nobilis-

891 1994 977 2025 sima
998 1998 1036 2025 et
1053 1993 1299 2034 antiquissima,
1318 1993 1454 2024 Persidi
1471 1994 1594 2025 vicina·

894 2044 996 2075 Mons
1016 2043 1171 2084 ejusdem
1197 2042 1343 2083 regionis
1359 2042 1488 2075 duobus
1504 2043 1594 2075 fruc-

895 2094 985 2126 tibus
999 2094 1147 2125 maxime
1163 2093 1284 2125 nobilis
1307 2098 1374 2132 est,
1395 2094 1510 2133 prunis
1530 2095 1594 2126 sci-

893 2143 977 2176 licet
992 2149 1027 2175 et
1038 2143 1160 2184 myxis,
1175 2148 1213 2174 ut
1227 2143 1361 2174 Plinius
1374 2143 1506 2175 scribit.
1531 2144 1596 2175 Pia

894 2194 1034 2233 dieitur,
1055 2194 1135 2235 qnia
1158 2193 1249 2234 Syrii
1273 2193 1455 2225 admodum
1475 2203 1594 2235 super-

895 2244 1018 2275 stitiosi
1036 2248 1147 2275 erant.

939 2297 979 2325 15
1004 2293 1135 2333 Ebosia]
1159 2293 1223 2324 Est
1241 2293 1373 2325 Ebusus
1389 2293 1499 2325 insula
1514 2294 1597 2326 His-

896 2344 1008 2385 paniae
1024 2344 1059 2374 in
1079 2343 1164 2374 mari
1179 2343 1382 2375 Balearico:
1408 2343 1482 2375 aliis
1503 2343 1598 2375 Ebu-

896 2404 975 2426 sus:
998 2393 1132 2425 Graecis
1151 2393 1265 2425 Βοῦσος
1291 2397 1328 2424 et
1349 2393 1508 2434 Ἐβοίῐσος,
1522 2394 1596 2435 qui-

897 2443 1038 2476 busdam
1054 2443 1159 2474 etiam
1167 2443 1325 2478 Ἤβουσος
1338 2443 1453 2475 dicta:
1471 2443 1600 2475 Ebosia

899 2504 980 2526 vero
996 2493 1154 2534 Papinio,
1171 2494 1266 2534 quasi
1280 2492 1428 2530 Ἢβόσεια
1437 2495 1532 2532 νῆσος
1546 2493 1597 2524 di-

900 2550 1046 2576 ceretur.
1089 2544 1149 2575 Sic
1183 2543 1314 2575 Rhodia
1348 2544 1458 2575 insula
1486 2543 1599 2574 Plinio

899 2594 920 2633 ἡ
938 2594 1050 2626 Ῥόδος.
1081 2594 1138 2626 Ita
1154 2594 1267 2625 Latini
1290 2595 1300 2611 ‘
1313 2593 1417 2626 Coam
1431 2593 1602 2632 insulam,'

900 2654 977 2686 quae
994 2643 1124 2676 Graecis
1136 2645 1205 2675 Κῶς
1220 2648 1375 2683 vocatur,
1398 2643 1575 2684 appellant
1586 2653 1599 2674 ε

900 2700 938 2726 et
961 2695 1065 2726 Ceam
1086 2693 1145 2731 τὴν
1166 2693 1260 2726 Κείων
1282 2703 1383 2735 qnam
1405 2691 1500 2724 Κέως.
1539 2692 1599 2724 Se·

901 2745 1045 2776 cundam
1059 2745 1094 2776 in
1110 2745 1225 2776 Ebuso
1240 2744 1344 2776 etiam
1360 2743 1503 2784 corripit
1519 2742 1595 2774 Ma·
1613 2748 1616 2749 ’
