1800 3060
175 246 260 288 564

679 257 716 286 Ρ.
753 256 944 287 PAPINII
976 256 1141 288 STA‘rll

177 352 396 408 Quosque
418 352 658 396 Dicarchei
678 356 845 408 portus,
867 352 1128 408 Baianaque
1147 355 1324 397 mittunt

176 422 368 472 Littera,
391 432 482 475 qua
500 420 659 462 mediis
680 420 766 463 alte
793 421 1040 475 permixtus
1061 420 1236 462 anhelat

1550 423 1634 464 170

176 490 299 544 Ignis
319 490 464 544 aquis,
487 492 532 530 et
552 492 710 543 operta
730 489 901 530 animos
921 487 1126 530 incendia
1144 491 1335 531 servant.

175 557 252 600 Sic
276 557 334 599 ad
354 556 599 599 Avernales
621 557 844 611 scopulos,
865 560 910 598 et
928 569 1074 611 opaca
1091 556 1282 610 Sibyllae

173 624 330 675 Antra,
348 630 568 678 rogaturae
588 624 826 667 veniebant
847 624 1042 678 undique
1064 629 1232 678 gentes:

173 693 266 736 Illa
281 693 426 734 minas
450 692 629 743 Divum,
650 692 980 746 Parcarumque
1001 695 1102 734 acta
1122 691 1326 743 canebat,

175 760 394 812 Quamvis
416 761 606 815 decepto
621 764 748 803 vates
768 774 860 802 non
879 761 1002 802 irrita
1022 760 1214 802 Phoebo.

1550 761 1636 802 175

174 828 294 871 Mox
314 833 358 871 et
378 829 644 871 Romuleam
663 830 859 883 stirpem,
882 840 1180 882 proceresque
1199 828 1372 870 futuros

174 897 381 948 Instruis,
400 897 535 951 inque
554 902 732 952 patrum
752 898 946 951 vestigia
967 897 1128 938 ducere
1152 899 1342 951 perstas.
1375 904 1378 907 ⁴

173 966 267 1008 Sub
287 969 331 1007 te
352 964 609 1007 Dardanius
629 964 741 1006 facis
762 965 1018 1019 explorator
1037 969 1219 1019 opertae,

171 1086 274 1118 eedem
288 1085 321 1118 in
341 1086 459 1118 Italia?
480 1096 613 1127 quosque
623 1089 731 1128 portus
746 1085 941 1124 Dicarchi,
953 1084 1096 1125 mittunt,
1107 1096 1144 1117 ac
1157 1085 1236 1127 ripae
1252 1084 1396 1121 Baianoe,
1411 1084 1466 1116 ubi
1479 1083 1562 1124 ignis
1571 1083 1634 1116 aue

171 1130 347 1170 permixtus
363 1129 474 1161 mediis
486 1130 579 1161 undis
592 1132 733 1170 vaporat,
745 1139 781 1160 ac
796 1129 897 1160 latens
910 1132 1052 1160 servatur
1065 1129 1100 1160 in
1115 1129 1191 1160 locis
1201 1128 1422 1161 subterraneis.
1466 1127 1521 1159 Sic
1529 1126 1634 1169 populi

171 1181 320 1213 responsa
333 1173 464 1214 petituri
478 1173 610 1213 undique
622 1171 843 1204 concurrebant
856 1173 897 1203 ad
911 1181 1002 1212 rupes
1017 1171 1150 1210 Averni,
1164 1175 1196 1203 et
1207 1171 1383 1203 umbrosum
1396 1181 1515 1212 specum
1531 1170 1637 1212 Sibyl-

171 1215 223 1246 lae.
268 1215 350 1246 Haec
378 1216 530 1254 referebat
558 1216 700 1247 Deorum
727 1214 874 1254 monicus,
902 1217 933 1246 et
951 1214 1046 1253 sacta
1071 1224 1250 1255 parcarum,
1269 1218 1356 1247 vates
1374 1224 1435 1246 non
1455 1223 1548 1253 cana,
1575 1213 1635 1244 etsi

173 1258 340 1299 decepisset
365 1258 554 1299 Apollinem.
603 1258 682 1290 Max
695 1258 800 1289 erudis
819 1257 990 1289 Romanam
1002 1256 1144 1296 sobolem,
1160 1261 1190 1289 et
1206 1258 1371 1299 optimates
1376 1256 1519 1295 futuros.
1533 1266 1569 1287 ae
1583 1266 1634 1287 eos

173 1301 295 1332 excitas
306 1302 347 1333 ad
362 1301 565 1334 insistendum
586 1301 737 1341 maiorum
753 1301 905 1340 vestigiis.
950 1300 1110 1341 Inspector
1126 1300 1313 1333 Dardanius
1334 1300 1443 1333 arcani
1464 1299 1561 1340 ignis,
1580 1299 1634 1340 qui

780 1407 1018 1423 m

173 1475 286 1507 missus
310 1475 459 1514 anhelam
490 1476 600 1508 altera
623 1476 743 1516 lectio,
772 1477 950 1518 permixtus
977 1477 1116 1517 anhelat,
1137 1480 1190 1508 est
1216 1486 1259 1508 ex
1282 1475 1521 1508 emendatione
1545 1474 1631 1506 Adr.

174 1518 330 1550 Behottii
348 1518 523 1560 Apophor.
538 1519 598 1551 lib.
614 1528 657 1550 n.
675 1529 754 1561 cap.
771 1522 933 1552 11.-171
957 1520 1048 1560 Ignis
1062 1530 1159 1560 aquas
1171 1520 1286 1552 Par-m.
1320 1519 1391 1551 Pro
1413 1520 1528 1557 domos,
1541 1517 1632 1560 qnod

175 1561 307 1594 habent
332 1571 450 1594 omnes
478 1562 558 1595 edd.
588 1562 708 1594 animos
732 1562 911 1595 substituit
935 1563 1282 1596 Marklandus.—l⁷4
1305 1562 1368 1595 Illa
1382 1562 1500 1594 animo·
1514 1561 1634 1593 Divum

834 1671 867 1704 N
873 1670 975 1704 01·AE

217 1749 280 1779 169
296 1747 465 1779 Dicarchei
477 1746 602 1789 portus]
620 1747 773 1780 Puteoli.
798 1748 877 1780 Bm·-

171 1807 234 1831 ana
243 1798 374 1830 mittunt
382 1797 525 1839 Littera]
540 1798 646 1830 Baiae.
674 1798 763 1831 Vide
776 1797 876 1830 Viam

172 1849 278 1881 Dom.

217 1903 279 1932 170
304 1900 375 1936 Qua
392 1899 502 1933 mediis
515 1900 579 1931 alte
590 1899 767 1941 permixtus
780 1900 875 1931 anhe-

170 1952 216 1983 lat
231 1951 322 1991 Ignis
334 1951 439 1993 aquis]
474 1950 724 1991 Intelligendus
746 1950 802 1982 hic
825 1950 873 1981 lo-

171 2011 230 2034 cus
247 2002 290 2033 de
307 2003 403 2043 aquis
417 2001 534 2033 calidis
556 2001 729 2041 Baiarum,
751 2006 787 2031 et
802 2000 874 2031 bal-

170 2052 257 2092 neis,
273 2062 374 2094 quem
386 2056 422 2083 et
435 2051 586 2083 illustrat
596 2050 664 2083 Dio
673 2050 734 2082 lib.
746 2059 875 2083 vam.

170 2102 261 2135 Vide
278 2103 478 2135 Behottium
503 2102 538 2133 in
559 2100 794 2143 Apophoretis
815 2101 874 2133 lib.

169 2163 212 2186 11.
229 2164 306 2195 cap.
324 2157 377 2186 ll.

215 2207 277 2237 171
302 2205 348 2237 Et
368 2206 475 2245 operta
489 2203 609 2235 animos
622 2202 755 2245 [domos]
770 2203 873 2235 incen-

168 2256 223 2288 dia
246 2255 387 2296 servant]
421 2255 574 2287 Cruceus
598 2253 684 2295 legit
707 2254 814 2285 domus
836 2254 871 2285 in

168 2308 379 2340 nominativo
395 2315 491 2346 casu,
511 2310 549 2338 et
575 2315 764 2337 sermonem
787 2315 875 2344 esse,

170 2359 232 2398 ait,
247 2358 290 2389 de
306 2357 439 2390 balneis
456 2356 631 2396 Baiarum,
644 2366 721 2397 quae
735 2361 875 2388 servant

170 2414 294 2450 operta
324 2407 493 2446 incendia,
529 2407 688 2449 quoniam
717 2407 874 2449 subjecto

168 2459 250 2500 igne
278 2463 448 2501 perpetuo
473 2457 648 2491 calefiunt.
690 2458 812 2490 Potest
836 2463 873 2491 et

169 2509 318 2550 intelligi
334 2509 376 2540 de
392 2509 541 2550 ignibus,
563 2509 621 2551 qui
647 2508 872 2541 servabantur

170 2564 340 2601 perpetuo
366 2559 400 2590 in
425 2560 510 2591 locis
534 2559 778 2596 subterraneis,
799 2559 873 2601 qui·

169 2610 302 2652 busque
331 2619 428 2651 aquae
455 2608 668 2650 tepefiebant
694 2609 728 2641 in
753 2609 873 2641 littore

171 2661 317 2693 Baiano.
342 2660 430 2692 Haec
444 2661 518 2691 loca
529 2661 633 2692 domos
643 2665 743 2692 vocat
752 2660 872 2692 Poeta.

215 2714 277 2743 172
286 2711 615 2751 Avernalmcopulos]
638 2711 807 2752 intelligit
820 2721 871 2742 ru-

170 2771 232 2803 pes
243 2762 347 2803 juxta
357 2760 532 2794 Avernum
549 2762 670 2802 lacum,
682 2762 715 2793 in
728 2772 870 2804 quarum

170 2812 279 2844 latere
305 2813 455 2845 excisum
478 2816 554 2845 erat
577 2817 725 2854 autrum,
748 2813 782 2844 in
804 2823 871 2855 quo

929 1746 1106 1780 habitabat
1120 1747 1248 1790 Sibylla
1265 1747 1430 1787 Cumana,
1443 1750 1478 1780 et
1492 1756 1633 1788 respou-

930 1809 968 1830 sa
994 1799 1111 1831 dabat.
1166 1798 1282 1831 Hodie
1308 1798 1435 1830 dicitur
1459 1798 1490 1830 la
1516 1797 1633 1830 Groua

928 1851 1010 1882 della
1022 1850 1154 1892 Sibylla.

973 1905 1036 1934 173
1059 1901 1248 1943 Rogaeurae]
1281 1900 1435 1934 oracula
1454 1901 1631 1942 petitnrae.

972 1956 1033 1984 175
1061 1953 1199 1993 Decepta
1213 1955 1299 1984 vates
1311 1961 1373 1983 mm
1386 1951 1482 1982 irrita
1501 1950 1630 1992 I’hoebo]

930 2001 1067 2035 Alludit
1080 2002 1123 2033 ad
1137 2002 1300 2042 fabulam,
1315 2011 1383 2043 qua
1398 2001 1538 2043 Sibylla,
1554 2010 1632 2042 pro-

930 2054 1031 2085 missa
1048 2054 1150 2095 copia
1165 2052 1319 2094 corporis
1340 2052 1392 2083 sui
1419 2051 1564 2092 Phoebo,
1587 2051 1631 2084 ab

930 2113 971 2136 eo
987 2103 1183 2136 obtinuerat
1199 2107 1253 2135 tot
1277 2112 1396 2142 annos,
1419 2107 1504 2145 quot
1529 2106 1631 2135 eraut

929 2164 1073 2195 corpora
1088 2154 1121 2186 in
1134 2154 1267 2186 cumulo
1280 2162 1406 2194 areuae,
1417 2162 1516 2195 quem
1529 2162 1631 2184 manu

929 2209 1084 2246 ceperat,
1115 2213 1182 2246 quo
1208 2204 1396 2245 impetrato
1423 2203 1526 2235 elusit
1550 2212 1628 2244 pro-

930 2255 1080 2295 missum,
1094 2254 1301 2296 decepitque
1315 2253 1522 2295 Apollinem.
1559 2253 1630 2286 Ne-

928 2315 993 2347 que
1015 2309 1131 2337 tamen
1147 2305 1244 2336 irrita
1259 2304 1326 2336 fuit
1341 2309 1453 2344 vates,
1474 2305 1628 2346 quamvis

927 2357 1123 2398 decepisset
1150 2356 1356 2398 Apollinem,
1390 2356 1425 2387 id
1461 2359 1528 2396 est,
1559 2365 1628 2388 non

926 2408 1072 2447 credita,
1095 2412 1134 2439 ut
1149 2406 1353 2447 Cassandra,
1367 2407 1422 2439 cui
1438 2406 1513 2439 haec
1527 2415 1627 2448 poeua

927 2469 948 2490 a
971 2459 1102 2491 Phoebo
1127 2456 1246 2490 eodem
1267 2457 1368 2490 modo
1383 2457 1530 2499 decepto
1543 2458 1628 2489 irro-

927 2514 1007 2552 gata
1024 2514 1090 2550 est,
1111 2514 1150 2541 ut
1166 2519 1231 2541 nou
1246 2509 1279 2541 ei
1295 2508 1508 2541 crederetur.

970 2563 1032 2592 178
1054 2559 1333 2598 Dardania-{facis
1344 2559 1523 2599 explorator
1538 2566 1625 2597 oper-

926 2610 984 2652 tae]
1006 2610 1212 2643 Pontificem
1227 2610 1396 2651 designat,
1411 2607 1535 2649 cuijus
1549 2611 1626 2640 erat

927 2662 1142 2704 inspiciendi,
1166 2672 1208 2694 an
1224 2662 1380 2694 Vestales
1395 2659 1507 2701 ignem
1523 2664 1623 2692 aeter-

926 2723 1005 2744 num
1031 2712 1297 2744 conservandum
1324 2714 1496 2750 curarent,
1521 2720 1622 2752 quem

927 2773 989 2804 per
994 2764 1099 2802 facem
1113 2766 1251 2804 opertam
1266 2761 1435 2803 designat,
1449 2761 1539 2803 quod
1556 2768 1634 2793 non·

926 2813 1080 2846 clunibus
1095 2812 1222 2845 licebat
1235 2812 1329 2844 illum
1341 2811 1469 2844 videre.
