1800 3060
191 233 279 278 578

687 243 727 273 P.
760 242 955 274 nemu
989 231 1158 275 STA'ru

195 339 349 395 Scipio
370 339 435 381 sic
452 320 610 394 plenos
631 337 761 381 Latio
781 337 900 382 Jove
921 341 1082 382 ducere
1101 352 1282 382 somnos

195 409 398 452 Creditur
418 407 648 459 Ausoniis,
669 411 715 450 et
729 421 816 451 non
836 409 930 452 sine
945 408 1153 464 Apolline
1173 408 1313 463 Sylla.

198 533 404 565 caerimonias.
450 533 507 565 Sic
519 532 625 574 Scipio
639 532 678 564 ab
694 531 790 564 Italis
803 531 943 564 creditur
951 541 1009 573 per
1022 532 1156 574 quietem
1166 531 1285 564 instrui
1297 541 1318 564 a
1331 533 1412 566 Jove
1426 533 1614 576 Capitolino,
1625 536 1658 565 et

201 577 293 618 Sylla
309 586 466 618 nunquam
478 576 615 609 mesine
630 575 786 627 Apolline.

855 662 1002 696 No'rAE

238 731 302 761 292
324 727 431 770 Scipio
447 728 494 760 sic
513 729 620 769 plenos
633 728 729 760 Latio
742 729 823 761 Jove
843 729 899 760 du-

195 789 263 812 cere
285 790 406 812 somnos
425 779 574 811 Creditur
589 779 754 821 Ausoniis]
776 779 901 812 Tradit

195 830 356 862 valerius
380 830 567 871 Maximus,
586 830 783 872 Scipionem
808 830 901 863 Afri-

196 891 332 922 canum,
353 891 421 914 non
437 887 518 913 ante
533 881 577 913 ad
601 882 739 924 negotia
762 882 900 924 publica

198 934 252 965 vel
267 934 405 976 privata
431 933 545 974 ivisse,
559 943 662 975 quam
682 933 717 965 in
740 934 827 966 cella
840 934 900 967 Jo-

198 985 249 1016 vis
264 984 450 1026 Capitolini
473 989 626 1016 moratus
642 988 758 1025 esset;
774 988 811 1016 et
822 984 901 1017 ideo

197 1037 286 1069 Jove
313 1036 451 1078 genitus
485 1035 703 1068 credebatur.
746 1035 834 1068 Vide
864 1039 902 1067 et

198 1088 363 1121 Gellium.
814 1122 828 1134 .

240 1142 305 1172 293
327 1140 374 1171 Et
386 1149 448 1172 non
461 1139 529 1172 sine
540 1138 687 1181 Apolline
701 1137 809 1180 Sylla]
832 1138 899 1169 Va-

956 728 1061 761 lerius
1087 727 1282 761 Maximus:
1305 729 1315 747 ‘
1333 728 1372 762 1..
1398 727 1505 771 Sylla,
1521 726 1657 770 quoties

955 778 1111 821 praelium
1128 778 1343 811 committere
1362 775 1571 820 destinabat,
1581 787 1657 820 par-

955 839 1034 861 vum
1049 828 1218 871 Apollinis
1235 829 1366 870 signum
1381 826 1657 870 Delphis'subla-
1672 871 1676 872 ⁷

954 885 1028 913 tum
1043 880 1078 912 in
1101 885 1291 922 conspectu
1315 879 1460 912 militnm
1485 880 1659 922 complex·

955 942 1008 973 ns,
1026 932 1161 972 orabat,
1183 931 1233 964 nti
1259 932 1424 974 promissa
1444 931 1658 964 maturaret!

954 983 1046 1016 Vide
1062 983 1209 1015 eundem
1223 983 1398 1016 Valerium
1416 983 1477 1016 lib.
1492 993 1518 1016 ι.
1532 993 1608 1025 cap.
1623 986 1656 1015 2.

954 1033 1014 1066 ubi
1042 1033 1146 1067 affert
1171 1034 1270 1076 plura
1299 1035 1460 1076 exempla
1487 1033 1657 1068 simulatae

955 1085 1143 1128 religionis.

703 1295 770 1325 lv.
831 1294 900 1325 AD
931 1294 1159 1326 SOMNUM.

199 1373 362 1406 Somnum
398 1373 549 1412 invocat,
581 1377 621 1404 nt
654 1371 745 1404 illius
775 1370 944 1404 beneficio
969 1371 1110 1404 tandem
1135 1370 1316 1414 quiescere
1339 1372 1461 1415 possit,
1494 1381 1572 1406 cnm
1595 1381 1660 1415 per

242 1421 378 1459 septem
387 1415 460 1448 dies
478 1415 693 1457 totidemque
707 1422 830 1448 noctes
845 1424 911 1447 non
925 1415 1130 1448 dormiisset.

199 1492 428 1535 CR1M1NE
449 1506 540 1548 quo
559 1493 701 1535 merui
715 1492 914 1548 juvenis,
934 1484 1241 1547 placidissime
1259 1492 1443 1544 Divum,

200 1560 364 1613 Quove
384 1574 528 1603 errore
542 1561 693 1613 miser,
715 1561 847 1603 donis
866 1564 912 1602 ut
932 1561 1059 1603 solus
1077 1574 1268 1615 egerem,

199 1630 379 1679 Somne,
398 1630 515 1672 tuis?
549 1633 671 1672 tacet
687 1643 815 1672 omne
835 1642 993 1684 pecuS‚
1013 1628 1551 1688 volucresque‚·feraeque,

197 1697 257 1740 Et
276 1698 484 1741 simulant
502 1698 648 1741 fessos
669 1702 854 1750 curvata
871 1699 1104 1740 cacumina
1125 1709 1329 1740 somnos:
1508 1743 1510 1746 ,

200 1767 298 1810 Nec
318 1766 513 1809 trucibus
531 1767 682 1810 fluviis
702 1766 820 1810 idem
840 1780 978 1809 sonus
994 1780 1007 1819 ;
1039 1766 1206 1810 occidit
1223 1766 1376 1809 horror
1630 1767 1662 1808 5

198 1835 424 1891 AEquoris,
444 1839 488 1877 et
511 1836 632 1877 terris
651 1837 785 1877 maria
808 1835 1027 1878 acclinata
1044 1836 1296 1890 quiescunt.

198 1903 400 1958 Septima
406 1902 504 1958 jam
522 1903 696 1946 rediens
714 1903 884 1947 Phoebe
903 1903 1014 1947 mihi
1033 1903 1219 1959 respicit
1237 1915 1376 1958 aegras

243 2024 314 2061 Quo
327 2026 440 2058 scelere
453 2035 511 2066 ego
515 2035 654 2065 juvenis
669 2035 729 2067 quo
741 2028 864 2067 peccato
885 2025 999 2065 infelix
1012 2025 1126 2066 menti,
1141 2024 1255 2058 Somne
1266 2025 1409 2058 Deorum
1433 2023 1663 2064 munna-at

194 2067 279 2099 solus
289 2078 427 2100 carerem
441 2069 505 2100 tuis
518 2069 720 2102 muneribus?
768 2069 868 2101 Omne
879 2078 974 2110 pecus
987 2078 1118 2110 avesque
1131 2078 1170 2100 ac
1186 2067 1270 2107 feroe
1283 2068 1390 2110 silent,
1405 2070 1437 2100 et
1451 2066 1577 2099 arbores
1590 2075 1661 2098 ver-

197 2109 260 2141 tice
268 2110 417 2143 inclinato
431 2112 577 2143 videntur
588 2112 678 2154 quasi
692 2111 877 2144 lassitudine
890 2111 1035 2144 dor-mire.
1074 2112 1144 2144 Nee
1157 2113 1240 2144 idem
1254 2120 1395 2144 murmur

1408 2103 1659 2153 rapidisstnvlu,

197 2152 322 2186 Horror
336 2154 434 2187 maris
455 2155 586 2197 desedit,
604 2159 636 2187 et
649 2164 775 2197 equora
788 2155 949 2187 littoribus
963 2155 1119 2188 acclinata
1132 2155 1304 2197 quiescunt.
1347 2154 1425 2187 Jam
1437 2154 1511 2186 lum
1521 2162 1582 2195 per
1593 2161 1662 2195 sep-

856 2242 1003 2276 NOTAE
1638 2215 1647 2221 λ

240 2318 259 2347 1
281 2315 432 2358 Juvenis]
453 2316 696 2358 Benejuvem’s.
742 2317 797 2350 De
820 2327 904 2351 sene

197 2365 288 2397 enim
304 2365 340 2398 id
362 2366 484 2399 mirum
506 2377 576 2399 non
595 2373 700 2401 esset.
746 2369 904 2402 Placidi-2-

195 2416 272 2448 sime
285 2417 424 2459 Divum]
443 2418 502 2451 Sic
515 2418 684 2452 Ovidius:
707 2421 718 2438 ‘
734 2420 904 2454 Placidis-

198 2467 282 2500 sime
297 2469 423 2502 Somne
438 2470 616 2503 Deorum:

240 2521 262 2550 4
287 2519 427 2552 Cur-vata
448 2520 607 2553 cacumina
627 2521 763 2563 somnos]
786 2521 904 2554 Noctu

197 2568 288 2600 enim
298 2570 479 2602 cacumina
489 2570 649 2604 arborum
662 2577 698 2605 et
709 2573 904 2614 plantarum

198 2623 395 2658 curvantur,
419 2630 606 2663 rursusque
635 2622 679 2654 ad
707 2623 814 2655 solem
841 2623 903 2655 eri-

197 2675 336 2712 guntur.

241 2726 260 2754 5
284 2723 373 2756 Idem
386 2723 492 2765 sonus]
515 2724 629 2756 Nocte
652 2725 787 2758 scilieet
802 2735 904 2767 quam

200 2773 267 2805 die.

241 2828 262 2857 6
287 2825 397 2858 Maria
432 2826 601 2867 acclinata]
640 2827 760 2860 Poztae
798 2828 902 2861 etiam

957 2328 1054 2351 mare
1077 2318 1226 2351 dormire
1250 2316 1398 2359 fingunt,
1415 2319 1455 2349 ut
1468 2315 1571 2348 Maro
1586 2314 1662 2348 AEn.

958 2378 1010 2402 ιν.
1052 2369 1063 2387 ‘
1076 2369 1263 2412 Sylvaeque
1278 2373 1316 2401 et
1326 2377 1419 2401 saeva
1433 2366 1592 2410 quierant
1604 2365 1661 2398 ΑΕ-
1676 2368 1680 2371 “

958 2419 1090 2462 quom!

1000 2473 1021 2502 7
1044 2470 1178 2512 ΡΙιωΙιε]
1190 2469 1285 2502 Luna
1298 2478 1358 2502 seu
1367 2478 1456 2510 nox;
1479 2469 1560 2502 lum
1571 2467 1664 2500 enim

959 2531 1022 2564 pro
1038 2526 1140 2555 nocte
1155 2521 1283 2564 saepius
1297 2519 1390 2563 apud
1406 2519 1595 2560 Poetneum
1607 2528 1664 2550 sn·

959 2583 1024 2615 pra
1043 2571 1210 2615 Epicedio
1231 2573 1267 2605 in
1290 2575 1447 2614 patrem:
1471 2571 1482 2588 ‘
1498 2569 1589 2603 Nam
1606 2578 1664 2602 me

959 2627 1014 2656 ter
1043 2623 1203 2665 relegens
1232 2623 1334 2664 coelo,
1363 2625 1486 2663 terque
1519 2629 1582 2654 ora
1609 2629 1664 2652 re-

959 2679 1081 2706 texens
1097 2674 1194 2706 Luna
1208 2673 1305 2704 videt
1326 2669 1500 2703 residem!
1542 2670 1663 2717 Ejus

959 2725 1174 2767 Slus-egenas]
1197 2724 1240 2756 Id
1253 2727 1317 2766 est,
1327 2732 1395 2755 non
1407 2722 1522 2756 claudi
1534 2721 1665 2762 ocutos,

958 2777 1086 2818 quippe
1101 2775 1158 2818 qui
1173 2780 1268 2807 stent
1284 2783 1422 2816 semper
1432 2773 1556 2815 aperti.
1595 2772 1660 2804 Ge·
1680 2783 1683 2786 ·

956 2837 1014 2859 nas
1030 2836 1111 2859 vero
1127 2835 1190 2867 pro
1211 2825 1316 2859 oculis
1338 2825 1424 2858 sumi
1442 2825 1570 2858 Nostro
1584 2823 1659 2866 jam
