1800 3060
223 205 311 249 374
723 219 766 248 P.
798 218 987 250 rAmNn
1023 218 1191 250 srArn

227 314 414 365 Nectar,
434 318 478 356 et
498 315 718 367 ingentem
740 316 875 357 toties
895 316 1153 369 contingere
1175 317 1376 358 dextram

229 383 426 432 Electus,
448 395 583 436 quam
604 394 744 424 nosse
765 381 915 434 Getae,
937 396 1072 437 quam
1093 388 1272 438 tangere
1292 385 1461 436 Persae,

227 450 529 504 Armeniique,
551 449 743 505 Indique
763 452 941 505 petunt!
1001 450 1041 492 Ο
1065 451 1212 493 sidere
1233 452 1390 495 dextro

228 517 378 568 Edite,
398 517 539 559 multa
561 517 645 559 tibi
667 518 832 560 Divum
854 518 1124 572 indulgentia
1142 520 1275 563 favit!

231 587 351 629 Olim
373 587 520 637 etiam,
539 599 593 627 ne
615 587 759 640 prima
779 600 911 641 genas
930 588 1092 641 lanugo
1112 587 1304 630 nitentes

233 654 483 708 Spargeret,
504 657 549 696 et
568 653 767 709 pulchrae
785 655 984 697 fuscaret
1002 655 1146 709 gratia
1164 655 1334 707 formae,

232 722 342 776 Ipse
362 721 486 763 Deus
506 723 681 776 patriae,
704 722 873 764 celsam
893 731 1016 764 trans
1038 736 1223 777 aequora
1243 725 1374 779 liquit

233 789 509 844 Pergamon:
528 789 649 832 haud
669 790 748 832 ulli
766 804 950 844 puerum
971 792 1144 833 mollire
1164 797 1368 846 potestas

234 857 442 910 Credita3
463 857 542 900 sed
562 858 704 900 tacita
718 858 900 913 juvenis
921 859 1166 901 Phoebeius
1187 865 1282 902 arte

236 1001 446 1033 venerandam
461 1005 580 1041 nectar,
606 1005 638 1034 et
659 1003 899 1043 contingendam
913 1001 1070 1041 insignem
1083 1011 1222 1042 manum,
1237 1011 1330 1043 quom
1345 1002 1438 1034 Getoe
1459 1005 1569 1043 optant
1583 1001 1702 1040 videre,

237 1045 269 1073 et
287 1043 394 1075 Persoe
408 1044 614 1086 Armeniique
627 1055 664 1077 ac
680 1046 757 1077 Indi
768 1050 911 1085 tangere.
959 1046 989 1076 Ο
1003 1049 1077 1077 nate
1087 1046 1220 1077 secundo
1233 1050 1337 1077 astro.
1334 1043 1345 1066 ¹
1367 1046 1428 1078 Dii
1442 1049 1473 1077 te
1487 1044 1704 1083 multofuuore

235 1087 394 1126 prosecuti
407 1092 492 1121 sunt.
539 1088 626 1120 Olim
637 1089 746 1124 etiam,
761 1098 801 1119 ne
812 1089 915 1129 prima
937 1088 1051 1128 lanugo
1065 1092 1274 1129 corrumperet
1290 1089 1453 1128 fulgentes
1464 1098 1562 1128 genos
1577 1087 1705 1126 Earini,

238 1132 270 1160 et
285 1134 431 1162 venustas
445 1131 582 1171 formosi
603 1133 707 1164 vultus
729 1132 942 1171 umbrantur,
965 1132 1067 1172 ipsum
1089 1141 1201 1163 numen
1222 1131 1288 1171 ejus
1312 1132 1439 1172 patrm,
1454 1133 1596 1163 deserens
1609 1132 1707 1161 attam

239 1171 432 1215 Pergamon,
454 1174 578 1214 trajecit
592 1185 687 1208 mure.
734 1175 827 1207 Nulli
842 1175 969 1206 mortali
982 1175 1059 1206 data
1072 1178 1120 1206 est
1135 1174 1279 1214 facultas
1301 1176 1468 1207 mer-vanai
1490 1183 1632 1216 puerum,
1653 1173 1707 1204 sed

854 1268 1095 1284 θθθωθθθθκ

243 1335 352 1376 malit,
384 1336 476 1368 Clare
501 1339 680 1378 paen—66
718 1337 851 1370 Omnes
881 1337 983 1369 codd.
1009 1341 1046 1368 et
1075 1335 1154 1368 edd.
1180 1340 1266 1368 vett.
1293 1336 1469 1377 (ἕωμεν-οη
1491 1336 1596 1367 etsie
1625 1337 1709 1378 legit

244 1360 446 1410 Husc’hkius
462 1379 506 1411 ad
522 1380 649 1412 Tibull.
667 1389 691 1413 1.
721 1383 753 1414 8.
773 1383 826 1413 31.
840 1385 960 1412 contra
984 1379 1239 1420 Markiandum,
1254 1379 1311 1421 qui
1337 1379 1448 1411 edidit
1468 1379 1641 1420 spargeret
1666 1380 1709 1411 de

244 1422 461 1463 conjectura,
474 1428 514 1455 ut
525 1425 615 1465 apud
634 1424 694 1456 Sil.
709 1424 790 1456 Ital.
807 1432 874 1456 vu·
875 1426 968 1466 691.
992 1423 1047 1455 Cf.
1067 1422 1150 1454 Ace.
1178 1424 1211 1453 in
1230 1403 1361 1454 'Baccb.
1384 1431 1428 1463 ap
1433 1422 1559 1454 ..Serv
1573 1422 1616 1454 ad
1632 1422 1709 1454 AEn.

245 1473 318 1496 111.
344 1468 420 1499 605.
444 1467 561 1509 Heyn.
585 1467 668 1500 ibid.
691 1467 845 1500 Gronov.
871 1467 914 1499 ad
942 1467 1034 1499 Gen.
1052 1475 1111 1498 111.
1134 1469 1166 1497 9.
1189 1470 1224 1497 et
1247 1465 1357 1506 Orph.
1370 1464 1502 1506 Argon.
1517 1468 1594 1497 227.
1640 1466 1709 1497 Ρι·ο

236 1506 380 1546 fuscaret
401 1510 511 1550 gratia
523 1510 642 1548 sormae
672 1510 869 1544 Gronovius
895 1510 1047 1542 mavult:
1064 1509 1209 1549 fuscaret
1231 1508 1351 1549 gaudia
1364 1508 1494 1548 foma.
1537 1509 1709 1540 Domitius

907 1602 939 1635 N
945 1599 1049 1634 OTAE

243 1664 547 1707 καταῤῥοφεΐν,οιιιιι
564 1667 614 1708 hi,
629 1668 688 1710 qui
705 1668 828 1710 pocula
844 1667 951 1700 admi-
1007 1667 1114 1700 Ovid.
1143 1666 1222 1699 Art.
1252 1667 1331 1699 Am.
1358 1675 1386 1700 ι.
1430 1671 1439 1685 ¹
1453 1667 1578 1699 Forma
1607 1666 1711 1699 etiam

242 1715 437 1748 nistrabaut
452 1718 591 1760 regibus
604 1718 786 1751 Persarum
798 1723 877 1761 post
892 1729 951 1760 pa·
1006 1719 1119 1760 spatio
1148 1719 1304 1760 carpitur
1330 1719 1404 1760 ipsa
1431 1718 1519 1751 suo!
1568 1719 1611 1750 Et
1635 1719 1710 1759 pul·

244 1769 355 1797 teram
385 1773 597 1809 porrectam,
634 1778 678 1801 ex
715 1779 756 1801 ea
791 1770 951 1802 haustum
1006 1770 1090 1801 chroe
1111 1769 1256 1808 fuscaret
1293 1771 1404 1810 gratia
1421 1768 1555 1810 forma]
1598 1769 1712 1802 Fune-

246 1817 373 1858 cyatho
403 1819 518 1851 vinum
548 1820 583 1852 in
609 1821 785 1853 sinistram
815 1831 952 1853 manum

247 1875 451 1911 spargentes
477 1870 662 1905 biberent:
693 1883 736 1904 an
765 1871 804 1905 τὸ
830 1875 955 1914 κομψῶς

247 1917 412 1962 οἰνοχοεῖν,
426 1920 478 1953 καὶ
491 1924 628 1964 καθαρῶς
636 1922 771 1965 ἐγχέειν,
783 1924 874 1967 quod
887 1929 954 1965 est,

245 1971 324 2002 scite
334 1982 414 2014 pure
425 1983 543 2006 merum
551 1974 728 2015 infundere.

291 2024 333 2054 61
369 2024 535 2065 Ingentem
569 2027 732 2069 dextram]
767 2027 956 2060 Domitiani

249 2073 397 2107 scilieet.

293 2127 337 2157 62
363 2126 471 2168 Getoe]
493 2127 620 2170 Populi
635 2130 803 2162 Thraciae.
831 2130 956 2172 Persae]

250 2176 432 2210 Notissimi
453 2178 609 2213 Orientis
634 2182 765 2223 populi,
779 2182 838 2224 qui
852 2191 957 2224 quon-

252 2225 331 2259 dam
361 2237 528 2262 summam
556 2240 671 2264 rerum
696 2232 732 2264 in
756 2231 841 2264 Asia
869 2232 957 2264 obti-

252 2283 415 2318 nuerunt,
429 2284 466 2312 et
475 2290 565 2314 nunc
580 2292 716 2326 quoque
730 2284 856 2326 partim
870 2283 959 2316 obti-

253 2333 352 2362 nent.

297 2383 340 2412 63
373 2380 534 2425 Armenii]
566 2382 660 2418 Asiae
699 2385 816 2427 populi
852 2394 961 2427 prope

256 2432 492 2474 Cappadocas,
504 2445 590 2477 quos
601 2436 731 2469 habent
745 2437 788 2469 ad
803 2435 962 2469 occiden-

256 2487 342 2524 tem,
356 2486 462 2525 etqui
478 2486 522 2517 ad
535 2486 699 2528 Caspium
710 2497 802 2519 mare
814 2486 889 2518 fere
903 2496 961 2518 ex-

257 2535 456 2571 tendamur.
502 2536 594 2578 Indi]
618 2538 742 2579 Populi
757 2537 878 2569 Indiae.

301 2587 345 2618 66
367 2586 541 2628 Spargeret
564 2588 748 2629 [Carperet]
772 2586 962 2628 ‘Carpere’

259 2637 405 2669 sumitur
430 2637 486 2669 hic
511 2647 572 2679 pro
587 2638 755 2680 minuere,
768 2642 963 2678 attenuare,

259 2686 439 2727 ἀμείβεο-θαι
451 2688 583 2729 Soloni,
611 2689 737 2729 λωβεῖν,
752 2688 962 2728 λυμαίνεσθαι.

260 2738 311 2770 Ut
324 2739 493 2780 Virgilio:
518 2739 527 2756 ‘
541 2739 662 2781 Carpit
677 2740 765 2771 enim
781 2741 868 2771 vires
881 2749 964 2781 pau·

258 2789 368 2828 latim,
382 2790 518 2832 uritque
535 2790 680 2822 videndo
694 2790 870 2824 Foemina.¹
920 2790 965 2821 Et

1006 1824 1060 1853 tur
1085 1821 1279 1863 legendum,
1304 1821 1353 1852 ait
1379 1820 1566 1862 Domitius,
1586 1820 1622 1853 id
1645 1824 1713 1858 est,

1009 1871 1197 1903 umbretur.
1218 1871 1350 1903 Eodem
1363 1872 1470 1903 verbo
1483 1872 1592 1904 utitur
1606 1870 1712 1903 Ovid.

1007 1922 1112 1954 Trist.
1135 1931 1161 1954 1.
1184 1925 1216 1954 2.
1251 1922 1440 1954 ‘Fuseandi
1462 1932 1544 1954 cura
1565 1921 1714 1954 coloris!

1010 1974 1057 2005 Et
1079 1973 1239 2004 Lucanus
1266 1972 1326 2006 lib.
1349 1981 1387 2005 x.
1429 1972 1628 2014 ‘hanugine
1644 1982 1714 2004 ma·

1009 2023 1059 2055 las
1089 2022 1272 2055 fuscante!
1315 2023 1478 2056 Ceterum
1510 2022 1549 2054 τὸ
1583 2023 1716 2063 fuscare

1007 2075 1064 2107 hie
1081 2075 1216 2116 passive
1235 2075 1391 2107 sumitur.
1435 2074 1564 2106 Gaudia
1582 2074 1719 2116 foma]

1012 2126 1062 2157 Ut
1073 2125 1116 2158 de
1128 2126 1382 2167 Parthenopaeo
1391 2125 1502 2158 Theb.
1515 2135 1564 2158 vr.
1583 2125 1593 2142 ‘
1605 2126 1715 2157 Mem-

1012 2177 1219 2218 brorumque
1235 2177 1344 2208 omnis
1357 2182 1482 2218 aperta
1492 2182 1544 2209 est
1555 2176 1718 2209 Laetitia)

1014 2228 1183 2270 Apuleius
1208 2228 1326 2260 Miies.
1347 2227 1409 2260 lib.
1435 2236 1479 2259 u.
1515 2227 1589 2260 ‘Ut
1603 2227 1716 2259 adhae-

1013 2289 1091 2312 rens
1108 2279 1264 2321 pressule
1289 2278 1444 2321 (pallium
1462 2277 1720 2320 bombycinum)

1013 2330 1241 2363 membrorum
1265 2331 1478 2372 voluptatem
1497 2329 1660 2372 graphice
1675 2330 1715 2361 li·

1014 2381 1150 2414 uiaret!

1057 2436 1099 2465 67
1124 2434 1216 2465 Deus
1235 2431 1368 2473 putrioe]
1394 2431 1606 2474 AEoculapiua
1631 2431 1716 2462 Per-

1015 2493 1166 2526 gameus.

1059 2537 1102 2566 69
1126 2534 1260 2565 Juvenis
1287 2533 1467 2575 Phoebeim]
1503 2533 1718 2574 AEaculapins

1014 2584 1106 2618 filius
1126 2585 1260 2616 Phoebi.
1308 2584 1418 2616 Tacita
1432 2586 1501 2616 ane
1511 2584 1635 2624 leniter,
1648 2584 1719 2625 mu]

1017 2635 1116 2668 Dicit
1146 2639 1242 2666 tanta
1272 2639 1359 2675 arte,
1387 2638 1425 2666 et
1451 2639 1548 2666 tanta
1574 2634 1717 2666 lenitate

1016 2692 1113 2719 secta
1143 2687 1253 2718 virilia
1273 2685 1413 2727 Earino,
1433 2689 1472 2718 ut
1496 2686 1553 2718 vix
1567 2686 1719 2718 dolorem

1018 2737 1174 2770 senserit.
