<?xml version="1.0" encoding="UTF-8"?>
<!DOCTYPE html PUBLIC "-//W3C//DTD XHTML 1.0 Transitional//EN"
    "http://www.w3.org/TR/xhtml1/DTD/xhtml1-transitional.dtd">
<html xmlns="http://www.w3.org/1999/xhtml" xml:lang="en" lang="en">
 <head>
  <title>
</title>
<meta http-equiv="Content-Type" content="text/html;charset=utf-8" />
  <meta name='ocr-system' content='tesseract 3.04.00' />
  <meta name='ocr-capabilities' content='ocr_page ocr_carea ocr_par ocr_line ocrx_word'/>
</head>
<body>
  <div class='ocr_page' id='page_1' title='image "./operaomniaexedit01statuoft_0044.png"; bbox 0 0 1800 3060; ppageno 0'>
   <div class='ocr_carea' id='block_1_1' title="bbox 245 181 1292 226">
    <p class='ocr_par' dir='ltr' id='par_1_1' title="bbox 245 181 1292 226">
     <span class='ocr_line' id='line_1_1' title="bbox 245 181 1292 226; baseline 0.004 -4"><span class='ocrx_word' id='word_1_1' title='bbox 245 181 302 222; x_wconf 82' lang='lat'>34</span> <span class='ocrx_word' id='word_1_2' title='bbox 671 191 947 225; x_wconf 81' lang='lat' dir='ltr'>AucroRUM</span> <span class='ocrx_word' id='word_1_3' title='bbox 980 193 1292 226; x_wconf 69' lang='lat' dir='ltr'>&#39;resrrMONrA</span> 
     </span>
    </p>
   </div>
   <div class='ocr_carea' id='block_1_2' title="bbox 349 287 1604 334">
    <p class='ocr_par' dir='ltr' id='par_1_2' title="bbox 349 287 1604 334">
     <span class='ocr_line' id='line_1_2' title="bbox 349 287 1604 334; baseline 0.002 -3"><span class='ocrx_word' id='word_1_4' title='bbox 349 288 643 332; x_wconf 77' lang='lat' dir='ltr'>continuator</span> <span class='ocrx_word' id='word_1_5' title='bbox 665 287 869 332; x_wconf 80' lang='lat' dir='ltr'>Matthaei</span> <span class='ocrx_word' id='word_1_6' title='bbox 889 289 1065 332; x_wconf 88' lang='lat' dir='ltr'><strong>Parisii.</strong></span> <span class='ocrx_word' id='word_1_7' title='bbox 1125 290 1179 332; x_wconf 90' lang='lat' dir='ltr'>In</span> <span class='ocrx_word' id='word_1_8' title='bbox 1200 289 1330 333; x_wconf 91' lang='lat' dir='ltr'>Anno</span> <span class='ocrx_word' id='word_1_9' title='bbox 1351 303 1406 333; x_wconf 82' lang='lat' dir='ltr'>M.</span> <span class='ocrx_word' id='word_1_10' title='bbox 1427 302 1498 334; x_wconf 86' lang='lat' dir='ltr'>cc.</span> <span class='ocrx_word' id='word_1_11' title='bbox 1519 303 1604 334; x_wconf 67' lang='grc' dir='ltr'>ιιι.</span> 
     </span>
    </p>
   </div>
   <div class='ocr_carea' id='block_1_3' title="bbox 238 367 1706 560">
    <p class='ocr_par' dir='ltr' id='par_1_3' title="bbox 238 367 1706 560">
     <span class='ocr_line' id='line_1_3' title="bbox 306 367 1706 426; baseline 0.004 -17"><span class='ocrx_word' id='word_1_12' title='bbox 306 367 437 409; x_wconf 91' lang='lat' dir='ltr'>Nunc</span> <span class='ocrx_word' id='word_1_13' title='bbox 459 381 558 410; x_wconf 87' lang='lat' dir='ltr'>cum</span> <span class='ocrx_word' id='word_1_14' title='bbox 579 368 623 409; x_wconf 91' lang='lat' dir='ltr'>in</span> <span class='ocrx_word' id='word_1_15' title='bbox 643 380 690 408; x_wconf 89' lang='lat' dir='ltr'>se</span> <span class='ocrx_word' id='word_1_16' title='bbox 709 369 970 410; x_wconf 87' lang='lat' dir='ltr'>tenebrosus</span> <span class='ocrx_word' id='word_1_17' title='bbox 1002 369 1059 410; x_wconf 91' lang='lat' dir='ltr'>sit</span> <span class='ocrx_word' id='word_1_18' title='bbox 1085 370 1162 423; x_wconf 91' lang='lat' dir='ltr'>qui</span> <span class='ocrx_word' id='word_1_19' title='bbox 1183 382 1263 411; x_wconf 86' lang='lat' dir='ltr'>rex</span> <span class='ocrx_word' id='word_1_20' title='bbox 1283 371 1541 425; x_wconf 86' lang='lat' dir='ltr'>appellatur,</span> <span class='ocrx_word' id='word_1_21' title='bbox 1563 372 1706 426; x_wconf 89' lang='lat' dir='ltr'>quali-</span> 
     </span>
     <span class='ocr_line' id='line_1_4' title="bbox 249 434 1706 482; baseline 0.003 -5"><span class='ocrx_word' id='word_1_22' title='bbox 249 440 315 477; x_wconf 87' lang='lat' dir='ltr'>ter</span> <span class='ocrx_word' id='word_1_23' title='bbox 346 435 613 477; x_wconf 85' lang='lat' dir='ltr'>illuminabit</span> <span class='ocrx_word' id='word_1_24' title='bbox 645 434 940 478; x_wconf 78' lang='lat' dir='ltr'>obfuscatos&#39;l</span> <span class='ocrx_word' id='word_1_25' title='bbox 971 435 1101 478; x_wconf 84' lang='lat' dir='ltr'><strong>Unde</strong></span> <span class='ocrx_word' id='word_1_26' title='bbox 1133 437 1333 480; x_wconf 83' lang='lat' dir='ltr'>Statius:</span> <span class='ocrx_word' id='word_1_27' title='bbox 1365 442 1377 462; x_wconf 89' lang='lat'>‘</span> <span class='ocrx_word' id='word_1_28' title='bbox 1399 438 1528 482; x_wconf 85' lang='lat' dir='ltr'>Tunc</span> <span class='ocrx_word' id='word_1_29' title='bbox 1559 441 1706 482; x_wconf 86' lang='lat' dir='ltr'>omnia</span> 
     </span>
     <span class='ocr_line' id='line_1_5' title="bbox 238 502 1250 560; baseline 0 -14"><span class='ocrx_word' id='word_1_30' title='bbox 238 504 340 560; x_wconf 74' lang='lat' dir='ltr'>Jure</span> <span class='ocrx_word' id='word_1_31' title='bbox 360 503 534 546; x_wconf 84' lang='lat' dir='ltr'>tenebis</span> <span class='ocrx_word' id='word_1_32' title='bbox 555 502 667 545; x_wconf 91' lang='lat' dir='ltr'>Cum</span> <span class='ocrx_word' id='word_1_33' title='bbox 687 504 853 558; x_wconf 88' lang='lat' dir='ltr'>poteris</span> <span class='ocrx_word' id='word_1_34' title='bbox 875 503 979 545; x_wconf 85' lang='lat' dir='ltr'>Rex</span> <span class='ocrx_word' id='word_1_35' title='bbox 993 516 1094 545; x_wconf 89' lang='lat' dir='ltr'>esse</span> <span class='ocrx_word' id='word_1_36' title='bbox 1114 504 1250 546; x_wconf 88' lang='lat' dir='ltr'>tuis.&#39;²</span> 
     </span>
    </p>
   </div>
   <div class='ocr_carea' id='block_1_4' title="bbox 674 601 1264 657">
    <p class='ocr_par' dir='ltr' id='par_1_4' title="bbox 674 601 1264 657">
     <span class='ocr_line' id='line_1_6' title="bbox 674 601 1264 657; baseline 0.003 -14"><span class='ocrx_word' id='word_1_37' title='bbox 674 601 956 643; x_wconf 85' lang='lat' dir='ltr'>Everhardus</span> <span class='ocrx_word' id='word_1_38' title='bbox 978 602 1264 657; x_wconf 86' lang='lat' dir='ltr'>Labyrintho.</span> 
     </span>
    </p>
   </div>
   <div class='ocr_carea' id='block_1_5' title="bbox 361 685 1548 812">
    <p class='ocr_par' dir='ltr' id='par_1_5' title="bbox 361 685 1548 812">
     <span class='ocr_line' id='line_1_7' title="bbox 361 685 1342 741; baseline 0 -11"><span class='ocrx_word' id='word_1_39' title='bbox 361 686 536 730; x_wconf 83' lang='lat' dir='ltr'>Statius</span> <span class='ocrx_word' id='word_1_40' title='bbox 557 685 727 741; x_wconf 91' lang='lat' dir='ltr'>eloquii</span> <span class='ocrx_word' id='word_1_41' title='bbox 742 685 970 740; x_wconf 87' lang='lat' dir='ltr'>jucundus</span> <span class='ocrx_word' id='word_1_42' title='bbox 988 686 1132 737; x_wconf 90' lang='lat' dir='ltr'>melle,</span> <span class='ocrx_word' id='word_1_43' title='bbox 1155 686 1342 730; x_wconf 90' lang='lat' dir='ltr'>duorum</span> 
     </span>
     <span class='ocr_line' id='line_1_8' title="bbox 476 753 1548 812; baseline 0.005 -17"><span class='ocrx_word' id='word_1_44' title='bbox 476 753 615 796; x_wconf 91' lang='lat' dir='ltr'>Arma</span> <span class='ocrx_word' id='word_1_45' title='bbox 636 754 758 808; x_wconf 86' lang='lat' dir='ltr'>capit</span> <span class='ocrx_word' id='word_1_46' title='bbox 782 753 980 805; x_wconf 86' lang='lat' dir='ltr'>fratrum,</span> <span class='ocrx_word' id='word_1_47' title='bbox 1002 755 1086 796; x_wconf 93' lang='lat' dir='ltr'>sub</span> <span class='ocrx_word' id='word_1_48' title='bbox 1108 755 1223 798; x_wconf 91' lang='lat' dir='ltr'>duce</span> <span class='ocrx_word' id='word_1_49' title='bbox 1244 769 1433 812; x_wconf 79' lang='lat' dir='ltr'>quaeque</span> <span class='ocrx_word' id='word_1_50' title='bbox 1453 770 1548 801; x_wconf 89' lang='lat' dir='ltr'>suo.</span> 
     </span>
    </p>
   </div>
   <div class='ocr_carea' id='block_1_6' title="bbox 762 853 1192 908">
    <p class='ocr_par' dir='ltr' id='par_1_6' title="bbox 762 853 1192 908">
     <span class='ocr_line' id='line_1_9' title="bbox 762 853 1192 908; baseline 0 -13"><span class='ocrx_word' id='word_1_51' title='bbox 762 853 879 895; x_wconf 91' lang='lat' dir='ltr'>Ibid.</span> <span class='ocrx_word' id='word_1_52' title='bbox 900 854 1055 908; x_wconf 84' lang='lat' dir='ltr'>paullo</span> <span class='ocrx_word' id='word_1_53' title='bbox 1075 859 1192 897; x_wconf 87' lang='lat' dir='ltr'>ante.</span> 
     </span>
    </p>
   </div>
   <div class='ocr_carea' id='block_1_7' title="bbox 362 937 1356 1060">
    <p class='ocr_par' dir='ltr' id='par_1_7' title="bbox 362 937 1356 1060">
     <span class='ocr_line' id='line_1_10' title="bbox 362 937 1356 983; baseline 0.002 -2"><span class='ocrx_word' id='word_1_54' title='bbox 362 938 533 981; x_wconf 86' lang='lat' dir='ltr'>Statius</span> <span class='ocrx_word' id='word_1_55' title='bbox 554 937 789 979; x_wconf 90' lang='lat' dir='ltr'>AEacidem</span> <span class='ocrx_word' id='word_1_56' title='bbox 811 940 1000 979; x_wconf 90' lang='lat' dir='ltr'>stantem</span> <span class='ocrx_word' id='word_1_57' title='bbox 1015 939 1137 981; x_wconf 90' lang='lat' dir='ltr'>cultu</span> <span class='ocrx_word' id='word_1_58' title='bbox 1154 940 1356 983; x_wconf 88' lang='lat' dir='ltr'>muliebri</span> 
     </span>
     <span class='ocr_line' id='line_1_11' title="bbox 476 1005 1243 1060; baseline -0.001 -12"><span class='ocrx_word' id='word_1_59' title='bbox 476 1005 695 1048; x_wconf 89' lang='lat' dir='ltr'>Virtutem</span> <span class='ocrx_word' id='word_1_60' title='bbox 715 1005 865 1060; x_wconf 86' lang='lat' dir='ltr'>prodit</span> <span class='ocrx_word' id='word_1_61' title='bbox 885 1006 1124 1049; x_wconf 90' lang='lat' dir='ltr'>calliditate</span> <span class='ocrx_word' id='word_1_62' title='bbox 1146 1008 1243 1050; x_wconf 86' lang='lat' dir='ltr'>viri.</span> 
     </span>
    </p>
   </div>
   <div class='ocr_carea' id='block_1_8' title="bbox 631 1084 1320 1158">
    <p class='ocr_par' dir='ltr' id='par_1_8' title="bbox 631 1084 1320 1158">
     <span class='ocr_line' id='line_1_12' title="bbox 631 1084 1320 1158; baseline 0.003 -15"><span class='ocrx_word' id='word_1_63' title='bbox 631 1084 782 1143; x_wconf 81' lang='lat' dir='ltr'>Nicol.</span> <span class='ocrx_word' id='word_1_64' title='bbox 805 1101 1089 1157; x_wconf 80' lang='lat' dir='ltr'>Clemangius</span> <span class='ocrx_word' id='word_1_65' title='bbox 1110 1102 1253 1158; x_wconf 84' lang='lat' dir='ltr'>Epist.</span> <span class='ocrx_word' id='word_1_66' title='bbox 1277 1114 1320 1144; x_wconf 87' lang='lat' dir='ltr'>v.</span> 
     </span>
    </p>
   </div>
   <div class='ocr_carea' id='block_1_9' title="bbox 245 1180 1704 1372">
    <p class='ocr_par' dir='ltr' id='par_1_9' title="bbox 245 1180 1704 1372">
     <span class='ocr_line' id='line_1_13' title="bbox 305 1180 1701 1234; baseline 0.002 -11"><span class='ocrx_word' id='word_1_67' title='bbox 305 1181 476 1223; x_wconf 87' lang='lat' dir='ltr'>Statius</span> <span class='ocrx_word' id='word_1_68' title='bbox 503 1180 722 1234; x_wconf 85' lang='lat' dir='ltr'>Papinius</span> <span class='ocrx_word' id='word_1_69' title='bbox 756 1183 952 1223; x_wconf 91' lang='lat' dir='ltr'>omnium</span> <span class='ocrx_word' id='word_1_70' title='bbox 986 1183 1097 1224; x_wconf 91' lang='lat' dir='ltr'>inter</span> <span class='ocrx_word' id='word_1_71' title='bbox 1131 1182 1358 1224; x_wconf 90' lang='lat' dir='ltr'>Heroicos</span> <span class='ocrx_word' id='word_1_72' title='bbox 1390 1182 1594 1234; x_wconf 80' lang='lat' dir='ltr'>LatinOS,</span> <span class='ocrx_word' id='word_1_73' title='bbox 1612 1196 1701 1227; x_wconf 92' lang='lat' dir='ltr'>uno</span> 
     </span>
     <span class='ocr_line' id='line_1_14' title="bbox 245 1248 1704 1306; baseline 0.001 -16"><span class='ocrx_word' id='word_1_74' title='bbox 245 1254 438 1304; x_wconf 90' lang='lat' dir='ltr'>excepto</span> <span class='ocrx_word' id='word_1_75' title='bbox 470 1248 673 1302; x_wconf 87' lang='lat' dir='ltr'>Virgilio,</span> <span class='ocrx_word' id='word_1_76' title='bbox 705 1249 1018 1302; x_wconf 86' lang='lat' dir='ltr'>gravissimus:</span> <span class='ocrx_word' id='word_1_77' title='bbox 1070 1249 1493 1306; x_wconf 86' lang='lat' dir='ltr'>studiosissimaque</span> <span class='ocrx_word' id='word_1_78' title='bbox 1526 1249 1704 1305; x_wconf 87' lang='lat' dir='ltr'>Virgilii</span> 
     </span>
     <span class='ocr_line' id='line_1_15' title="bbox 245 1316 1041 1372; baseline -0.001 -13"><span class='ocrx_word' id='word_1_79' title='bbox 245 1318 513 1368; x_wconf 87' lang='lat' dir='ltr'>imitatione,</span> <span class='ocrx_word' id='word_1_80' title='bbox 532 1317 640 1359; x_wconf 86' lang='lat' dir='ltr'>alter</span> <span class='ocrx_word' id='word_1_81' title='bbox 658 1317 789 1371; x_wconf 87' lang='lat' dir='ltr'>quasi</span> <span class='ocrx_word' id='word_1_82' title='bbox 807 1316 1041 1372; x_wconf 86' lang='lat' dir='ltr'>Virgilius.</span> 
     </span>
    </p>
   </div>
   <div class='ocr_carea' id='block_1_10' title="bbox 357 1422 1589 1475">
    <p class='ocr_par' dir='ltr' id='par_1_10' title="bbox 357 1422 1589 1475">
     <span class='ocr_line' id='line_1_16' title="bbox 357 1422 1589 1475; baseline -0.002 -10"><span class='ocrx_word' id='word_1_83' title='bbox 357 1423 387 1465; x_wconf 87' lang='lat' dir='ltr'><strong>J</strong></span> <span class='ocrx_word' id='word_1_84' title='bbox 391 1436 557 1465; x_wconf 89' lang='lat' dir='ltr'>oannes</span> <span class='ocrx_word' id='word_1_85' title='bbox 579 1423 840 1475; x_wconf 87' lang='lat' dir='ltr'>Boccatius,</span> <span class='ocrx_word' id='word_1_86' title='bbox 862 1422 1046 1466; x_wconf 87' lang='lat' dir='ltr'>Geneal.</span> <span class='ocrx_word' id='word_1_87' title='bbox 1068 1423 1205 1466; x_wconf 89' lang='lat' dir='ltr'>Deor.</span> <span class='ocrx_word' id='word_1_88' title='bbox 1225 1423 1302 1465; x_wconf 90' lang='lat' dir='ltr'>lib.</span> <span class='ocrx_word' id='word_1_89' title='bbox 1329 1433 1443 1465; x_wconf 86' lang='lat' dir='ltr'>xlv.</span> <span class='ocrx_word' id='word_1_90' title='bbox 1458 1436 1497 1465; x_wconf 93' lang='lat' dir='ltr'>c.</span> <span class='ocrx_word' id='word_1_91' title='bbox 1518 1423 1589 1465; x_wconf 77' lang='lat'>20.</span> 
     </span>
    </p>
   </div>
   <div class='ocr_carea' id='block_1_11' title="bbox 246 1507 1703 1618">
    <p class='ocr_par' dir='ltr' id='par_1_11' title="bbox 246 1507 1703 1618">
     <span class='ocr_line' id='line_1_17' title="bbox 301 1507 1703 1563; baseline 0 -13"><span class='ocrx_word' id='word_1_92' title='bbox 301 1507 568 1559; x_wconf 89' lang='lat' dir='ltr'>Hesiodum,</span> <span class='ocrx_word' id='word_1_93' title='bbox 591 1507 864 1563; x_wconf 89' lang='lat' dir='ltr'>Euripidem,</span> <span class='ocrx_word' id='word_1_94' title='bbox 881 1507 1090 1559; x_wconf 88' lang='lat' dir='ltr'>Statium,</span> <span class='ocrx_word' id='word_1_95' title='bbox 1108 1507 1418 1559; x_wconf 87' lang='lat' dir='ltr'>Claudianum,</span> <span class='ocrx_word' id='word_1_96' title='bbox 1430 1507 1703 1562; x_wconf 90' lang='lat' dir='ltr'>conspicuos</span> 
     </span>
     <span class='ocr_line' id='line_1_18' title="bbox 246 1579 387 1618; baseline -0.007 0"><span class='ocrx_word' id='word_1_97' title='bbox 246 1579 387 1618; x_wconf 85' lang='lat' dir='ltr'>vates.</span> 
     </span>
    </p>
   </div>
   <div class='ocr_carea' id='block_1_12' title="bbox 288 1673 1660 1731">
    <p class='ocr_par' dir='ltr' id='par_1_12' title="bbox 288 1673 1660 1731">
     <span class='ocr_line' id='line_1_19' title="bbox 288 1673 1660 1731; baseline 0 -15"><span class='ocrx_word' id='word_1_98' title='bbox 288 1673 541 1717; x_wconf 90' lang='lat' dir='ltr'>Rodericus</span> <span class='ocrx_word' id='word_1_99' title='bbox 563 1673 861 1725; x_wconf 88' lang='lat' dir='ltr'>Zamorensis,</span> <span class='ocrx_word' id='word_1_100' title='bbox 878 1673 1074 1728; x_wconf 90' lang='lat' dir='ltr'>Speculo</span> <span class='ocrx_word' id='word_1_101' title='bbox 1095 1673 1219 1717; x_wconf 78' lang='lat' dir='ltr'>Vitae</span> <span class='ocrx_word' id='word_1_102' title='bbox 1240 1674 1479 1726; x_wconf 87' lang='lat' dir='ltr'>Humanae,</span> <span class='ocrx_word' id='word_1_103' title='bbox 1499 1688 1598 1731; x_wconf 90' lang='lat' dir='ltr'>cap.</span> <span class='ocrx_word' id='word_1_104' title='bbox 1618 1676 1660 1718; x_wconf 87' lang='grc'>3.</span> 
     </span>
    </p>
   </div>
   <div class='ocr_carea' id='block_1_13' title="bbox 243 1750 1705 2075">
    <p class='ocr_par' dir='ltr' id='par_1_13' title="bbox 243 1750 1705 2075">
     <span class='ocr_line' id='line_1_20' title="bbox 303 1750 1702 1807; baseline 0.001 -13"><span class='ocrx_word' id='word_1_105' title='bbox 303 1753 425 1794; x_wconf 92' lang='lat' dir='ltr'>Hinc</span> <span class='ocrx_word' id='word_1_106' title='bbox 447 1752 620 1794; x_wconf 88' lang='lat' dir='ltr'>Seneca</span> <span class='ocrx_word' id='word_1_107' title='bbox 635 1755 784 1794; x_wconf 88' lang='lat' dir='ltr'>noster</span> <span class='ocrx_word' id='word_1_108' title='bbox 804 1750 1104 1794; x_wconf 82' lang='lat' dir='ltr'>Cordubensis</span> <span class='ocrx_word' id='word_1_109' title='bbox 1119 1765 1199 1807; x_wconf 91' lang='lat' dir='ltr'>pro</span> <span class='ocrx_word' id='word_1_110' title='bbox 1220 1754 1435 1795; x_wconf 90' lang='lat' dir='ltr'>immenso</span> <span class='ocrx_word' id='word_1_111' title='bbox 1456 1766 1504 1795; x_wconf 87' lang='lat' dir='ltr'>se</span> <span class='ocrx_word' id='word_1_112' title='bbox 1523 1767 1702 1796; x_wconf 89' lang='lat' dir='ltr'>munere</span> 
     </span>
     <span class='ocr_line' id='line_1_21' title="bbox 243 1818 1704 1875; baseline 0 -12"><span class='ocrx_word' id='word_1_113' title='bbox 243 1821 494 1863; x_wconf 87' lang='lat' dir='ltr'>habiturum</span> <span class='ocrx_word' id='word_1_114' title='bbox 514 1820 697 1874; x_wconf 85' lang='lat' dir='ltr'>gratiam</span> <span class='ocrx_word' id='word_1_115' title='bbox 729 1824 775 1861; x_wconf 91' lang='lat' dir='ltr'>et</span> <span class='ocrx_word' id='word_1_116' title='bbox 805 1818 969 1861; x_wconf 90' lang='lat' dir='ltr'>famam</span> <span class='ocrx_word' id='word_1_117' title='bbox 991 1820 1113 1874; x_wconf 89' lang='lat' dir='ltr'>apud</span> <span class='ocrx_word' id='word_1_118' title='bbox 1133 1825 1339 1875; x_wconf 88' lang='lat' dir='ltr'>posteros</span> <span class='ocrx_word' id='word_1_119' title='bbox 1358 1821 1638 1875; x_wconf 88' lang='lat' dir='ltr'>precabatur,</span> <span class='ocrx_word' id='word_1_120' title='bbox 1659 1825 1704 1863; x_wconf 88' lang='lat' dir='ltr'>et</span> 
     </span>
     <span class='ocr_line' id='line_1_22' title="bbox 245 1886 1705 1943; baseline -0.001 -12"><span class='ocrx_word' id='word_1_121' title='bbox 245 1889 415 1932; x_wconf 89' lang='lat' dir='ltr'>Statius</span> <span class='ocrx_word' id='word_1_122' title='bbox 436 1890 698 1943; x_wconf 84' lang='lat' dir='ltr'>praesentem</span> <span class='ocrx_word' id='word_1_123' title='bbox 725 1887 904 1929; x_wconf 84' lang='lat' dir='ltr'>honoris</span> <span class='ocrx_word' id='word_1_124' title='bbox 936 1891 981 1928; x_wconf 92' lang='lat' dir='ltr'>et</span> <span class='ocrx_word' id='word_1_125' title='bbox 1008 1886 1139 1929; x_wconf 77' lang='lat' dir='ltr'>famae</span> <span class='ocrx_word' id='word_1_126' title='bbox 1158 1887 1343 1942; x_wconf 88' lang='lat' dir='ltr'>gloriam</span> <span class='ocrx_word' id='word_1_127' title='bbox 1361 1888 1599 1942; x_wconf 86' lang='lat' dir='ltr'>benignum</span> <span class='ocrx_word' id='word_1_128' title='bbox 1619 1889 1705 1930; x_wconf 89' lang='lat' dir='ltr'>iter</span> 
     </span>
     <span class='ocr_line' id='line_1_23' title="bbox 247 1954 1702 2010; baseline -0.001 -12"><span class='ocrx_word' id='word_1_129' title='bbox 247 1956 470 2010; x_wconf 86' lang='lat' dir='ltr'>Operibus</span> <span class='ocrx_word' id='word_1_130' title='bbox 510 1956 604 1998; x_wconf 87' lang='lat' dir='ltr'>suis</span> <span class='ocrx_word' id='word_1_131' title='bbox 641 1955 698 1996; x_wconf 88' lang='lat' dir='ltr'>ad</span> <span class='ocrx_word' id='word_1_132' title='bbox 732 1959 935 2009; x_wconf 89' lang='lat' dir='ltr'>posteros</span> <span class='ocrx_word' id='word_1_133' title='bbox 969 1955 1184 1997; x_wconf 88' lang='lat' dir='ltr'>stravisse</span> <span class='ocrx_word' id='word_1_134' title='bbox 1210 1955 1398 2005; x_wconf 86' lang='lat' dir='ltr'>dicebat,</span> <span class='ocrx_word' id='word_1_135' title='bbox 1430 1959 1474 1996; x_wconf 90' lang='lat' dir='ltr'>et</span> <span class='ocrx_word' id='word_1_136' title='bbox 1513 1954 1702 1998; x_wconf 86' lang='lat' dir='ltr'>Ovidius</span> 
     </span>
     <span class='ocr_line' id='line_1_24' title="bbox 246 2021 1414 2075; baseline -0.003 -9"><span class='ocrx_word' id='word_1_137' title='bbox 246 2023 393 2075; x_wconf 87' lang='lat' dir='ltr'>Naso,</span> <span class='ocrx_word' id='word_1_138' title='bbox 414 2023 501 2066; x_wconf 90' lang='lat' dir='ltr'>sibi</span> <span class='ocrx_word' id='word_1_139' title='bbox 522 2035 683 2065; x_wconf 88' lang='lat' dir='ltr'>nomen</span> <span class='ocrx_word' id='word_1_140' title='bbox 701 2022 935 2064; x_wconf 91' lang='lat' dir='ltr'>indelebile</span> <span class='ocrx_word' id='word_1_141' title='bbox 954 2021 1149 2064; x_wconf 88' lang='lat' dir='ltr'>futurum</span> <span class='ocrx_word' id='word_1_142' title='bbox 1165 2021 1414 2064; x_wconf 78' lang='lat' dir='ltr'>laetabatur.</span> 
     </span>
    </p>
   </div>
   <div class='ocr_carea' id='block_1_14' title="bbox 319 2115 1646 2173">
    <p class='ocr_par' dir='ltr' id='par_1_14' title="bbox 319 2115 1646 2173">
     <span class='ocr_line' id='line_1_25' title="bbox 319 2115 1646 2173; baseline -0.005 -12"><span class='ocrx_word' id='word_1_143' title='bbox 319 2119 437 2173; x_wconf 88' lang='lat' dir='ltr'>Ang.</span> <span class='ocrx_word' id='word_1_144' title='bbox 458 2118 752 2161; x_wconf 89' lang='lat' dir='ltr'>Decembrius</span> <span class='ocrx_word' id='word_1_145' title='bbox 774 2118 830 2159; x_wconf 90' lang='lat' dir='ltr'>de</span> <span class='ocrx_word' id='word_1_146' title='bbox 850 2117 1021 2159; x_wconf 89' lang='lat' dir='ltr'>Politia</span> <span class='ocrx_word' id='word_1_147' title='bbox 1042 2117 1293 2159; x_wconf 87' lang='lat' dir='ltr'>Literarum</span> <span class='ocrx_word' id='word_1_148' title='bbox 1312 2116 1342 2157; x_wconf 90' lang='lat'>1.</span> <span class='ocrx_word' id='word_1_149' title='bbox 1364 2127 1397 2156; x_wconf 90' lang='lat'>1.</span> <span class='ocrx_word' id='word_1_150' title='bbox 1416 2129 1460 2170; x_wconf 91' lang='lat' dir='ltr'>p.</span> <span class='ocrx_word' id='word_1_151' title='bbox 1481 2115 1554 2158; x_wconf 79' lang='lat'>29.</span> <span class='ocrx_word' id='word_1_152' title='bbox 1573 2117 1646 2158; x_wconf 88' lang='grc'>30.</span> 
     </span>
    </p>
   </div>
   <div class='ocr_carea' id='block_1_15' title="bbox 243 2193 1703 2516">
    <p class='ocr_par' dir='ltr' id='par_1_15' title="bbox 243 2193 1703 2516">
     <span class='ocr_line' id='line_1_26' title="bbox 303 2193 1703 2250; baseline -0.002 -11"><span class='ocrx_word' id='word_1_153' title='bbox 303 2197 477 2239; x_wconf 86' lang='lat' dir='ltr'>Statius</span> <span class='ocrx_word' id='word_1_154' title='bbox 510 2197 556 2238; x_wconf 92' lang='lat' dir='ltr'>in</span> <span class='ocrx_word' id='word_1_155' title='bbox 588 2197 884 2238; x_wconf 87' lang='lat' dir='ltr'>familiaribus</span> <span class='ocrx_word' id='word_1_156' title='bbox 920 2195 1276 2250; x_wconf 89' lang='lat' dir='ltr'>complectendus</span> <span class='ocrx_word' id='word_1_157' title='bbox 1303 2197 1387 2245; x_wconf 88' lang='lat' dir='ltr'>est,</span> <span class='ocrx_word' id='word_1_158' title='bbox 1408 2202 1453 2236; x_wconf 88' lang='lat' dir='ltr'>et</span> <span class='ocrx_word' id='word_1_159' title='bbox 1471 2193 1501 2236; x_wconf 90' lang='lat' dir='ltr'><strong>J</strong></span> <span class='ocrx_word' id='word_1_160' title='bbox 1506 2195 1703 2236; x_wconf 88' lang='lat' dir='ltr'>uvenalis</span> 
     </span>
     <span class='ocr_line' id='line_1_27' title="bbox 243 2261 1703 2322; baseline -0.003 -15"><span class='ocrx_word' id='word_1_161' title='bbox 243 2266 475 2319; x_wconf 86' lang='lat' dir='ltr'>praecipua</span> <span class='ocrx_word' id='word_1_162' title='bbox 496 2263 892 2322; x_wconf 88' lang='lat' dir='ltr'>commendatione,</span> <span class='ocrx_word' id='word_1_163' title='bbox 914 2263 991 2317; x_wconf 93' lang='lat' dir='ltr'>qui</span> <span class='ocrx_word' id='word_1_164' title='bbox 1026 2263 1082 2304; x_wconf 92' lang='lat' dir='ltr'>de</span> <span class='ocrx_word' id='word_1_165' title='bbox 1118 2261 1335 2304; x_wconf 89' lang='lat' dir='ltr'>Romanis</span> <span class='ocrx_word' id='word_1_166' title='bbox 1367 2262 1413 2302; x_wconf 92' lang='lat' dir='ltr'>in</span> <span class='ocrx_word' id='word_1_167' title='bbox 1445 2274 1546 2302; x_wconf 89' lang='lat' dir='ltr'>eum</span> <span class='ocrx_word' id='word_1_168' title='bbox 1576 2262 1703 2314; x_wconf 84' lang='lat' dir='ltr'>plau-</span> 
     </span>
     <span class='ocr_line' id='line_1_28' title="bbox 246 2327 1702 2382; baseline -0.002 -9"><span class='ocrx_word' id='word_1_169' title='bbox 246 2332 458 2373; x_wconf 90' lang='lat' dir='ltr'>dentibus</span> <span class='ocrx_word' id='word_1_170' title='bbox 477 2331 593 2373; x_wconf 87' lang='lat' dir='ltr'>dixit</span> <span class='ocrx_word' id='word_1_171' title='bbox 610 2345 620 2373; x_wconf 93' lang='lat'>:</span> <span class='ocrx_word' id='word_1_172' title='bbox 653 2333 666 2352; x_wconf 94' lang='lat'>‘</span> <span class='ocrx_word' id='word_1_173' title='bbox 687 2331 886 2373; x_wconf 88' lang='lat' dir='ltr'>Curritur</span> <span class='ocrx_word' id='word_1_174' title='bbox 914 2330 971 2371; x_wconf 89' lang='lat' dir='ltr'>ad</span> <span class='ocrx_word' id='word_1_175' title='bbox 989 2328 1177 2379; x_wconf 87' lang='lat' dir='ltr'>vocem,’</span> <span class='ocrx_word' id='word_1_176' title='bbox 1197 2332 1242 2370; x_wconf 90' lang='lat' dir='ltr'>et</span> <span class='ocrx_word' id='word_1_177' title='bbox 1262 2327 1527 2381; x_wconf 87' lang='lat' dir='ltr'>Virgiliana‚</span> <span class='ocrx_word' id='word_1_178' title='bbox 1549 2329 1702 2382; x_wconf 87' lang='lat' dir='ltr'>quoad</span> 
     </span>
     <span class='ocr_line' id='line_1_29' title="bbox 243 2393 1701 2453; baseline -0.002 -13"><span class='ocrx_word' id='word_1_179' title='bbox 243 2399 407 2453; x_wconf 88' lang='lat' dir='ltr'>potuit,</span> <span class='ocrx_word' id='word_1_180' title='bbox 435 2398 691 2440; x_wconf 90' lang='lat' dir='ltr'>imitatione.</span> <span class='ocrx_word' id='word_1_181' title='bbox 751 2397 901 2452; x_wconf 86' lang='lat' dir='ltr'>Hujus</span> <span class='ocrx_word' id='word_1_182' title='bbox 929 2397 1095 2451; x_wconf 82' lang='lat' dir='ltr'>duplex</span> <span class='ocrx_word' id='word_1_183' title='bbox 1114 2408 1245 2450; x_wconf 89' lang='lat' dir='ltr'>opus,</span> <span class='ocrx_word' id='word_1_184' title='bbox 1265 2393 1520 2437; x_wconf 89' lang='lat' dir='ltr'>Thebaidos</span> <span class='ocrx_word' id='word_1_185' title='bbox 1541 2394 1701 2449; x_wconf 87' lang='lat' dir='ltr'>majus,</span> 
     </span>
     <span class='ocr_line' id='line_1_30' title="bbox 246 2461 1586 2516; baseline -0.004 -7"><span class='ocrx_word' id='word_1_186' title='bbox 246 2471 292 2509; x_wconf 92' lang='lat' dir='ltr'>et</span> <span class='ocrx_word' id='word_1_187' title='bbox 310 2466 456 2507; x_wconf 90' lang='lat' dir='ltr'>minus</span> <span class='ocrx_word' id='word_1_188' title='bbox 477 2464 756 2508; x_wconf 90' lang='lat' dir='ltr'>Achilleidos</span> <span class='ocrx_word' id='word_1_189' title='bbox 776 2466 928 2507; x_wconf 80' lang='lat' dir='ltr'>multae</span> <span class='ocrx_word' id='word_1_190' title='bbox 951 2464 1268 2506; x_wconf 87' lang='lat' dir='ltr'>delectationis</span> <span class='ocrx_word' id='word_1_191' title='bbox 1290 2461 1586 2516; x_wconf 85' lang='lat' dir='ltr'>opusculum.³</span> 
     </span>
    </p>
   </div>
   <div class='ocr_carea' id='block_1_16' title="bbox 246 2582 1702 2771">
    <p class='ocr_par' dir='ltr' id='par_1_16' title="bbox 246 2582 1702 2771">
     <span class='ocr_line' id='line_1_31' title="bbox 288 2582 1702 2627; baseline -0.004 -10"><span class='ocrx_word' id='word_1_192' title='bbox 288 2589 309 2617; x_wconf 87' lang='grc'><strong>2</strong></span> <span class='ocrx_word' id='word_1_193' title='bbox 331 2585 418 2617; x_wconf 92' lang='lat' dir='ltr'>Sunt</span> <span class='ocrx_word' id='word_1_194' title='bbox 441 2583 547 2616; x_wconf 83' lang='lat' dir='ltr'>verba</span> <span class='ocrx_word' id='word_1_195' title='bbox 570 2584 758 2616; x_wconf 85' lang='lat' dir='ltr'>Claudiani.</span> <span class='ocrx_word' id='word_1_196' title='bbox 802 2584 945 2627; x_wconf 82' lang='lat' dir='ltr'>Apppa-</span> <span class='ocrx_word' id='word_1_197' title='bbox 1044 2589 1063 2618; x_wconf 80' lang='lat'><strong>3</strong></span> <span class='ocrx_word' id='word_1_198' title='bbox 1087 2585 1285 2617; x_wconf 82' lang='lat' dir='ltr'>Posteriora</span> <span class='ocrx_word' id='word_1_199' title='bbox 1307 2584 1382 2615; x_wconf 82' lang='lat' dir='ltr'>haec</span> <span class='ocrx_word' id='word_1_200' title='bbox 1408 2582 1513 2615; x_wconf 82' lang='lat' dir='ltr'>verba</span> <span class='ocrx_word' id='word_1_201' title='bbox 1538 2585 1702 2621; x_wconf 82' lang='lat' dir='ltr'>corrupta</span> 
     </span>
     <span class='ocr_line' id='line_1_32' title="bbox 246 2631 1702 2678; baseline -0.003 -9"><span class='ocrx_word' id='word_1_202' title='bbox 246 2643 302 2669; x_wconf 87' lang='lat' dir='ltr'>ret</span> <span class='ocrx_word' id='word_1_203' title='bbox 316 2641 431 2669; x_wconf 86' lang='lat' dir='ltr'>tamen</span> <span class='ocrx_word' id='word_1_204' title='bbox 457 2641 645 2678; x_wconf 82' lang='lat' dir='ltr'>utrumque</span> <span class='ocrx_word' id='word_1_205' title='bbox 665 2638 755 2669; x_wconf 80' lang='lat' dir='ltr'>hunc</span> <span class='ocrx_word' id='word_1_206' title='bbox 781 2647 947 2669; x_wconf 88' lang='lat' dir='ltr'>summum</span> <span class='ocrx_word' id='word_1_207' title='bbox 1000 2640 1081 2669; x_wconf 77' lang='lat' dir='ltr'>sunt</span> <span class='ocrx_word' id='word_1_208' title='bbox 1095 2635 1186 2676; x_wconf 86' lang='lat' dir='ltr'>apud</span> <span class='ocrx_word' id='word_1_209' title='bbox 1195 2633 1441 2666; x_wconf 85' lang='lat' dir='ltr'>Decembrium</span> <span class='ocrx_word' id='word_1_210' title='bbox 1455 2643 1465 2673; x_wconf 88' lang='lat'>;</span> <span class='ocrx_word' id='word_1_211' title='bbox 1480 2631 1597 2674; x_wconf 73' lang='lat' dir='ltr'>utique</span> <span class='ocrx_word' id='word_1_212' title='bbox 1612 2631 1702 2664; x_wconf 87' lang='lat' dir='ltr'>enim</span> 
     </span>
     <span class='ocr_line' id='line_1_33' title="bbox 246 2683 1414 2729; baseline -0.004 -9"><span class='ocrx_word' id='word_1_213' title='bbox 246 2687 393 2720; x_wconf 71' lang='lat' dir='ltr'>Po‘eztam</span> <span class='ocrx_word' id='word_1_214' title='bbox 414 2687 471 2720; x_wconf 87' lang='lat' dir='ltr'>isti</span> <span class='ocrx_word' id='word_1_215' title='bbox 494 2687 655 2728; x_wconf 83' lang='lat' dir='ltr'>scriptori</span> <span class='ocrx_word' id='word_1_216' title='bbox 679 2686 783 2719; x_wconf 86' lang='lat' dir='ltr'>fuisse</span> <span class='ocrx_word' id='word_1_217' title='bbox 805 2687 947 2720; x_wconf 85' lang='lat' dir='ltr'>familia·</span> <span class='ocrx_word' id='word_1_218' title='bbox 1002 2686 1045 2719; x_wconf 86' lang='lat' dir='ltr'>de</span> <span class='ocrx_word' id='word_1_219' title='bbox 1060 2686 1170 2729; x_wconf 81' lang='lat' dir='ltr'>Sylvis</span> <span class='ocrx_word' id='word_1_220' title='bbox 1183 2689 1261 2718; x_wconf 79' lang='lat' dir='ltr'>sunt</span> <span class='ocrx_word' id='word_1_221' title='bbox 1274 2683 1414 2727; x_wconf 81' lang='lat' dir='ltr'>scripta.</span> 
     </span>
     <span class='ocr_line' id='line_1_34' title="bbox 246 2748 329 2771; baseline -0.012 0"><span class='ocrx_word' id='word_1_222' title='bbox 246 2748 329 2771; x_wconf 87' lang='lat' dir='ltr'>rem.</span> 
     </span>
    </p>
   </div>
  </div>
 </body>
</html>
