1800 3060
239 217 325 260 478

732 227 773 257 P.
807 223 994 255 PA-PINH
1027 223 1189 255 STATH

242 325 386 367 Littus
404 324 461 365 ad
479 322 727 364 Ausonium
750 320 931 362 devexit
952 319 1146 362 Abantia
1164 320 1321 361 classis
1340 333 1352 371 ;

242 393 330 441 Tu,
353 391 512 432 ductor
530 389 685 444 populi
702 389 831 442 longe
852 388 1116 442 emigrantis,
1137 387 1316 441 Apollo,

244 459 383 514 Cujus
403 457 550 499 adhuc
569 456 796 498 volucrem
816 456 934 497 laeva
953 455 1124 496 cervice
1145 454 1365 515 sedentem

243 527 509 580 Respiciens
528 525 689 567 blande
709 524 822 566 felix
844 523 1040 565 Eumelis
1059 522 1236 564 adorat:

243 595 416 648 Tuque,
438 592 599 636 Actaea
613 592 766 643 Ceres,
787 604 918 633 cursu
940 591 1015 632 cui
1036 603 1211 644 semper
1230 587 1388 632 anhelo

1635 590 1692 631 50

244 714 426 754 Ausonium,
441 718 489 753 tu,
504 715 625 756 Apollo,
646 716 699 756 qui
710 715 809 753 fuisti
832 716 898 747 dux
914 713 1021 756 populi
1042 715 1148 756 procul
1172 711 1414 753 commigrantis,
1428 713 1459 743 et
1472 709 1558 750 cujus
1571 709 1693 741 humero

244 756 372 787 sinistro
387 758 521 790 molliter
536 759 720 789 insidentem
735 768 821 789 avem
828 758 994 796 fortunata
1010 756 1211 798 Eumelifilia
1225 757 1324 787 adhuc
1339 754 1507 795 respiciens
1521 754 1643 801 adorat,
1662 756 1692 782 et

243 802 291 840 tu,
310 800 401 832 Ceres
415 801 539 842 Attica,
553 801 640 840 cujus
653 811 746 833 causa
761 805 871 843 mystae
891 801 999 832 anhelo
1013 810 1106 832 cursu
1125 809 1245 841 semper
1258 799 1383 830 silentes
1397 806 1549 829 movemus
1560 799 1694 848 votivum

854 891 1090 904 ΝΜΟ,

245 959 328 987 trem
351 956 476 988 Venet.
493 960 524 990 2.
551 962 585 989 et
613 963 680 989 vet.
705 957 1044 998 Lindenbrogii.-³—47
1069 958 1183 989 Parm.
1210 961 1246 988 et
1274 955 1373 987 Rom.
1400 955 1491 994 longe
1514 952 1694 993 migrantis.

245 1001 331 1030 -48
355 1000 524 1032 Romana:
547 1001 662 1033 cervice
676 1004 837 1034 serentem.
867 1001 954 1033 Vide
970 1002 1012 1032 ad
1029 1001 1107 1033 Kal.
1124 999 1309 1032 Decembr.
1332 1000 1473 1030 24.—50
1499 997 1603 1038 Tuque
1624 1005 1698 1026 acea

905 1098 1047 1130 NOTAE

245 1161 258 1177 r
290 1163 333 1191 46
363 1160 552 1203 Ausonium]
584 1161 756 1194 Italicum.
794 1161 949 1202 Abantia]

249 1210 289 1241 ld
307 1214 372 1250 est,
395 1210 559 1248 Euboica,
575 1211 653 1254 quia
671 1212 804 1244 Euboea
826 1213 947 1253 insula,

249 1261 440 1303 antiquitus
455 1261 624 1294 Abantias
639 1263 742 1294 dicta.

290 1314 331 1343 47
354 1311 482 1354 Apollo]
513 1313 635 1354 Apollo
670 1313 797 1345 dicitur
834 1313 948 1346 Aban-

248 1362 331 1394 tiam
357 1363 502 1394 classem
529 1363 794 1406 direxisse‚qnia
820 1365 949 1397 Chalci-

248 1413 369 1444 denses
395 1414 526 1445 Euboea
549 1413 698 1455 profecti
714 1421 791 1447 sunt
814 1416 949 1447 oraculo

246 1463 432 1504 Apollinis,
453 1471 489 1496 et
512 1466 546 1496 in
572 1465 633 1497 bas
656 1465 770 1497 Italiae
793 1476 868 1498 oras
893 1467 950 1498 de-

248 1519 430 1546 venerunt.

291 1569 335 1598 48
361 1567 458 1607 Cujus
470 1568 572 1600 adhuc
594 1569 746 1601 volucrem
762 1571 838 1602 loeea
853 1570 949 1601 eervi-

248 1627 281 1650 ce
296 1619 452 1650 sedentem
468 1619 653 1660 Respiciens
666 1621 777 1653 blande
783 1621 869 1660 felix
887 1622 950 1652 Eu—

247 1670 339 1700 melis
365 1669 493 1711 adorat]
516 1670 640 1712 Tangit
665 1671 856 1711 historiam,
884 1681 951 1713 qua

249 1719 474 1765 Parthenope
489 1721 623 1754 Eumeli
636 1721 719 1762 filia,
733 1723 823 1754 unde
839 1723 951 1754 Eume-

247 1771 289 1802 lis
325 1771 463 1807 dicitur,
495 1773 636 1805 coioniae
675 1773 950 1805 Chalcidensium

250 1821 320 1852 dux
348 1821 507 1863 pervenit
533 1822 728 1864 Neapolim,
749 1828 868 1856 secuta
894 1833 951 1855 au-

251 1871 386 1914 gurium
410 1872 592 1913 cohxmbae,
608 1877 647 1906 ut
666 1874 736 1915 jam
763 1874 845 1907 alibi
867 1874 953 1906 dixi-

250 1932 336 1954 mus.
382 1922 423 1954 In
446 1923 545 1965 hujus
561 1929 676 1956 autem
692 1924 742 1956 rei
758 1925 951 1956 memoriam

250 1971 328 2004 duae
346 1978 472 2004 statuae
495 1972 653 2005 conflatae
677 1978 768 2014 sunt,
784 1973 952 2014 Apollinis

249 2033 330 2064 una,
346 2024 443 2064 cujus
459 2023 600 2055 humero
615 2025 704 2056 laevo
725 2024 881 2056 columba
902 2025 953 2056 in-

251 2073 408 2114 sideham
446 2075 557 2106 altera
592 2084 674 2107 vero
701 2074 955 2117 Parthenopes,

251 2135 328 2167 quae
355 2124 565 2166 respiciebat
589 2125 675 2157 hauc
693 2126 895 2162 columbam,
916 2134 956 2157 ac

254 2176 398 2208 adorare
425 2176 617 2209 videbatur.
661 2177 826 2218 Papinius
850 2177 954 2210 alibi:

254 2230 264 2245 ⁶
282 2228 518 2269 Parthenope,
544 2227 600 2259 cui
622 2228 707 2259 mite
727 2228 836 2259 solum
861 2233 955 2260 trans

254 2288 394 2320 aequora
410 2284 521 2310 vectae
535 2278 616 2319 Ipse
631 2279 775 2310 Dionaea
789 2284 955 2311 monstra-

255 2330 305 2360 vit
321 2329 447 2371 Apollo
467 2329 649 2362 columba.'
674 2330 768 2362 Dicit
782 2331 792 2347 ‘
804 2329 957 2362 felicem’

255 2379 515 2421 Parthenopen,
552 2380 642 2422 quod
681 2380 832 2412 feliciter
867 2381 955 2412 hauc

256 2431 400 2462 classem
412 2431 564 2471 duxerit,
574 2441 614 2463 ac
626 2441 750 2463 nomen
767 2438 834 2463 tam
850 2431 954 2464 claras

256 2480 333 2512 urbi
349 2481 497 2513 dederit.

299 2534 341 2563 50
364 2530 476 2563 Actaea
494 2531 602 2572 Ceres]
625 2532 730 2564 Ceres
751 2532 878 2564 dicitur
891 2532 954 2565 Ac·

255 2585 330 2622 taeu,
343 2581 375 2612 id
392 2587 457 2622 est,
471 2582 656 2622 Eleusinia,
671 2582 714 2614 ab
725 2583 843 2614 Eleusi
859 2583 956 2624 oppi-

257 2633 302 2665 do
327 2633 559 2675 Attica—,quae
585 2635 679 2675 prius
707 2635 796 2667 Acte
814 2635 957 2668 vocaba-

257 2689 327 2725 tur,
346 2685 401 2716 ubi
423 2685 526 2716 Ceres
553 2685 804 2725 religiosissime
823 2686 957 2717 coleba-

259 2741 325 2767 tur.
372 2737 475 2767 Cursu
489 2735 540 2767 cui
555 2745 674 2777 semper
687 2736 794 2768 anhelo
814 2736 958 2769 Votivam

259 2787 350 2818 taciti
385 2796 565 2829 quassamus
591 2786 732 2827 lampada
761 2787 887 2828 mystoe]
917 2786 956 2818 Iu

1001 1162 1106 1194 sacris
1125 1162 1214 1194 enim
1241 1160 1377 1194 Cereris
1393 1157 1630 1191 discurrebant
1653 1157 1699 1188 ci-

1001 1212 1143 1252 tissime,
1159 1218 1194 1244 et
1210 1211 1339 1244 facibus
1351 1209 1516 1247 accensis,
1526 1209 1592 1240 hoc
1606 1217 1698 1239 cursu

1001 1264 1109 1295 anhelo
1133 1263 1407 1295 demonstrantes
1422 1269 1569 1298 errores,
1584 1264 1621 1290 et
1636 1259 1700 1289 las-

1002 1315 1185 1347 situdinem
1213 1314 1299 1345 Deae
1314 1312 1357 1344 ob
1382 1309 1636 1352 inquisitionem
1659 1307 1698 1339 fi-

1000 1368 1056 1399 liae
1071 1365 1304 1406 Proserpinae,
1317 1372 1392 1404 quae
1408 1365 1507 1401 rapta
1521 1359 1648 1396 fuerat,
1662 1363 1700 1390 et

1003 1418 1037 1449 in
1059 1427 1127 1459 qua
1153 1412 1416 1458 pervestiganda
1436 1411 1562 1443 dicitur
1589 1414 1698 1441 totum

1003 1468 1078 1500 fere
1092 1468 1207 1500 orbem
1228 1465 1305 1497 face
1320 1472 1467 1496 accensa
1489 1468 1699 1503 peragrasse.

1007 1521 1136 1552 Noster
1159 1518 1266 1550 Theb.
1283 1524 1353 1549 xit.
1386 1515 1396 1532 ‘
1413 1514 1534 1548 Qualis
1562 1512 1607 1544 ab
1626 1511 1699 1543 AEt-

1005 1570 1089 1601 nmis
1121 1577 1266 1600 accensa
1294 1564 1453 1607 lampade
1483 1562 1574 1596 saxis
1603 1561 1701 1595 Orba

1007 1621 1113 1652 Ceres
1127 1628 1259 1660 magnae
1276 1616 1433 1649 variabat
1450 1614 1598 1656 imagine
1606 1612 1702 1645 flam-

1004 1682 1070 1703 mae
1107 1670 1293 1702 Ausonium
1337 1667 1557 1707 Siculumque
1601 1664 1702 1704 latin,

1006 1722 1150 1762 vestigia
1165 1721 1252 1762 nigri
1266 1717 1444 1760 Raptum,
1458 1719 1639 1756 vastosque
1653 1715 1702 1746 le-

1007 1782 1090 1815 gens
1106 1772 1139 1804 in
1163 1772 1302 1813 pulvere
1326 1766 1462 1801 sulcos!
1503 1765 1637 1807 Myseoe]
1658 1763 1702 1796 11

1005 1828 1072 1864 est,
1084 1822 1208 1854 initiati
1222 1820 1326 1852 saeris
1337 1817 1484 1851 Cereris.
1530 1817 1703 1848 Dicunt-u·

1004 1874 1095 1906 taciti
1109 1873 1162 1904 vel
1177 1873 1258 1914 qnia
1271 1869 1370 1903 taciti
1384 1867 1633 1907 discurrebant,
1649 1865 1702 1898 vel

1006 1926 1086 1966 qnia
1108 1933 1207 1956 saera
1233 1921 1369 1955 Cereris
1395 1919 1570 1959 divulgare
1593 1915 1703 1948 nefas.

1006 1976 1127 2008 Cicero
1150 1975 1185 2006 in
1210 1974 1353 2005 Verrem
1377 1969 1459 2002 Act.
1482 1978 1520 2001 v.
1555 1969 1567 1987 ⁴
1582 1968 1703 2009 Tuque

1007 2027 1122 2066 Ceres,
1131 2030 1166 2057 et
1179 2024 1316 2064 Libera,
1332 2029 1475 2064 quarum
1489 2028 1601 2060 sacra,
1613 2019 1703 2051 sicut

1007 2077 1181 2119 opiniones
1195 2074 1366 2107 homiuum
1390 2081 1431 2104 ac
1456 2071 1639 2113 religiones
1652 2068 1703 2102 fes-

1009 2131 1100 2168 ruut,
1116 2128 1217 2168 longe
1242 2123 1398 2157 maximis
1412 2126 1516 2165 atque
1541 2121 1700 2154 occultis·

1009 2179 1102 2211 simis
1114 2176 1316 2210 caerimoniis
1327 2171 1568 2207 continentur.²
1594 2171 1704 2204 How·-

1009 2230 1076 2261 tins
1093 2238 1149 2262 ιιι.
1175 2228 1241 2260 od.
1255 2230 1287 2260 2.
1332 2227 1342 2244 ‘
1359 2226 1423 2257 Est
1447 2230 1482 2256 et
1505 2223 1600 2256 fideli
1625 2227 1702 2259 tuta

1008 2280 1144 2312 silentio
1158 2279 1317 2311 Merces:
1340 2275 1464 2308 vetabo
1486 2275 1544 2317 qni
1565 2273 1702 2306 cereris

1009 2340 1140 2363 sacrum
1155 2329 1315 2370 vulgarit
1336 2336 1486 2368 arcanae,
1499 2325 1562 2358 sub
1584 2325 1702 2358 iisdem

1008 2382 1062 2414 Sit
1076 2381 1229 2414 trabibus
1242 2378 1466 2422 fragilemque
1479 2385 1612 2409 meeum
1625 2375 1701 2407 Sol·

1009 2438 1070 2464 vat
1097 2430 1302 2464 Phaselum.'
1343 2430 1475 2462 Seneca
1498 2426 1700 2459 Troadibus:

1009 2484 1019 2501 ‘
1035 2483 1089 2514 Au
1105 2482 1210 2514 sacris
1237 2480 1386 2523 gaudens
1407 2478 1523 2512 tacitis
1545 2475 1701 2510 meu-is:

1010 2533 1107 2567 Idem
1132 2534 1345 2575 Hippolyto:
1375 2533 1385 2551 ‘
1404 2532 1482 2564 Non
1505 2530 1595 2561 inter
1616 2537 1704 2568 aas,

1011 2585 1167 2617 Attidum
1188 2585 1322 2615 mistam
1345 2581 1476 2622 choris,
1490 2581 1631 2615 Jaeture
1652 2583 1703 2611 tu-

1009 2635 1086 2667 citis
1102 2635 1257 2667 conscias
1272 2633 1375 2665 sacris
1389 2630 1504 2663 faces!
1543 2627 1701 2669 Vanum]

1011 2687 1102 2719 Quia
1115 2686 1151 2717 in
1167 2685 1252 2717 votis
1266 2682 1438 2716 habebant
1451 2681 1577 2713 initiari
1595 2679 1700 2713 sacris

1011 2735 1193 2769 Eleusinis.
