1800 3060
210 193 298 236 270

710 211 750 245 P.
784 212 973 244 ΡΑΡΙΝΗ

1010 215 1180 247 ΞΤΑἸῚῘ

443 305 660 361 Quisquis
681 308 872 350 collibus
894 309 1092 354 lsthmiae
1116 311 1289 356 Diones

443 374 593 415 Docto
613 381 796 428 pectora
816 377 1064 419 concitatus
1086 385 1242 430 oestro,

443 441 683 484 Pendentis
704 444 820 485 bibit
839 446 1019 498 ungulae
1039 447 1271 501 liquorem.

443 509 557 563 Ipsi,
575 523 690 564 quos
712 524 845 565 penes
866 517 932 554 est
951 514 1091 556 honor
1110 515 1312 566 canendi,

441 576 626 619 Voealis
646 578 830 621 citharae
849 585 1041 635 repertor
1062 581 1224 635 ArcaS,

439 644 499 686 Et
520 649 564 687 tu
587 645 879 689 Bassaridum
900 652 1064 691 rotator
1085 649 1229 702 Evan,

442 713 500 755 Et
520 713 676 764 Paean,
697 719 744 756 et
766 715 984 770 Hyantiae
1005 731 1197 770 sorores,

442 781 582 823 Laetae
604 795 852 837 purpureas
873 789 1038 828 novate
1061 787 1219 829 vittas:

443 849 619 892 Crinem
640 852 814 902 comite,
835 853 1158 910 candidamque
1178 858 1347 898 vestem

1618 859 1677 901 10

441 917 714 960 Perfundant
734 919 914 963 hederae
933 923 1211 966 recentiores.

441 986 581 1029 Docti
594 986 758 1040 largius
779 993 1018 1043 evagentur
1038 1002 1202 1041 amnes,

208 1110 336 1148 ungulae
349 1108 420 1150 equi
440 1108 520 1140 alati
532 1107 567 1140 in
580 1108 706 1141 collibus
722 1108 864 1142 Isthmiae
880 1110 1012 1151 Diones,
1026 1113 1156 1145 celebret
1171 1115 1306 1147 natalem
1319 1115 1401 1147 diem
1416 1115 1547 1148 Lucani.
1593 1114 1676 1155 Ipsi,

211 1161 286 1191 quos
299 1162 390 1193 penes
404 1155 450 1183 est
465 1152 562 1183 honor
575 1155 696 1192 cantus,
706 1152 807 1185 Arcas
820 1153 965 1185 inventor
978 1165 1095 1187 sonora·
1108 1157 1252 1196 cithara,
1266 1162 1298 1191 et
1311 1161 1360 1196 tu.
1372 1159 1480 1198 Euan,
1495 1157 1549 1199 qui
1560 1158 1631 1198 agis
1641 1157 1677 1188 in

210 1195 315 1226 orbem
331 1195 534 1235 Bmaridas,
555 1195 726 1236 Panaque,
751 1199 782 1227 et
808 1196 961 1238 Hyantiae
982 1207 1114 1239 sorores,
1128 1204 1273 1232 renovate
1286 1202 1368 1233 loetoe
1379 1210 1553 1242 purpureas
1567 1201 1677 1232 vittas.

213 1238 395 1279 Componite
408 1248 537 1280 comam,
551 1242 582 1270 et
594 1238 785 1271 circumdate
798 1240 1019 1273 recentior-ibus
1033 1242 1155 1275 hederis
1167 1245 1273 1276 niveos
1285 1248 1402 1276 vairos
1416 1246 1558 1277 amictus.
1581 1242 1679 1276 Dor-ii

873 1324 1015 1358 NOTAE

202 1389 403 1432 frequentet]
425 1390 542 1423 Graeci
558 1389 679 1422 dicunt
703 1388 820 1433 ἡμέραν
834 1393 920 1432 θερα-

210 1441 324 1474 πεύειν.

254 1496 275 1525 2
309 1491 464 1533 Collibus]
508 1492 691 1533 Intelligit'
713 1490 918 1524 Acrocorin-

211 1544 320 1585 thum,
334 1543 378 1575 ad
396 1543 494 1584 cujus
512 1542 645 1574 radices
670 1546 745 1573 erat
761 1541 838 1574 fons
851 1542 919 1584 Py-

211 1604 306 1627 rene.
340 1595 483 1626 Isthmioe
504 1592 641 1633 Diones]
662 1593 847 1634 Euripides
875 1593 919 1625 A·

211 1646 465 1678 crocorinihum
491 1649 592 1676 vocat
607 1643 688 1686 ἱερὸν
703 1643 811 1685 ὄχθον,
827 1643 920 1677 πόλιν

211 1696 406 1738 Ἀφροδίτης.
451 1695 579 1727 Strabo
614 1695 675 1727 lib.
708 1704 790 1726 vm.
835 1694 918 1726 Dio·

210 1758 289 1780 nem
305 1757 364 1779 seu
378 1747 546 1778 Venerem
573 1751 676 1777 vocat
695 1745 706 1763 ‘
718 1745 918 1786 Isthmiam,'

210 1798 292 1840 quia
322 1796 473 1828 babebat
515 1795 681 1836 templum
721 1795 755 1826 in
786 1795 918 1827 vertice

212 1849 467 1888 Acrocorinthi‚
493 1847 550 1889 qui
577 1847 611 1878 in
641 1846 753 1878 medio
787 1847 918 1879 Isthmo

211 1906 275 1934 est.
320 1901 492 1932 Venerem
508 1904 624 1931 autem
640 1900 658 1941 ᾗ
669 1899 820 1930 Dionem
833 1898 841 1912 ’
862 1908 918 1930 vo·

210 1952 281 1984 cari
295 1961 411 1982 omnes
427 1950 553 1981 sciunt.

254 2005 274 2034 3
310 2001 438 2042 OEstro]
469 2001 623 2033 OEstrum
653 2009 761 2040 genus
790 2009 916 2031 musca»

211 2053 390 2086 aculeatae.
434 2052 571 2084 Doctum
594 2060 679 2083 vero
699 2054 838 2090 matrum,
853 2055 920 2091 est,

210 2102 444 2144 ἐνθουσιασμὸς,
480 2113 581 2145 quem
619 2102 738 2142 Plato,
773 2101 923 2143 σώφρονά

209 2155 332 2196 μανίαν,
351 2163 462 2187 sunum
483 2156 516 2186 et
539 2152 675 2184 sobrium
688 2151 835 2191 furorem
859 2162 915 2184 vo-

209 2212 279 2240 cat.

253 2261 274 2290 4
298 2255 474 2289 Pendentia
499 2255 629 2294 ungule
657 2252 824 2294 liquorem]
858 2252 916 2284 In-

210 2309 285 2340 nuit
299 2307 430 2340 fontem
454 2306 632 2348 Pyrenen,
652 2314 751 2346 quem
766 2303 838 2335 ictu
855 2313 915 2334 un-

210 2359 300 2401 gulae
322 2358 451 2400 Pegasi
466 2357 544 2399 equi
573 2356 667 2395 alati,
683 2355 773 2386 unde
789 2354 916 2387 dicitur

208 2412 219 2428 ‘
235 2409 414 2451 pendens‚'
434 2413 546 2440 ortum
562 2405 669 2438 fuisse
686 2407 820 2439 dicunt.

222 2492 229 2501 ,
252 2463 271 2491 5
295 2458 379 2500 Ipsi]
404 2459 462 2490 Dii
480 2458 625 2490 scilicet.

252 2515 274 2544 6
311 2511 432 2543 Vocalis
463 2511 596 2542 cithara
627 2514 769 2552 repertor
798 2510 915 2552 Arm]

210 2562 405 2595 Mercurius
418 2562 505 2593 enim
518 2562 658 2593 inventa
668 2562 854 2602 testudine,
862 2571 917 2594 ae»

208 2611 504 2654 commodatisque
521 2612 550 2643 ei
574 2613 725 2653 chordis,
747 2612 915 2644 citharam

209 2663 335 2695 fecisse
365 2662 503 2695 dicitur.
548 2662 669 2703 Arcas]
699 2663 791 2696 Quia
819 2663 914 2695 Mer-

211 2713 326 2745 curius
341 2713 374 2744 in
391 2711 544 2744 Arcadia
558 2719 660 2743 natus
675 2718 740 2745 est.

243 2767 262 2797 7
277 2765 503 2807 Bassaridum]
519 2764 736 2805 Bassarides,
748 2765 914 2797 ministrae

975 1392 1119 1433 Bacchi,
1135 1403 1212 1436 quae
1239 1399 1275 1427 et
1300 1394 1531 1431 Bacchames,
1546 1395 1678 1426 M‘aena-

975 1443 1048 1484 des,
1072 1445 1228 1486 Thyades
1257 1452 1293 1477 et
1321 1446 1541 1478 Mimallones
1571 1447 1676 1478 etiam

975 1494 1198 1529 vocabantur.
1242 1495 1323 1537 Ipse
1338 1496 1495 1529 Bacchus
1530 1496 1678 1530 ‘Bassa-

973 1554 1051 1576 reus
1065 1545 1073 1558 ’
1095 1551 1237 1577 vocatus
1253 1556 1274 1578 a
1296 1547 1412 1588 specie
1429 1547 1588 1587 vestium,
1603 1547 1678 1589 qui-

975 1595 1034 1626 bus
1061 1596 1247 1628 utebantur
1274 1597 1438 1629 antistite
1465 1597 1537 1638 ejus
1560 1597 1592 1628 iu
1612 1597 1678 1628 Or-

973 1645 1048 1686 giis.
1091 1646 1161 1679 Alii
1186 1647 1363 1680 deducunt
1392 1647 1453 1680 ἆπὺ
1477 1649 1536 1680 τοῦ
1558 1647 1677 1689 βάζειν,

971 1697 1061 1738 quod
1091 1699 1227 1730 clamare
1253 1697 1438 1741 signifieat.
1484 1699 1536 1731 Ea
1563 1705 1676 1731 autem

973 1747 1078 1779 vestis
1095 1748 1136 1779 ad
1153 1749 1240 1780 talos
1257 1759 1360 1791 usqne
1376 1749 1607 1791 dependebat,
1621 1760 1677 1782 ea·

971 1808 1036 1840 que
1051 1799 1156 1830 etiam
1171 1799 1328 1831 Bacchus
1341 1800 1546 1842 quandoque
1558 1800 1678 1833 indue·

973 1849 1087 1881 batur.
1131 1849 1298 1890 Papinius
1313 1849 1439 1882 Achill.
1455 1859 1480 1882 1.
1499 1852 1509 1868 ‘
1525 1850 1562 1882 si
1574 1850 1677 1883 decet

972 1904 1092 1931 aurata
1117 1901 1292 1932 Bacchum
1315 1901 1460 1942 vestigia
1483 1901 1574 1942 palla
1589 1901 1677 1933 Ver-

973 1950 1074 1982 tere!
1119 1951 1255 1982 Rotator
1272 1951 1377 1992 Etan]
1406 1951 1677 1990 Bacch-usam-

970 2004 1023 2032 tor
1046 2001 1254 2033 Bassaridum
1277 2001 1406 2042 dictus,
1432 2002 1512 2044 quia
1527 2002 1675 2035 Baechae

971 2052 1006 2083 in
1024 2052 1140 2093 Orgiis
1156 2052 1189 2083 in
1205 2052 1306 2084 orbes
1321 2053 1525 2091 agebantur.
1568 2053 1676 2086 Theb.

972 2112 1039 2135 vn.
1060 2105 1069 2120 ‘
1085 2103 1130 2135 Et
1146 2102 1188 2134 ad
1205 2103 1371 2144 inspirata
1387 2103 1494 2135 rotari
1509 2103 1632 2137 Buxn!

1014 2157 1035 2186 8
1062 2153 1174 2194 Paean]
1197 2154 1469 2195 cognomentum
1494 2151 1675 2196 Apollinis.

971 2205 1124 2237 Plioebus
1148 2210 1278 2245 autem,
1292 2205 1464 2245 Bacchus,
1480 2215 1520 2237 ae
1538 2205 1676 2239 Mercu-

970 2256 1053 2296 rius,
1067 2262 1106 2289 ut
1117 2256 1192 2298 jam
1206 2255 1366 2297 diximus,
1379 2256 1500 2289 arbitri
1515 2257 1676 2298 eloquen-

970 2307 1028 2338 tiae
1051 2317 1091 2339 ac
1117 2307 1270 2348 poetices
1286 2311 1397 2340 erant.
1442 2307 1486 2339 Et
1518 2307 1675 2349 Hyantiae

968 2358 1102 2399 sorores]
1123 2359 1233 2390 Mnsae
1254 2358 1411 2398 Boeotiae,
1434 2367 1511 2399 quae
1538 2367 1674 2390 sorores

971 2413 1080 2441 erant.
1115 2407 1285 2450 Hyantiae]
1305 2407 1362 2440 Ab
1381 2408 1579 2450 Hyantibus
1595 2408 1673 2439 13oe-

970 2460 1050 2493 otiae
1063 2460 1213 2502 populis,
1228 2458 1356 2498 Plinio,
1370 2463 1406 2492 et
1421 2458 1614 2491 Pausaniae.

1015 2513 1055 2542 ll
1098 2509 1248 2550 Hedera]
1282 2510 1413 2551 Utpote
1440 2509 1580 2542 Baccho
1621 2519 1673 2542 sa-

968 2571 1051 2594 erae.

1012 2615 1053 2644 12
1075 2611 1174 2643 Docti
1198 2609 1318 2651 onmes]
1341 2610 1391 2642 Ut
1406 2610 1622 2651 Permessus,
1638 2614 1675 2643 et

969 2661 1146 2702 Hormine,
1160 2661 1294 2703 aliique.
1329 2659 1435 2692 Theb.
1449 2669 1500 2692 v1.
1531 2660 1542 2678 ‘
1553 2661 1673 2703 Tuque

968 2723 989 2747 ο
1005 2713 1187 2746 Permesse
1209 2711 1343 2744 canoris
1357 2711 1402 2744 Et
1426 2710 1508 2743 felix
1530 2711 1674 2743 Hormie

970 2763 1089 2797 vadis!
1111 2763 1320 2796 Claudianus
1335 2762 1369 2794 iu
1383 2762 1567 2794 Theodosii
1584 2763 1671 2794 Con·
