1800 3060
220 213 307 256 252
719 225 758 253 P.
790 221 980 253 ΡΑΡιΝιι
1013 220 1181 253 ετΑτιι

223 320 454 375 Aspicere,
475 324 520 361 et
534 323 684 362 torvas
705 318 867 360 duxere
886 318 934 359 in
947 318 1120 360 lumina
1139 319 1319 360 frontes.
1625 317 1682 359 15

222 387 284 430 At
304 393 349 429 te
370 400 458 429 non
475 388 618 442 primo
637 387 787 430 fusum
804 399 950 428 novus
971 386 1122 427 obruit
1141 386 1231 428 ictu

224 455 310 497 Ille
329 455 495 509 pudor;
525 467 722 496 mansere
740 453 889 504 animi,
909 453 1141 508 virtusque
1161 453 1338 495 cadenti

224 522 270 565 A
288 523 433 565 media
446 522 541 577 jam
560 527 702 564 morte
720 522 861 564 redit:
892 534 974 563 nec
989 522 1193 576 protinus
1215 533 1368 563 omnes

226 591 375 644 Terga
388 590 548 632 dedere
568 592 722 633 minae:
754 591 871 632 sicut
892 590 978 632 sibi
997 590 1207 631 conscius
1230 590 1306 632 alti

227 658 451 709 Vulneris,
472 658 708 700 adversum
729 658 921 700 moriens
940 658 975 699 it
993 657 1122 699 miles
1142 658 1187 698 in
1205 657 1395 707 hostem,
1626 655 1684 696 20

228 723 494 780 Attollitque
513 737 705 776 manum,
725 730 770 766 et
787 724 901 766 ferro
920 724 1096 766 labente
1116 723 1332 766 minatur:

230 793 307 834 Sic
328 794 452 847 piger
471 792 548 834 ille
567 792 717 846 gradu,
738 792 960 847 solitoque
979 795 1140 834 exutus
1156 792 1333 842 honore,

232 859 404 902 Firmat
422 860 552 902 hians
574 860 730 902 oculos
752 860 1051 914 animumque,
1070 859 1331 915 hostemque
1351 860 1549 915 requirit.

232 927 401 982 Magna
420 932 569 970 tamen
590 928 730 970 subiti
750 933 897 970 tecum
917 928 1082 970 solatia
1100 927 1198 978 leti,

232 994 386 1046 Victe,
400 995 527 1046 feres,
544 995 663 1050 quod
681 999 724 1037 te
739 995 890 1037 moesti
910 994 1205 1049 Populusque
1226 994 1490 1051 Patresque,
1634 993 1692 1036 25

235 1061 330 1106 Ceu
348 1066 477 1105 notus
498 1063 678 1106 caderes
692 1063 808 1104 tristi
829 1062 1047 1117 gladiator
1067 1075 1215 1114 arena,

236 1131 497 1185 Ingemuere
517 1131 655 1174 mori:
684 1131 832 1185 magni
852 1131 972 1185 quod
993 1130 1189 1173 Caesaris
1209 1140 1304 1181 ora,

236 1199 361 1243 Inter
380 1204 452 1242 tot
471 1199 726 1255 Scythicas,
747 1199 1044 1255 Libycasque‚
1064 1204 1110 1241 et
1130 1200 1279 1242 littore
1293 1198 1457 1249 Rheni,

238 1306 312 1338 brus
325 1306 360 1338 in
373 1306 475 1338 oculos
487 1315 568 1338 suos.
604 1306 667 1338 Sed
681 1305 761 1338 illud
773 1315 883 1338 novum
896 1306 1026 1337 dedecus
1046 1315 1107 1337 non
1131 1305 1233 1337 obruit
1256 1308 1287 1337 le
1300 1306 1491 1346 prostratum
1503 1302 1606 1343 primo
1619 1312 1700 1334 mor-

238 1359 276 1381 su
287 1360 300 1386 ,·
320 1349 442 1381 restitit
457 1350 591 1389 unimus,
605 1353 636 1381 et
652 1359 720 1380 cum
734 1350 870 1389 caderes,
890 1350 991 1380 virtu
1009 1348 1044 1380 in
1066 1352 1099 1380 te
1119 1348 1288 1380 revertitur
1304 1348 1376 1387 jam
1393 1357 1413 1378 a
1427 1347 1526 1378 medio
1541 1346 1600 1377 leto
1612 1357 1622 1376 .·
1643 1355 1700 1376 nec

238 1393 351 1423 statim
364 1402 467 1423 omnes
489 1392 583 1424 minoe
607 1402 734 1424 cessere.
785 1392 877 1424 Velut
899 1391 988 1423 miles
1000 1401 1034 1422 se
1047 1391 1185 1423 sentiens
1206 1391 1399 1423 vulneratum
1413 1388 1501 1421 letali
1512 1389 1620 1429 plaga,
1634 1388 1701 1419 ruit

239 1434 418 1466 occumbens
435 1435 471 1466 in
491 1435 666 1476 oppositum
687 1435 912 1474 adversariam,
931 1437 962 1466 et
983 1435 1066 1466 levat
1086 1444 1224 1474 manum,
1240 1436 1270 1465 et
1285 1433 1420 1468 cadendo
1439 1432 1573 1463 intentat
1589 1431 1618 1462 ei
1630 1432 1702 1470 gla-

241 1479 349 1509 dium:
364 1477 411 1509 sic
426 1478 595 1509 leotardus
606 1487 728 1517 gressa,
744 1482 775 1509 et
788 1478 939 1518 apostatas
959 1477 1052 1508 solito
1073 1477 1191 1517 gloria,
1206 1476 1321 1518 firmat
1341 1475 1464 1507 hiantes
1478 1475 1579 1506 oculos
1591 1477 1621 1504 et
1637 1473 1704 1505 oni-

242 1530 338 1561 mam,
353 1531 390 1551 oc
401 1520 500 1561 poscit
515 1520 644 1552 hostem.
690 1520 878 1562 Reportabis
892 1523 1007 1559 tumen,
1022 1520 1161 1561 quamvis
1185 1519 1297 1555 victus,
1318 1521 1419 1550 tecum
1433 1517 1546 1557 ingens
1559 1517 1705 1548 solatium

239 1563 414 1604 repentina
428 1563 550 1603 mortis,
564 1564 644 1604 qaod
657 1564 743 1604 plebs
757 1567 788 1595 et
801 1566 925 1594 senatus
940 1563 1048 1594 tricies
1061 1563 1185 1594 doluere
1199 1565 1286 1593 tuam
1300 1564 1440 1597 mor-tem,
1465 1570 1519 1591 ceu
1543 1560 1705 1599 gladiator

242 1606 378 1638 illustris
391 1606 584 1638 occumbens
597 1606 631 1637 in
644 1608 744 1638 medio
759 1605 1001 1646 Amphitheatro
1011 1616 1022 1636 .-
1037 1606 1115 1646 quod
1126 1606 1272 1637 damnum
1285 1606 1377 1635 unius
1389 1603 1486 1634 leonis
1499 1602 1613 1634 mortua·
1627 1600 1706 1649 offe-

243 1649 288 1681 cit
303 1650 426 1681 vultum
441 1649 550 1689 magni
566 1649 715 1690 Cesar-is,
729 1650 813 1682 inter
826 1652 874 1680 tot
890 1648 1154 1690 bestiastseythioe
1165 1658 1203 1679 ac
1214 1647 1336 1690 Libyae,
1349 1650 1380 1679 et
1393 1649 1441 1678 tot
1456 1646 1494 1678 de
1508 1644 1579 1686 ripa
1589 1644 1708 1683 Rheni,

857 1729 1098 1742 ‘'OOOOOOUOQ

247 1773 334 1807 1982
356 1774 480 1807 Mar-kl.
524 1773 615 1806 Vide
638 1774 681 1806 ad
704 1783 840 1806 versum
863 1774 1019 1816 proxime
1041 1771 1395 1816 praecedentem.—l5
1414 1768 1502 1801 Edd.
1525 1772 1612 1801 vett.
1627 1771 1710 1801 totas

247 1820 376 1850 duxere.
418 1818 429 1835 ‘
447 1818 584 1850 Nullius
599 1827 678 1849 usus
691 1827 756 1848 vox
774 1818 841 1849 ista
855 1822 938 1849 totas
949 1828 962 1855 ‚·
986 1817 1126 1858 scripsit
1139 1815 1267 1847 Statius
1284 1818 1400 1846 tortas.
1442 1813 1540 1853 Virg.
1557 1812 1634 1844 AEn.
1652 1821 1711 1844 ιιι.

251 1864 330 1893 635.
353 1860 507 1893 Martini.
519 1870 573 1892 iv.
591 1863 646 1892 14.
657 1865 695 1892 et
708 1861 770 1892 Sil.
787 1860 867 1892 Ital.
880 1870 940 1892 ιιι.
956 1859 1024 1892 753
1046 1859 1170 1891 Markl.
1209 1857 1278 1890 Sed
1293 1859 1376 1888 totas
1391 1855 1432 1887 ab
1458 1855 1610 1886 Homero
1627 1863 1710 1885 con-

249 1903 407 1935 firmatur
422 1902 466 1937 11.
481 1908 515 1936 Ρ.
538 1906 698 1935 133.—22
719 1904 833 1935 ‘Sono
857 1909 894 1935 et
919 1903 1100 1943 elegantiae
1122 1900 1338 1934 consulueris
1361 1899 1389 1929 si
1406 1899 1524 1938 legas:
1547 1898 1713 1937 solitosque

249 1950 365 1978 exutus
379 1947 508 1978 honores
521 1957 533 1979 ε
551 1956 619 1978 non
642 1946 723 1987 quin
739 1947 885 1978 alterum
901 1946 1044 1987 probum
1061 1945 1118 1985 sit,
1132 1944 1191 1976 sed
1206 1943 1272 1975 boc
1288 1941 1396 1980 magis
1409 1940 1600 1972 statianum
1616 1940 1710 1970 vide-

250 1988 332 2022 tur.’
356 1989 545 2021 Idem—23
570 1989 699 2021 Omnes
723 1988 824 2021 codd.
841 1993 878 2020 et
903 1988 982 2020 edd.
996 1991 1083 2020 vett.
1104 1990 1278 2018 testantur
1300 1984 1515 2024 animamque;
1536 1982 1714 2014 Marklan-

253 2031 316 2063 dus
332 2035 448 2063 tamen
462 2031 644 2072 legendum
669 2032 805 2063 omnino
822 2032 957 2073 putavit
971 2031 1264 2071 animumque.-26
1286 2028 1357 2059 Pro
1368 2026 1529 2065 gladiator
1539 2025 1666 2056 Venet.
1681 2028 1713 2056 l.

255 2074 398 2107 exhibet
415 2073 606 2115 Germanus,
620 2073 712 2116 quod
729 2074 929 2116 glossatoris
946 2078 1012 2117 est,
1025 2077 1062 2105 et
1076 2082 1096 2106 e
1108 2071 1263 2113 margine
1276 2070 1311 2102 in
1326 2073 1461 2102 textum
1480 2071 1714 2110 empserat.—

299 2213 340 2243 1⁵
365 2210 411 2242 Ee
426 2210 663 2243 median-e
674 2210 709 2242 in
731 2209 850 2242 lumin·
867 2209 962 2249 fron·
1056 2212 1100 2241 28
1122 2208 1213 2241 Inter
1237 2210 1287 2239 tot
1310 2205 1488 2248 Scythicas,
1511 2203 1718 2246 Libycusque,

255 2261 318 2304 tes]
341 2262 398 2295 Ne
411 2261 574 2294 viderent
587 2261 715 2294 socium
730 2266 801 2293 tam
812 2261 905 2302 turpi
921 2270 961 2293 ac
1014 2263 1045 2292 et
1069 2260 1177 2292 littore
1205 2259 1322 2298 Rheni,
1346 2257 1393 2289 Et
1419 2255 1541 2288 Pharia
1568 2257 1607 2286 de
1626 2257 1720 2295 gente

255 2312 422 2344 indecoro
445 2312 589 2343 vnlnere
610 2311 761 2343 occisum
778 2311 961 2352 reportari.
1007 2310 1114 2352 seros]
1137 2310 1179 2342 In
1200 2308 1355 2342 omnibns
1381 2306 1473 2339 enim
1495 2310 1598 2338 terrae
1614 2305 1720 2346 parti-

258 2364 395 2397 Fronte:
423 2372 518 2405 vero,
547 2371 611 2405 pro
631 2362 829 2405 palpebris:
851 2366 962 2394 totum
1015 2363 1078 2396 bus
1093 2359 1388 2404 conquirebantur
1408 2356 1579 2395 animalia,
1601 2364 1642 2387 ac
1669 2353 1720 2386 fe-

257 2423 323 2456 1’1'0
338 2418 452 2456 parte.
1015 2423 1078 2453 τε,
1091 2413 1303 2452 Romamque
1330 2406 1664 2448 transportabantur,
1681 2411 1721 2438 ut

301 2468 343 2497 2⁵
367 2463 558 2507 patresque]
580 2464 778 2497 Senatores.
1017 2464 1052 2496 in
1090 2461 1298 2504 spectaculis
1330 2457 1588 2491 exhiberentur.
1643 2456 1722 2498 Scy-

230 2508 234 2510 ’
301 2518 347 2548 26
365 2514 550 2555 Gladium]
566 2515 786 2548 Gladiatores
799 2517 899 2546 erant
909 2514 966 2546 ho·
1018 2511 1134 2553 thiens]
1168 2510 1310 2552 Scythia
1332 2516 1444 2551 pauca
1467 2506 1627 2538 animalia
1654 2505 1724 2536 fert

259 2565 384 2605 mines,
397 2564 455 2607 qui
475 2564 656 2605 singularis
678 2565 868 2596 certamine
882 2573 967 2606 pug-
1018 2562 1136 2604 inopia
1161 2560 1351 2600 fructuum,
1381 2561 1421 2590 ut
1442 2556 1555 2598 inquit
1577 2555 1723 2587 Plinius.

262 2616 395 2648 nabunt
431 2614 477 2647 ad
509 2615 754 2647 oblectandum
790 2615 968 2657 populum.
1021 2611 1170 2655 Libycus]
1206 2610 1318 2652 Libya
1346 2607 1508 2641 mittebat
1533 2606 1632 2647 plura
1655 2605 1726 2636 ani-

261 2667 354 2699 Vide
383 2665 536 2708 Lipsium
563 2665 608 2697 de
638 2666 888 2706 gladiatoribus
909 2665 970 2698 lib.
1021 2664 1141 2704 malin,
1174 2665 1215 2694 ut
1249 2661 1382 2700 leones,
1416 2656 1726 2695 struthiocamelus,

262 2717 405 2749 Satura.
1023 2713 1302 2753 chamaeleontes,
1350 2709 1516 2752 pluraque
1568 2705 1727 2738 animalia

306 2769 350 2799 27
396 2765 550 2808 Casas-is]
569 2763 774 2799 Domitiani.
1023 2767 1228 2805 monstrosa,
1256 2760 1349 2805 quod
1379 2759 1424 2792 cb
1450 2757 1600 2800 inopiam
1629 2765 1727 2798 aquae
