1800 3060
192 213 278 257 630

191 321 278 372 Tu,
298 333 554 376 quanquam
574 334 663 364 non
685 325 787 365 ante
808 322 954 366 forum
974 325 1183 380 legesque
1203 339 1381 371 severas

192 388 380 440 Passus,
401 389 481 430 sed
503 390 641 432 tacita
663 389 906 433 studiorum
927 393 1129 435 occultus
1149 395 1195 435 in
1210 397 1383 448 umbra,

190 457 433 500 Defensare
453 461 610 510 metus,
633 459 912 514 adversaque
933 461 1021 502 tela
1039 463 1199 504 subisti

190 524 381 577 Pellere,
403 526 585 568 inermis
606 527 751 569 adhuc
769 532 816 568 et
835 528 933 578 tiro,
953 530 1160 582 paventis
1183 531 1331 573 amici.

192 592 332 636 Haud
347 606 539 648 unquam
557 594 671 636 tales
693 594 870 649 aspexit
890 594 1111 638 Romulus
1133 610 1277 640 annos

193 661 501 716 Dardaniique
522 675 664 713 senes,
685 663 822 704 medii
838 664 1006 706 bellare
1028 669 1176 718 togata

191 729 347 784 Strage
367 729 474 772 fori:
507 733 713 784 stupuere
738 731 896 774 Patres
915 735 1157 776 tentamina
1173 739 1311 785 tanta,

192 797 485 852 Conatusque
507 802 635 851 tuos3
667 812 747 853 pro
763 804 809 842 te
829 814 930 844 reus
952 802 1054 857 ipse
1070 803 1267 845 timebat.

189 865 282 908 Par
302 866 425 921 vigor
444 870 486 908 et
504 868 734 920 membris;
763 873 1042 924 promtaeque
1062 870 1119 912 ad
1140 871 1276 912 fortia
1297 871 1415 912 vires

191 933 427 977 Sufficiunt
447 935 612 985 animo,
635 940 768 990 atque
782 936 980 990 ingentia
994 937 1125 992 jussa
1143 942 1406 991 sequuntur.

190 1002 298 1057 Ipse
319 1016 403 1056 ego
422 1007 468 1044 te
484 1016 623 1057 nuper
642 1003 867 1058 Tyberino
887 1009 937 1046 ut
955 1004 1105 1047 littore
1126 1005 1233 1056 vidi,

190 1069 296 1122 Qua
314 1069 544 1125 Tyrrhena
563 1070 692 1113 vadis
715 1070 1007 1115 Laurentibus
1028 1075 1187 1115 aestuat
1206 1072 1342 1124 unda,

686 225 728 257 P.
763 226 952 259 PAP1N11
985 228 1151 260 s'rA'rll

1573 465 1655 507 105

1568 804 1669 865 110·

184 1196 331 1237 pudicum
343 1195 466 1235 fulmen
473 1208 487 1235 ,·
509 1201 556 1238 tu,
579 1197 641 1230 etei
653 1208 715 1230 non
727 1202 820 1230 antea
833 1202 974 1231 versatus
986 1208 1064 1230 essee
1077 1199 1111 1231 in
1124 1199 1199 1238 foro
1213 1202 1244 1231 et
1258 1199 1293 1232 in
1307 1199 1422 1232 severi-9
1441 1199 1573 1240 legib-s,
1595 1201 1652 1231 sed

187 1239 344 1272 latitasses
356 1240 391 1272 in
406 1244 492 1273 muta
501 1241 676 1273 studiorum
687 1241 808 1281 umbra,
828 1242 990 1283 suscepisti
1003 1242 1104 1273 tutari
1123 1247 1287 1282 paventem
1300 1244 1445 1280 amicum,
1467 1246 1499 1275 et
1523 1243 1652 1274 inermis

188 1283 288 1315 adhuc
303 1287 334 1315 et
348 1283 411 1315 tiro
424 1285 569 1325 repellere
582 1285 643 1316 tela
658 1286 692 1317 in
705 1295 774 1317 eum
788 1285 915 1317 emissa.
960 1285 1060 1317 Roma
1073 1289 1104 1317 et
1118 1295 1204 1317 senes
1216 1287 1335 1318 nullum
1355 1296 1489 1327 unquam
1510 1288 1650 1326 togatum

186 1326 335 1358 viderunt
348 1327 405 1358 hac
417 1330 512 1359 oetate
527 1328 725 1359 dimicantem
735 1329 769 1360 in
787 1328 864 1367 foro
888 1338 957 1359 cum
980 1332 1070 1360 tanta
1094 1333 1212 1369 strage.
1259 1329 1426 1361 Senatores
1447 1329 1555 1360 mirati
1577 1331 1650 1360 sunt

188 1371 280 1402 tanta
292 1370 472 1411 specimina,
483 1374 514 1402 et
530 1374 587 1402 tua
600 1371 732 1412 incaepta
743 1381 755 1402 .·
775 1380 830 1402 nec
845 1381 915 1402 reue
929 1371 994 1412 ipse
1002 1372 1156 1404 metuebat
1170 1375 1200 1403 te
1209 1376 1385 1414 perorante.
1422 1372 1545 1404 Similis
1558 1371 1653 1411 vigor.

187 1411 223 1443 iu
236 1413 382 1444 membris
395 1417 455 1454 est,
478 1417 510 1445 ee
523 1414 606 1445 vires
618 1417 750 1455 promte
764 1414 916 1452 adsertia
929 1415 1086 1457 sufficiunt
1106 1415 1222 1454 animo,
1243 1419 1274 1447 et
1299 1415 1504 1456 obsequuntur
1527 1415 1651 1454 magnis

187 1454 255 1494 ejus
268 1456 412 1490 motibus.
455 1456 528 1498 Ipse
542 1467 600 1497 ego
614 1460 645 1489 te
659 1466 758 1498 nuper
781 1457 891 1498 aspexi
913 1461 1089 1489 currentem
1114 1458 1149 1490 in
1163 1459 1234 1498 ripa
1252 1458 1392 1501 Tyba-is,
1412 1468 1474 1500 qua
1491 1457 1650 1500 Tyrrheni

798 1562 1040 1577 OO‘OOO‘O‘OOO

188 1639 395 1682 reponebam
419 1649 481 1682 pro
496 1639 656 1679 sulniiness
702 1639 927 1673 Marklandus
942 1641 1032 1682 conj.
1060 1641 1190 1674 libraret
1203 1642 1296 1673 Julia
1301 1641 1547 1681 salmon—108
1562 1641 1648 1673 Dar·

183 1684 359 1725 uaniusque
372 1693 469 1724 cenes,
484 1685 538 1726 &a
562 1683 668 1716 Aldd.
684 1683 794 1716 Colin.
812 1683 945 1725 Gryph.
957 1685 1022 1716 διο.
1038 1685 1283 1726 Dardaniusque
1291 1695 1385 1716 senex
1400 1684 1542 1716 Gevart.
1560 1684 1648 1716 Gro-

186 1737 267 1760 nov.
295 1727 418 1760 Barth.
438 1729 501 1759 &c-
526 1727 692 1759 Barthius
708 1735 789 1758 vero
805 1727 896 1768 conj.
921 1727 1140 1760 Dardania-we
1153 1737 1252 1760 senes.
1285 1726 1535 1759 Marklandus:
1557 1727 1645 1759 Dar-

187 1769 313 1803 danitae
325 1780 424 1807 senes,
447 1770 508 1802 sed
524 1769 642 1802 malit:
666 1769 864 1802 Dardaniae
879 1779 979 1810 senes,
990 1771 1093 1803 media
1106 1770 1220 1802 bellare
1234 1771 1337 1811 togati
1351 1771 1436 1803 Pace
1455 1769 1646 1809 forie-110

187 1813 281 1845 Edd.
295 1817 383 1846 vett.
399 1823 453 1845 nec
467 1816 498 1845 te
512 1823 583 1845 reus
595 1813 660 1854 ipse
670 1823 684 1850 ,-
706 1812 929 1844 Marklandus
947 1813 1055 1845 edidit
1070 1824 1079 1845 z
1101 1823 1159 1855 pro
1175 1818 1206 1845 te
1219 1823 1291 1846 reus
1308 1814 1386 1855 ipse.
1430 1813 1503 1845 Pro
1516 1812 1646 1844 timebat

187 1857 286 1888 Rom.
302 1856 426 1888 Venet.
440 1859 473 1888 2.
501 1861 536 1888 et
567 1864 638 1888 vet.
660 1855 920 1896 Lindenbrogii,
942 1855 1186 1888 tenebam—111
1211 1858 1279 1888 Par
1306 1856 1399 1897 vigor
1424 1859 1472 1888 est
1500 1855 1647 1888 membru

186 1898 293 1931 Aldd.
309 1899 419 1933 Colin.
436 1899 568 1940 Gryph.
584 1899 689 1931 Basil.
706 1899 823 1930 Plant.
839 1901 906 1930 διο.
930 1899 998 1930 Par
1007 1900 1100 1939 vigor
1122 1902 1154 1930 et
1174 1899 1320 1932 membris
1343 1900 1459 1931 Parni.
1486 1903 1524 1930 et
1547 1899 1645 1931 Rom.

187 1942 278 1984 quod
296 1942 471 1975 revocavit
483 1941 834 1975 Marklandus.-113
857 1941 945 1974 Edd.
973 1946 1061 1973 vett.
1087 1942 1240 1984 Tyberino
1264 1943 1300 1974 in
1327 1942 1446 1974 littore.
1491 1941 1645 1974 Mutavit

843 2049 989 2082 NOTAE

944 2135 1005 2158 seu
1031 2125 1202 2168 Trojanis.
1254 2125 1376 2166 Togata
1399 2124 1532 2168 Strage]
1555 2125 1650 2165 Quia?

185 2124 228 2157 ad
251 2125 416 2168 virginem
434 2127 579 2168 lapsam.
623 2126 788 2158 Nonnulli
802 2126 890 2158 rele-

942 2178 976 2209 in
1001 2175 1074 2209 foro
1097 2179 1260 2209 nocentes
1285 2175 1414 2218 reique,
1443 2185 1511 2208 non
1539 2175 1644 2210 armis

184 2177 373 2218 gationem.
417 2178 508 2210 Vide
530 2177 686 2219 Lipsium
711 2177 756 2208 ad
777 2176 889 2208 Taciti

184 2227 274 2260 Ann.
291 2237 344 2261 iv.
366 2228 514 2261 Consule
539 2233 578 2260 et
601 2228 807 2261 Raevardum
828 2227 888 2260 lib.

183 2288 235 2311 ιν.
252 2289 328 2321 cap.
343 2282 377 2312 6.
422 2280 567 2321 Castum]
588 2279 680 2313 Quia
693 2279 750 2310 lex
764 2278 823 2309 illa
842 2279 887 2309 la-

183 2333 219 2360 ta
247 2334 324 2362 erat
347 2332 469 2362 contra
497 2329 686 2361 adulteros.
739 2328 886 2369 Fulmen]

182 2379 296 2420 Supra
310 2379 471 2422 diximus,
488 2379 616 2419 fulmen
632 2380 886 2412 damnationem

183 2429 391 2473 significare.

215 2483 289 2512 ’105
311 2481 511 2523 Adversaque
534 2483 598 2515 tela
620 2481 732 2514 subisti
748 2481 885 2523 Pellere]

182 2531 392 2574 Metaphora
421 2536 534 2566 sumta
558 2543 578 2565 a
603 2543 640 2565 re
670 2533 825 2574 militari,
848 2534 884 2565 in

183 2593 251 2627 qua
265 2583 411 2616 hostium
426 2584 496 2615 tela
508 2585 631 2625 clypeo
646 2584 871 2625 repelluntur.

226 2637 291 2667 106
313 2633 464 2674 Inermis]
487 2634 753 2668 Inexercitatus.

225 2687 290 2718 108
315 2685 534 2726 Dardaniique
548 2686 649 2727 senes]
673 2685 715 2718 Id
733 2689 798 2725 est,
814 2685 882 2718 Ro-

182 2735 292 2768 mani:
316 2735 435 2768 melior
459 2735 549 2768 enim
579 2745 656 2776 pars
673 2736 798 2768 civium
813 2736 883 2768 Ro-

180 2794 354 2820 manorum
375 2795 483 2827 genus
499 2785 649 2820 ducebat
663 2796 682 2819 a
696 2787 881 2819 Dardaniis

942 2227 1120 2270 ferroque,
1130 2227 1191 2259 sed
1210 2231 1291 2268 toga
1305 2229 1436 2258 armata
1449 2226 1483 2258 vi
1495 2225 1645 2268 dicendi,

940 2276 1183 2319 profligantur.

984 2332 1048 2362 110
1070 2330 1137 2361 Pro
1161 2328 1247 2371 [nec]
1271 2331 1303 2361 te
1326 2338 1398 2362 rem
1411 2328 1476 2370 ipre
1497 2327 1643 2370 timebat]

939 2381 1022 2422 Ipse
1051 2390 1129 2412 reus
1154 2389 1222 2411 non
1243 2379 1400 2422 timebat,
1421 2389 1466 2412 ne
1489 2383 1528 2412 tn
1552 2379 1641 2412 male

940 2442 1016 2464 eum
1031 2430 1254 2464 defenderes.

982 2484 1043 2514 114
1070 2481 1229 2523 Tyrrhena
1250 2479 1350 2522 unda]
1373 2479 1473 2512 Mare
1487 2478 1636 2521 Tyrrhe-

937 2542 1018 2564 num
1035 2541 1096 2564 seu
1113 2531 1282 2572 Inferum,
1304 2531 1354 2563 sic
1373 2531 1501 2563 dictum
1523 2538 1544 2561 a
1557 2528 1640 2570 'Pyr-

938 2582 1063 2624 rheuis,
1087 2582 1143 2624 qui
1159 2583 1245 2614 hanc
1261 2591 1356 2614 oram
1375 2580 1466 2614 Latii
1490 2578 1571 2612 olim
1587 2583 1637 2611 te-

937 2637 1097 2665 nuerant.
1146 2633 1245 2666 Vadis
1257 2629 1480 2672 laurentibus]
1502 2628 1534 2662 A
1551 2630 1639 2662 Lau-

937 2690 1037 2717 rento
1050 2683 1178 2727 oppido
1193 2684 1296 2724 Latii,
1321 2681 1397 2715 Pici
1412 2681 1503 2725 regie
1518 2689 1638 2723 opere,

937 2735 980 2768 ad
994 2745 1087 2769 mare
1099 2735 1307 2777 Tyrrhenum
1323 2732 1400 2766 sito.
