1800 3060
176 174 261 217 136
676 183 714 212 P.
748 180 938 213 ΡΑΡΙΝΠ

972 180 1139 213 STATII

178 280 269 332 Qui
286 290 511 333 nunquam
531 277 664 320 vacui
683 276 899 332 prodistis
920 277 964 318 in
983 276 1165 327 aethera,
1186 277 1296 319 rami
1314 279 1335 319 ‘l

177 347 351 390 Cedant
370 345 604 399 Telegoni,
622 345 786 387 cedant
807 345 1046 387 Laurentia
1066 344 1206 386 Turni

175 415 206 457 J
210 428 360 469 ugera,
382 414 677 468 Lucrinaeque
697 413 869 464 domus,
890 413 1106 467 littusque
1128 413 1299 454 cruenti

179 479 463 535 Antiphatae:
495 479 658 522 cedant
675 480 830 523 vitreae
838 479 951 534 juga
970 479 1138 534 perfida
1156 478 1309 521 Circes
1582 479 1641 521 85

173 609 313 648 ‚fi-uelum
331 611 486 652 ferentia,
508 621 577 643 cum
600 622 665 652 vos,
685 612 810 644 arbores
829 611 1015 652 Tiburtinae‚
1036 621 1193 652 nunquam
1211 611 1380 651 assurgitis
1401 612 1436 643 in
1456 610 1559 643 adrem
1572 609 1640 641 sine

170 652 361 690 fructibus?
396 655 516 686 Cedunt
541 655 701 695 Telegoni,
725 656 839 686 cedunt
861 655 933 694 agri
959 655 1132 686 Laurentes
1148 654 1259 694 Turni,
1285 658 1316 686 et
1340 654 1489 685 Lucrinoe
1505 655 1587 684 oedes
1602 661 1639 682 ac

178 696 252 738 ripa
283 697 419 729 crudelis
443 697 640 738 Antiphatae.
697 697 818 729 Cedant
847 697 1007 728 cacumina
1030 697 1129 739 infida
1149 697 1312 738 pellucidae
1339 697 1459 739 Circes,
1485 696 1538 729 ubi
1562 694 1641 727 socii

793 791 1029 805 eeeeeeeeeeee

182 869 223 900 P.
237 871 383 910 poterant
396 869 517 901 Heins.
531 868 814 910 poteruntvenet.
826 871 844 899 1
851 870 946 900 .—82
962 868 1042 899 Par.
1057 867 1226 899 Veneti.
1243 870 1280 898 et
1295 865 1665 903 Vieent.vicinaves-11,-v

182 913 267 952 reliq
273 912 306 943 ui
331 913 410 943 libri
435 914 469 944 in
493 913 621 943 aeaehera.
626 914 708 943 —83
735 912 855 943 Cedant
883 910 1038 951 thelegom‘
1064 911 1339 941 Venet.1.—s4
1364 909 1505 940 Laciniae
1530 909 1641 940 codex

181 954 312 986 Markl.
330 954 426 986 Leid.
448 955 531 986 Par.
560 964 677 994 margo
701 955 817 985 Parm.
834 955 956 985 Venet.
973 957 1002 985 1.
1028 953 1162 984 Rom.
1162 952 1280 984 ⁷icent.
1306 956 1343 983 et
1355 952 1499 983 Verett.
1512 954 1544 983 2.
1560 953 1592 982 3.
1607 953 1642 984 4.

181 997 347 1038 Lucrinaeq
350 1007 386 1029 ue
398 997 500 1028 Urat.
515 996 620 1028 Aldd.
638 1000 666 1029 l.
679 1000 711 1028 2.
729 997 839 1028 Colin.
854 996 906 1028 Gr
906 996 985 1037 y.ph
1002 997 1068 1027 διο.
1116 995 1278 1027 Heinsius
1290 994 1380 1035 conj.
1396 994 1546 1034 Lovinoeq
1548 1003 1597 1032 ue,
1607 998 1645 1025 et

180 1039 374 1081 Lanuviique
388 1041 502 1072 domus.
504 1044 588 1072 -85
611 1040 785 1080 Antiplmte
797 1039 896 1071 Leid.
919 1038 1116 1080 Authiphaee
1128 1038 1252 1071 Venet.
1267 1040 1299 1070 1.
1301 1039 1388 1070 -86
1410 1037 1479 1070 Pro
1492 1004 1644 1078 superbe,

848 1134 989 1168 NOTAE

182 1213 217 1245 iu
244 1211 496 1245 matrimonium
521 1210 660 1252 obtulit,
689 1220 730 1243 ac
759 1210 887 1242 deinde
942 1214 1006 1242 est.
1051 1210 1180 1242 Locum
1205 1210 1297 1242 hunc
1317 1209 1452 1252 pascuis
1479 1212 1517 1241 et
1541 1209 1645 1251 sylvis

181 1264 315 1296 remisit
338 1263 373 1294 in
398 1263 556 1304 patriam.
598 1261 759 1293 Pomaria
781 1260 887 1292 horti-

183 1323 251 1357 que
262 1313 335 1355 ejus
347 1312 724 1354 celeberrimi,quorum
736 1311 887 1352 descrip-

182 1367 312 1398 tionem
327 1365 406 1396 vide
419 1364 509 1405 apud
523 1363 711 1395 Homerum
723 1363 757 1394 in
775 1361 888 1402 Odys-

184 1425 252 1448 sea.
295 1416 422 1449 Juven.
451 1415 555 1447 Satir.
578 1423 613 1446 v.
633 1414 644 1430 ‘
659 1414 724 1445 Illa
739 1412 889 1454 jubebat

184 1467 294 1498 Poma
329 1465 416 1507 dari,
444 1474 587 1508 quorum
626 1464 698 1496 solo
736 1463 888 1504 pascaris

185 1517 306 1559 odore,
336 1516 462 1551 Qualia
488 1519 677 1557 perpetuus
701 1514 888 1546 Phaeacnm

185 1573 365 1601 autumnus
375 1566 549 1599 habebat!
577 1567 680 1599 Nunc
693 1566 765 1597 vult
775 1564 888 1596 Poeta

184 1619 262 1651 loca
287 1617 515 1651 amoenissima
540 1617 645 1649 totius
659 1615 750 1648 orbis
764 1615 888 1648 cedere

184 1669 275 1702 villae
290 1668 482 1702 TiburtInae
497 1668 632 1700 Manlii.

229 1722 271 1752 83
303 1719 449 1760 Telegoni
484 1717 619 1759 jugem]
661 1718 888 1749 Tusculanum

185 1779 302 1811 agrum
314 1768 550 1810 intelligit‚sic
561 1767 693 1799 dictum
708 1777 728 1799 a
742 1768 890 1799 Tusculo

185 1819 316 1862 oppido
336 1819 439 1860 Latii,
454 1829 474 1850 a
493 1819 666 1859 Telegono
690 1817 825 1858 Ulyssis
847 1826 888 1848 ac

187 1872 308 1904 Circes
330 1869 401 1902 filio
427 1869 577 1902 condito.
618 1867 743 1900 Strabo
768 1867 890 1899 scribit

186 1932 306 1964 agrum
326 1921 556 1953 Tusculanum
578 1918 682 1950 fuisse
703 1917 889 1950 amoenissi-

186 1983 292 2013 mum,
303 1980 543 2013 secessumque
553 1970 794 2012 gratissimum,
805 1969 890 2001 mul-

187 2025 300 2067 tisque
321 2022 512 2065 magnificis
534 2021 703 2063 praetoriis
722 2025 893 2054 ornatum.

187 2076 371 2108 Tusculum
420 2083 511 2106 nunc
557 2077 702 2105 vocatur
740 2072 892 2105 Frescati.

186 2125 374 2167 Laurentia]
398 2124 431 2157 A
453 2125 627 2157 Laurento
651 2123 780 2164 oppido
800 2123 891 2155 Latii

188 2178 238 2210 sic
252 2177 356 2218 dieta,
371 2180 409 2209 ut
424 2175 623 2207 Priscianus
650 2178 763 2215 putat.
806 2174 893 2205 Sunt

189 2229 246 2270 qui
263 2228 298 2259 id
321 2226 534 2260 confundant
554 2234 631 2256 cum
656 2223 817 2256 Lavinio:
841 2223 892 2255 di-

188 2280 280 2311 citur
294 2278 407 2319 Tumi,
423 2277 502 2319 quia
516 2276 568 2308 his
582 2275 667 2307 locis
682 2275 816 2306 Turnus
831 2273 892 2306 im-

189 2329 345 2372 perabat.

233 2382 275 2411 84
297 2379 501 2419 Lucrina-que
535 2375 657 2417 domus]
686 2375 776 2407 Vide
811 2374 893 2416 Epi·

190 2430 271 2462 thal.
305 2429 425 2461 Stellae
441 2437 488 2460 vs.
504 2430 580 2460 269.
622 2427 716 2468 Lege
742 2426 894 2458 Plinium

189 2480 251 2513 lib.
263 2488 320 2512 111.
335 2489 411 2520 cap.
427 2482 460 2510 5.
503 2477 639 2519 Aliquae
650 2476 820 2509 editiones
835 2476 893 2507 ha-

188 2531 496 2572 benefic-initoque
520 2531 639 2561 donnus.
686 2528 776 2560 Nam
795 2527 893 2559 Laci-

189 2584 282 2615 nium
298 2581 566 2624 promontorium
582 2579 798 2612 Bruttiorum
809 2578 892 2609 Pto-

189 2635 309 2666 lemaeo
334 2633 392 2665 lib.
406 2641 463 2664 111.
478 2641 556 2672 cap.
581 2633 612 2661 l.
629 2634 665 2662 et
691 2629 805 2662 nobile
826 2627 893 2660 fuit

191 2684 354 2726 oppidum
375 2683 490 2725 ejusce
509 2681 652 2713 nominis
666 2680 813 2712 ,Iunonis
832 2678 891 2710 de-

191 2735 305 2776 labro,
319 2744 394 2778 quae
418 2738 456 2766 et
473 2731 553 2765 inde
567 2731 578 2750 ‘
595 2730 754 2764 Lacinia'
769 2734 892 2762 vocata

941 1260 1170 1307 gratissimum
1182 1260 1287 1293 fuisse
1303 1271 1346 1293 ex
1358 1261 1454 1292 Livio
1464 1260 1524 1292 lib.
1541 1268 1645 1293 xxw.

942 1312 1086 1354 aliisque
1101 1311 1274 1345 discimus.
1315 1311 1406 1343 Vide
1421 1310 1571 1343 Plinium
1586 1310 1646 1342 lib.

943 1371 999 1394 111.
1025 1372 1102 1404 cap.
1130 1366 1163 1395 5.
1206 1363 1373 1403 Littusque
1399 1361 1522 1394 ementi
1549 1361 1645 1393 Anti·

938 1413 1063 1454 phatae]
1094 1413 1265 1454 Designat
1291 1413 1455 1453 Formias,
1483 1412 1647 1443 Hormias

942 1464 1037 1505 prius
1052 1463 1175 1504 dictas,
1191 1473 1360 1496 secessum
1371 1462 1648 1503 amoenissimum,

943 1514 1044 1547 sedes
1066 1514 1234 1556 quondam
1250 1515 1528 1556 Laestrygonnm,
1547 1513 1647 1554 cujus

942 1565 1011 1597 dux
1041 1564 1250 1607 Antiphates
1278 1564 1356 1603 fuit,
1377 1572 1477 1606 quem
1498 1567 1508 1582 ‘
1523 1573 1646 1596 cruen-

942 1621 1016 1648 tum
1030 1615 1041 1630 ’
1055 1620 1167 1656 vocat,
1181 1615 1272 1657 qnod
1286 1624 1391 1647 carne
1405 1614 1551 1646 hnmana
1571 1622 1647 1645 ves-

942 1668 1098 1701 cebatur.
1144 1668 1235 1699 Vide
1255 1667 1405 1700 Plinium
1420 1667 1478 1699 lib.
1491 1675 1549 1698 111.
1569 1675 1646 1706 cap.

943 1722 975 1751 3.
990 1718 1095 1751 Ovid.
1111 1718 1199 1750 Met.
1214 1726 1292 1750 xiv.
1306 1722 1343 1750 et
1362 1716 1567 1750 Strabonem
1590 1716 1648 1747 lib.

943 1779 978 1801 v.
994 1773 1029 1801 et
1042 1769 1243 1805 Homerum,
1258 1767 1316 1810 qui
1332 1771 1483 1799 testatur
1494 1766 1647 1798 Formias

943 1829 1018 1851 esse
1028 1818 1284 1850 amoenissimas.
1320 1815 1495 1849 Martialis
1509 1816 1574 1848 hoc
1589 1816 1647 1847 lit-

944 1875 999 1903 tus
1014 1869 1111 1901 valde
1127 1868 1244 1900 laudat
1258 1867 1315 1900 lib.
1327 1876 1364 1900 x.
1381 1868 1447 1908 Ep.
1463 1869 1518 1898 30.

985 1923 1026 1952 85
1055 1919 1172 1951 Vitrea
1187 1917 1270 1958 juga
1292 1916 1416 1959 perfida
1434 1913 1557 1956 Circes]
1587 1914 1647 1947 In-

944 1969 1071 2010 telligit
1098 1969 1266 2008 Circeios,
1289 1965 1407 1998 sedem
1431 1965 1563 2006 Circes,
1591 1964 1650 1996 ubi

946 2019 1048 2052 Circe
1069 2018 1220 2050 homines
1242 2017 1276 2048 in
1292 2015 1384 2048 feras
1407 2020 1546 2047 vertere
1571 2024 1649 2047 cre-

945 2070 1106 2109 debatur,
1141 2067 1231 2100 unde
1263 2067 1386 2109 perfida
1412 2066 1507 2107 juga.
1559 2065 1649 2097 11ωο

945 2126 1021 2154 erat
1035 2121 1123 2153 solis
1146 2124 1182 2152 et
1198 2120 1325 2152 Perses
1347 2117 1432 2158 filia,
1447 2125 1545 2149 soror
1558 2116 1650 2148 Βίας

946 2172 1149 2205 Colchorum
1177 2171 1289 2212 regis;
1311 2173 1390 2211 post
1413 2171 1559 2200 mortem
1578 2176 1648 2199 ma-

945 2224 1003 2256 riti
1017 2224 1244 2256 Sarmatarum
1269 2221 1375 2263 regis,
1395 2229 1497 2263 quem
1513 2218 1650 2251 oecide-

947 2279 1018 2316 rat,
1030 2274 1174 2315 expulsa
1194 2272 1349 2315 profugit
1369 2271 1404 2303 in
1425 2270 1575 2310 Italiam,
1588 2268 1649 2300 ubi

946 2332 1098 2358 montem
1127 2325 1170 2356 ab
1202 2333 1246 2356 ea
1275 2323 1286 2341 ‘
1302 2320 1493 2355 Cireoeum’
1515 2320 1649 2352 dictum

947 2378 1072 2410 tenuit.
1106 2377 1117 2395 ⁴
1133 2376 1255 2408 Circen
1270 2374 1415 2406 vitream
1425 2372 1436 2387 ’
1451 2375 1562 2411 vocat,
1575 2370 1657 2402 imi--

947 2432 1039 2460 tatus
1066 2425 1246 2458 Horatium
1274 2433 1300 2457 1.
1325 2423 1396 2456 Od.
1413 2425 1464 2455 17.
1508 2424 1519 2441 ⁶
1540 2421 1651 2454 Dices

946 2476 1144 2509 laborantes
1163 2476 1197 2507 in
1222 2483 1289 2507 uno
1313 2473 1514 2515 Penelopen
1543 2471 1651 2503 vitre—

947 2536 1070 2569 amque
1100 2524 1248 2559 Circen.'
1290 2525 1301 2542 ‘
1327 2521 1505 2555 Vitresm’
1532 2521 1651 2563 appel-

946 2577 1007 2614 lat,
1022 2575 1103 2618 quia
1111 2575 1217 2617 juxta
1238 2583 1332 2606 mare
1345 2571 1538 2612 habitabat,
1551 2570 1652 2611 cnjus

946 2627 1052 2666 color,
1081 2630 1121 2658 ut
1149 2625 1299 2657 omnium
1326 2631 1491 2666 aquarum
1519 2621 1650 2652 vitreus

945 2681 1011 2718 est,
1040 2675 1075 2708 id
1098 2680 1162 2715 est,
1182 2673 1386 2716 pellucidae.
1428 2671 1522 2705 Hine
1547 2669 1652 2711 paulo

946 2732 1028 2761 ante
1065 2725 1232 2768 Papinius
1259 2723 1370 2758 dixit:
1406 2722 1418 2742 ‘
1445 2722 1653 2764 vitreasque
