1800 3060
715 212 754 243 P.
788 211 982 243 PAPINII
1016 211 1181 243 STA'I'll

566 339 599 368 Ι.
662 338 827 378 EQUUS
860 339 987 370 MAx.
1022 339 1314 370 DOMITIANI.

212 426 394 460 Describit
420 425 532 459 Poe'ta
554 430 706 458 statuam
732 431 937 468 equestrem,
958 436 1059 468 quam
1077 425 1279 459 Domitiano
1302 426 1507 471 Imperatori
1532 430 1677 463 Senatus

256 471 473 512 populusque
489 470 523 501 in
533 468 608 502 foro
626 470 784 502 Romano
799 475 1010 502 statuerant.

212 546 339 599 QUAE
361 546 707 601 superimposito
727 546 867 588 moles
887 545 1114 601 geminata
1135 546 1327 590 Colosso

257 647 338 684 Quae
353 648 457 688 moles,
472 646 631 688 duplicata
644 646 880 689 superimposito
893 649 1023 689 colosso,
1043 650 1121 688 stat,
1144 648 1265 689 replens
1281 648 1456 680 Romanum
1462 648 1593 688 sorum?
1626 650 1679 681 An

252 796 404 829 Titulum
421 796 522 838 primi
537 796 695 828 carminis
711 796 812 838 hujus
828 796 862 828 in
878 797 1009 838 scripto
1023 798 1158 830 notavit
1171 798 1387 830 Gronovius:
1404 799 1583 831 Domitiani
1596 799 1680 838 Aug.

211 850 315 872 teneus
327 850 421 881 equus
435 840 468 872 in
477 839 553 879 foro
568 841 702 872 dicatus.
747 841 787 872 Iu
804 840 924 872 codice
937 841 1036 873 Urat.
1052 841 1273 874 desideratur
1289 842 1478 883 inscriptio.
1502 842 1628 874 Venet.
1649 845 1679 874 l.

211 883 336 915 habet:
364 883 405 915 In
419 884 542 924 Equum
565 883 746 915 Maximum
771 882 852 924 Imp.
868 883 1020 922 Domici5
1053 885 1153 916 Rom.
1180 888 1216 917 et
1241 884 1382 927 reliquae
1410 894 1548 917 omnes:
1572 886 1680 926 Equus

210 927 306 959 Max.
321 925 579 958 Domitiani.-l
601 927 701 958 Urat.
715 930 751 958 et
766 926 916 958 Vindob.
931 931 969 958 et
984 926 1062 960 edd.
1078 928 1187 970 antiq.
1202 937 1320 960 omnes
1335 927 1499 960 exhibent
1512 927 1679 969 separatis

211 969 336 1009 verbis,
358 979 450 1010 super
470 969 629 1011 imposito.
674 969 800 1001 Markl.
822 970 953 1010 primus
969 970 1002 1001 in
1019 980 1123 1003 unum
1140 971 1336 1003 vocabulum
1353 971 1541 1012 conjunxit.
1587 971 1678 1011 Quae,

211 1012 338 1054 Superi,
349 1012 506 1054 imposito,
526 1014 580 1052 ᾄτ.
605 1012 816 1044 Ptolomaeus
833 1013 971 1044 Flavius
987 1013 1021 1044 in
1039 1013 1194 1056 Conject.
1210 1023 1284 1055 cap.
1301 1017 1354 1047 28.
1376 1014 1467 1056 quod
1484 1014 1679 1055 repudiavit

213 1055 413 1094 Gevarfius,
439 1060 475 1087 et
501 1055 611 1096 signo,
635 1055 727 1097 quod
752 1055 890 1097 hyphen
915 1056 1105 1096 nominant,
1129 1057 1347 1099 interposito,
1371 1057 1476 1089 scribi
1495 1058 1602 1098 jussit
1626 1067 1678 1088 su-

206 1098 438 1140 per-imposito,
454 1102 491 1129 et
507 1108 555 1130 vs.
570 1101 624 1130 59.
639 1098 873 1139 super-ingesti.
896 1098 1072 1131 Probasse
1087 1101 1225 1132 videtur
1241 1100 1446 1132 Gronovius.
1480 1100 1560 1136 Quae
1573 1109 1679 1140 super-

210 1141 350 1182 impositi
367 1151 407 1173 m.
427 1151 462 1181 g.
482 1141 601 1172 Colossi
616 1142 712 1173 malit
728 1141 829 1173 eruc.
846 1141 1122 1183 improbantibus
1138 1142 1258 1175 Barth.
1275 1148 1312 1174 et
1328 1143 1457 1175 Markl.
1502 1143 1574 1175 Pro
1587 1144 1681 1174 moles

210 1185 314 1216 Urat.
331 1187 368 1216 et
384 1184 537 1216 Vindob.
553 1194 573 1216 a
589 1193 688 1216 manu
705 1193 773 1216 rec.
790 1183 918 1216 habent
933 1186 1030 1217 sedes.
1076 1186 1187 1218 Codd.
1210 1187 1311 1218 Voss.
1337 1185 1516 1218 Drakenb.
1542 1190 1580 1218 et
1594 1186 1678 1218 Par.

211 1237 289 1259 cum
315 1227 416 1260 Rom.
443 1227 583 1259 Vicent.
607 1227 704 1259 Brix.
721 1227 863 1260 Venett.
877 1231 910 1260 2.
927 1230 959 1260 3.
973 1231 1006 1261 4.
1030 1227 1111 1261 Ald.
1128 1232 1160 1261 1.
1183 1233 1220 1261 et
1244 1229 1376 1271 Gryph.
1402 1231 1434 1261 1.
1456 1231 1488 1261 2.
1507 1231 1680 1269 gemmata,

211 1270 303 1312 quod
330 1270 522 1312 probarunt
548 1270 584 1302 in
611 1270 865 1303 commentariis
888 1271 986 1303 Cald.
1015 1273 1142 1304 Morel.
1157 1276 1195 1304 et
1209 1272 1315 1304 Bern.
1341 1272 1391 1304 ita
1406 1272 1511 1304 etiam
1527 1271 1680 1304 correxit

211 1313 375 1346 Rhaedus.
420 1313 489 1345 Sed
505 1312 606 1346 codd.
630 1313 713 1345 Sen.
739 1314 835 1355 Lips.
862 1314 962 1346 Urat.
978 1315 1127 1347 Vindob.
1154 1320 1191 1346 et
1217 1315 1300 1347 Par.
1328 1315 1363 1347 in
1387 1325 1492 1356 marg.
1520 1314 1679 1356 praebent

206 1357 382 1396 geminata,
405 1361 444 1389 ut
459 1360 512 1388 est
528 1357 632 1388 etiam
647 1356 682 1388 in
696 1357 823 1389 Venet.
842 1359 872 1390 l.
889 1357 1003 1389 Parm.
1021 1356 1101 1390 Ald.
1116 1361 1148 1390 2.
1163 1358 1226 1390 Til.
1242 1358 1344 1390 Crnc.
1357 1358 1505 1391 Gevart.
1521 1358 1677 1390 Gronov.

210 1400 322 1431 Veen.
339 1399 465 1441 Delph.
479 1404 517 1432 et
535 1399 661 1431 Markl.
676 1400 847 1440 probante
864 1400 1013 1433 Handio.
1050 1401 1178 1433 Eadem
1195 1402 1342 1433 varietas
1356 1401 1506 1434 occurrit
1523 1402 1557 1432 in
1574 1399 1678 1433 Praef.

208 1441 290 1474 libri
316 1442 424 1475 tertii.
469 1442 632 1475 Bai-thius
654 1443 747 1484 conj.
769 1443 913 1483 geniata,
936 1447 974 1475 et
1001 1443 1044 1475 de
1071 1444 1191 1476 Geniis
1212 1444 1247 1475 in
1270 1444 1410 1477 heroum
1426 1449 1462 1476 et
1483 1444 1679 1486 principum

207 1486 438 1519 monumentis
453 1485 504 1518 ita
517 1486 717 1528 explicavit,
740 1491 779 1518 ut
794 1495 871 1518 voc.
885 1487 1055 1527 complexa,
1079 1487 1170 1529 quod
1195 1487 1364 1528 seqnitur,
1385 1487 1428 1519 ad
1452 1486 1620 1529 fulgorem
1643 1491 1679 1519 et

873 1582 905 1614 N
911 1582 1015 1615 OTAE

251 1647 270 1677 1
298 1645 482 1686 Geminuta]
517 1644 690 1687 Apposite
714 1644 920 1686 geminatam,
974 1646 1024 1679 illi
1042 1646 1231 1680 Domitiani
1245 1647 1386 1680 colosso.
1431 1647 1475 1678 Et
1498 1646 1554 1677 hic
1567 1646 1680 1679 colosso

206 1705 268 1728 seu
283 1695 458 1737 duplicem
473 1699 534 1728 aut
548 1695 758 1738 duplicatam
782 1696 919 1736 molem,
973 1697 1079 1731 dandi
1105 1704 1158 1731 est
1178 1708 1274 1739 casu,
1299 1708 1368 1730 non
1384 1695 1576 1729 auferendi.
1623 1695 1680 1727 Ita

208 1747 289 1790 equi
305 1748 450 1790 scilicet,
473 1751 510 1780 et
533 1747 658 1790 equitis
679 1747 766 1780 dicit
781 1747 915 1780 Poeta:

207 1800 299 1833 Nam
350 1803 459 1832 totum
511 1799 628 1841 operis
680 1802 917 1839 conspectum,

209 1860 334 1893 equum
350 1850 491 1893 inquam
507 1854 544 1882 et
559 1859 728 1882 sessorem
743 1858 812 1881 una
824 1858 916 1881 com-

207 1902 344 1943 plexus,
365 1901 545 1942 eleganter
565 1900 774 1941 geminatam,
802 1900 837 1932 id
853 1903 918 1940 est,

209 1952 382 1994 duplicem
409 1952 533 1984 molem
550 1951 648 1984 dicit.
692 1950 793 1983 Solus
809 1960 917 1992 equus

208 2002 282 2036 basi
306 2003 467 2035 insistens
483 2012 547 2045 per
569 2013 606 2035 se
619 2011 777 2044 magnam
793 2002 917 2034 molem

208 2053 464 2094 constituebat;
487 2063 564 2086 cum
581 2063 664 2086 vero
676 2053 829 2085 colossus
851 2052 918 2084 Im.-

208 2104 381 2146 peratoris
411 2114 497 2147 equo
525 2104 704 2146 impositus
727 2107 794 2144 est,
814 2102 917 2142 gemi-

207 2158 283 2187 nata
299 2159 336 2187 et
352 2155 532 2196 duplicata
543 2154 614 2187 dici
629 2154 762 2186 debuit.
794 2154 919 2186 Potest

208 2206 313 2238 etiam
330 2205 522 2246 commode,
539 2205 587 2237 ait
603 2205 806 2244 Gevartius,
815 2203 917 2244 gemi-

207 2259 284 2287 nata
299 2255 355 2288 hic
370 2255 550 2297 explicari,
561 2255 571 2273 ‘
587 2253 796 2297 conjuncta,'
811 2256 821 2272 ‘
837 2263 917 2286 con·

206 2305 322 2346 nexa‚’
334 2310 372 2338 et
385 2308 395 2323 ‘
406 2307 568 2348 copulata
581 2306 602 2338 :’
616 2306 664 2338 ita
677 2305 818 2338 verbum
838 2305 848 2322 ‘
860 2313 918 2346 ge-

207 2355 358 2388 minare’
389 2361 536 2398 usurpat
565 2356 698 2390 Statius
726 2365 789 2398 pro
813 2365 917 2397 copu-

206 2406 293 2446 lare,
331 2410 369 2438 et
409 2407 631 2449 conjungere.
681 2406 739 2438 Sic
766 2406 918 2447 Epithal.

204 2458 346 2490 Stellae:
369 2461 379 2476 ¹
398 2458 470 2490 Dat
484 2459 576 2491 Juno
596 2457 747 2491 verenda
761 2457 920 2497 Vincula,

207 2514 244 2540 et
260 2507 385 2549 insigni
411 2508 564 2549 geminat
587 2507 783 2541 Concordia
805 2506 920 2540 taeda.'

207 2558 340 2591 Eodem
353 2559 453 2591 modo
470 2558 637 2591 Horatius
653 2564 729 2591 arte
749 2558 915 2591 Poetica:

205 2611 214 2627 ‘
231 2610 309 2642 Non
335 2613 374 2642 ut
398 2609 586 2651 Serpentes
602 2608 723 2641 avibus
742 2608 917 2650 geminen-

208 2664 276 2697 tur,
303 2659 449 2701 tigribus
486 2659 606 2701 agnael
650 2659 709 2691 Sic
743 2668 785 2691 eo
815 2667 917 2691 sensu

209 2710 278 2742 dici
294 2715 425 2751 potest,
437 2710 559 2751 molem,
573 2708 607 2740 id
622 2713 687 2748 est,
702 2718 826 2750 equum
842 2709 917 2740 basi

207 2762 437 2801 insistentem,
456 2761 650 2802 geminatam
667 2759 785 2801 fuisse,
802 2760 838 2791 id
851 2765 918 2801 est,

209 2813 427 2856 conjunctam
463 2818 499 2845 et
536 2821 725 2845 connexam
752 2812 926 2853 imposito·

973 1749 1077 1781 etiam
1109 1748 1194 1780 illud
1219 1748 1334 1780 Taciti
1366 1745 1678 1789 interpretandum,

971 1798 1097 1831 Annal.
1112 1799 1171 1831 lib.
1186 1808 1212 1831 ι.
1235 1800 1245 1817 ‘
1259 1798 1310 1831 M.
1321 1797 1513 1839 Agrippam
1527 1796 1678 1837 gemina-

972 1851 1016 1883 tis
1042 1849 1287 1882 Consulatibus
1312 1847 1465 1881 extulit.'
1509 1847 1616 1886 Nam,
1640 1851 1679 1878 ut

971 1906 1068 1934 recte
1084 1901 1264 1933 annotavit
1278 1900 1335 1932 hic
1348 1900 1498 1942 Lipsius,
1515 1908 1578 1941 per
1599 1900 1610 1916 ‘
1621 1908 1680 1940 ge-

971 1951 1116 1983 minatos
1153 1949 1371 1982 consulatus'
1392 1949 1555 1991 intelligit
1579 1948 1681 1980 Taci-

973 2007 1028 2034 tus
1049 2001 1264 2043 conjunctos,
1289 2006 1326 2033 et
1352 2009 1428 2032 sese
1454 2004 1573 2031 mutuo
1599 1998 1678 2030 sub-

973 2057 1171 2095 sequentes,
1181 2053 1231 2085 ita
1247 2056 1284 2084 ut
1299 2061 1362 2094 per
1377 2050 1464 2083 duos
1480 2059 1585 2082 annos
1598 2059 1679 2082 con·

973 2104 1087 2136 tinuos
1112 2103 1274 2145 Agrippa
1299 2102 1419 2135 consul
1452 2106 1558 2141 esset,
1586 2099 1676 2142 quod

972 2164 1054 2187 sane
1068 2158 1144 2186 erat
1160 2153 1382 2185 rarissimum.
1429 2152 1594 2184 Ceterum
1619 2149 1679 2182 alii

972 2209 1052 2236 sunt
1067 2204 1127 2246 qui
1141 2204 1264 2244 legunt
1273 2205 1444 2243 gemmata,
1457 2205 1494 2234 et
1508 2201 1678 2242 interpre-

972 2258 1103 2291 tantur,
1112 2253 1305 2286 radiantem
1318 2262 1358 2285 ac
1370 2252 1622 2295 splendentem,
1634 2260 1678 2282 ex

972 2305 1031 2338 illo
1047 2305 1219 2337 Martialis
1230 2314 1241 2336 ι
1263 2304 1273 2322 ‘
1287 2303 1363 2336 Nec
1379 2307 1413 2334 te
1429 2303 1585 2335 detineat
1601 2301 1678 2333 miri

974 2355 1108 2388 radiata
1128 2354 1253 2387 colossi
1268 2354 1355 2387 Quae
1378 2352 1549 2385 Rhodium
1571 2353 1677 2384 moles

972 2407 1114 2438 vincere
1130 2403 1259 2446 gaudet
1272 2402 1381 2445 opus.’
1413 2402 1482 2435 Sed
1497 2401 1678 2434 falluntur.

972 2457 1015 2489 In
1031 2456 1151 2499 primis
1167 2457 1285 2486 errant
1308 2454 1342 2485 in
1369 2462 1424 2494 eo,
1449 2451 1541 2495 quod
1563 2452 1679 2485 dicant

972 2506 1171 2539 Martialem
1201 2503 1323 2537 fecisse
1356 2504 1430 2536 haec
1454 2502 1608 2536 carmina
1642 2503 1677 2534 in

971 2557 1058 2590 hanc
1085 2555 1278 2589 Domitiani
1307 2558 1470 2587 statuam.
1516 2554 1618 2593 Nam,
1639 2557 1679 2585 ut

969 2612 1066 2640 recte
1081 2605 1126 2638 ad
1146 2606 1242 2638 illum
1266 2606 1380 2637 locum
1404 2604 1540 2636 notavit
1563 2603 1675 2636 Rade-

969 2669 1040 2699 rus,
1057 2656 1229 2690 Martialis
1245 2655 1294 2688 ibi
1309 2655 1382 2698 agit
1397 2655 1441 2687 de
1455 2654 1585 2687 colosso
1609 2654 1678 2686 Ne·

970 2709 1075 2750 ronis,
1090 2708 1189 2749 cujus
1199 2710 1306 2748 caput
1319 2715 1340 2737 a
1357 2704 1570 2746 Vespasiano
1583 2703 1678 2735 abla-

971 2765 1042 2794 tum
1068 2764 1133 2795 est.
1150 2762 1189 2791 et
1201 2757 1280 2790 solis
1297 2755 1506 2798 impositum,
1519 2754 1675 2796 adeoque

971 2815 1066 2843 totus
1081 2809 1232 2842 colossus
1247 2807 1309 2840 soli
1321 2810 1557 2840 consecratus.
1572 2804 1674 2837 Unde
