1800 3060
221 199 310 241 494

725 209 765 238 P.
797 207 989 240 PAPINH
1023 207 1190 239 STATH

220 303 499 347 Exhausisse
521 315 681 357 genas3
704 303 849 345 citius
868 303 1107 346 Tithonida
1126 303 1277 345 moesti

222 373 445 414 Deficient
463 384 598 421 rores,
620 374 697 413 aut
716 372 949 414 exsiccata
967 372 1150 413 fatiscet

223 440 374 482 Mater
395 438 612 480 Achilleis
633 438 815 493 hyemes
836 438 1075 493 affrangere
1095 438 1258 480 bustis.

223 507 376 549 Macte
397 506 557 548 animi:
587 509 718 548 notat
738 507 825 548 ista
845 508 989 555 Deus,
1010 506 1086 561 qui
1106 505 1246 547 flectit
1264 505 1461 547 habenas

224 574 374 624 Orbis,
391 578 437 614 et
454 573 672 614 humanos
690 574 874 628 propior
893 573 1010 616 Jove
1030 574 1188 627 digerit
1208 576 1362 625 actus3

225 642 583 695 Moerentemque
604 641 741 691 videt,
761 642 956 696 lectique
976 653 1140 683 arcana
1161 641 1346 682 ministri

225 710 350 751 Hinc
371 710 508 751 etiam
528 709 801 750 documenta
820 710 962 764 capit,
989 708 1107 762 quod
1129 707 1278 760 diligis
1299 708 1521 759 umbram,

1634 709 1693 750 40

224 778 283 820 Et
303 777 417 819 colis
438 777 680 832 exequias:
711 777 784 819 hic
807 782 877 819 est
894 777 1168 819 castissimus
1190 775 1349 829 ardor;

230 917 276 947 los
283 926 294 953 ;
320 915 430 947 tristes
443 915 589 957 lacrymae
602 914 697 947 citius
710 915 840 947 deerunt
858 913 1043 951 Tithonidi;
1065 916 1120 946 aut
1135 917 1235 945 mater
1250 913 1389 946 Achillis
1401 913 1555 946 exhausta
1568 912 1697 945 cessabit

229 959 358 990 allidere
374 960 473 990 undas
488 960 528 989 ad
552 959 617 999 ejus
632 959 794 989 tumulum.
841 958 949 989 Macte
967 956 1075 989 animi.
1121 957 1259 996 Numen,
1275 957 1354 997 quod
1380 958 1558 989 moderatur
1571 955 1695 995 froetws

224 1002 345 1042 mundi,
365 1005 397 1033 et
407 1001 535 1042 propior
550 1002 631 1032 Jove
644 1001 799 1040 gubernat
813 1010 864 1031 res
879 1001 1042 1039 humanas,
1064 999 1205 1031 observat
1219 1000 1292 1039 ista,
1306 1002 1338 1031 et
1351 1001 1451 1031 cernit
1465 1001 1619 1031 dolentem
1626 1009 1640 1037 ,·
1661 1001 1693 1030 et

224 1045 298 1076 hinc
326 1044 421 1076 sumit
436 1044 531 1076 etiam
544 1047 662 1076 secreta
677 1043 890 1085 experimento
905 1042 1019 1074 amoris
1034 1042 1184 1084 ministri,
1205 1043 1284 1083 quod
1298 1052 1386 1074 umas
1398 1046 1545 1084 nwrtuos,
1558 1045 1590 1074 et
1603 1050 1693 1074 veno-

834 1140 954 1152 eeeee
956 1139 1077 1152 Μ

217 1213 368 1250 ser-etum
392 1211 482 1255 quod
498 1211 729 1244 Marklaudus
745 1211 779 1243 in
796 1211 888 1243 curis
903 1209 1061 1242 secundis
1083 1209 1153 1251 legi
1173 1210 1303 1250 jussit3
1326 1213 1363 1242 et
1385 1209 1485 1251 primi
1501 1209 1538 1240 in
1559 1213 1695 1241 textum

226 1260 433 1297 receperant
458 1256 616 1287 Editores
641 1254 830 1295 Bipontini.
854 1253 1016 1285 Bai-thius
1039 1253 1073 1284 in
1102 1252 1252 1285 Advers.
1273 1253 1334 1284 lib.
1349 1261 1450 1284 xcw.
1467 1262 1543 1294 cap.
1559 1256 1591 1284 5.
1609 1261 1692 1284 con-

219 1299 403 1339 jectabat:
424 1299 519 1330 citius
544 1298 683 1340 Sipylaea
698 1297 828 1335 feratur
841 1308 853 1334 ;
877 1302 914 1329 et
938 1297 1002 1328 hoc
1027 1297 1158 1336 placuit
1181 1296 1285 1326 etiam
1310 1296 1345 1326 in
1364 1295 1464 1327 Notis
1481 1295 1523 1327 ad
1541 1295 1630 1326 bunc
1645 1294 1696 1326 lo-

225 1345 402 1373 etum—35
427 1341 594 1373 Heinsius
621 1341 664 1372 ad
692 1340 797 1372 Ovid.
821 1339 922 1372 Trist.
945 1348 969 1371 1.
994 1341 1046 1370 10.
1063 1341 1096 1370 8.
1113 1343 1150 1370 et
1165 1338 1199 1368 iu
1216 1338 1363 1370 Advers.
1381 1339 1402 1370 1.
1418 1338 1441 1370 1.
1460 1348 1522 1378 pro
1538 1337 1694 1369 exsiccata

227 1393 270 1415 ex
292 1385 403 1416 veteri
422 1384 543 1416 codice
564 1384 636 1415 vult
657 1383 915 1414 exsatiata—36
938 1382 1050 1413 Manet
1065 1381 1218 1413 Achilleis
1243 1381 1340 1412 Rom.
1364 1381 1490 1412 Venet.
1514 1384 1547 1412 2.
1571 1384 1608 1411 et
1623 1384 1692 1412 vet.

227 1427 480 1468 Lindeubrogii.
496 1428 621 1467 Margo
645 1426 700 1458 ed.
718 1427 837 1457 Barth.
861 1424 1131 1465 affringere.-—3S
1155 1424 1286 1455 Omnes
1312 1423 1392 1455 edd.
1415 1423 1557 1463 (ligerim
1585 1422 1694 1454 Hein-

226 1470 294 1502 sius
322 1475 436 1503 tamen
463 1470 508 1502 ad
538 1468 717 1502 Claudian.
745 1478 796 1500 vx.
825 1468 930 1500 Cous.
956 1467 1089 1499 Honor.
1118 1469 1194 1499 590.
1222 1466 1307 1507 legit
1335 1466 1462 1506 dirigit.
1509 1466 1574 1499 Hae
1592 1474 1695 1497 voces

892 1569 925 1601 N
930 1567 1039 1601 OTAE

229 1645 370 1678 nimium
386 1645 542 1678 dolorem
566 1645 610 1677 de
626 1645 720 1678 caede
734 1645 937 1685 liberorum,

228 1697 418 1738 obriguisse
434 1696 562 1728 dicitur
577 1697 610 1728 iu
625 1697 818 1737 scopulum,
834 1695 938 1736 Sipy-

227 1748 297 1779 lum
313 1748 455 1779 dictum.
499 1746 593 1778 Hinc
609 1746 753 1787 Sipylea.

271 1800 313 1829 34
337 1797 528 1829 Exhausisse
539 1797 653 1837 genas]
679 1795 857 1837 Lacrymis
873 1794 937 1827 sci-

228 1848 323 1880 licet.
362 1848 480 1880 Genas
498 1858 559 1889 pro
575 1848 683 1880 oculis
699 1848 826 1879 Nostro
841 1846 932 1878 sumi

220 1900 294 1941 jam
324 1899 593 1931 observavimus.
654 1897 861 1939 Propertius
893 1896 937 1928 de

230 1950 344 1982 Niobe
359 1961 367 1981 :
403 1950 413 1967 ‘
430 1950 487 1981 De
514 1949 629 1980 Niobe
659 1950 830 1989 lacrymas
856 1956 936 1988 sup-

230 2000 357 2041 primat
370 1999 443 2040 ipse
459 1998 572 2040 lapis)
617 1997 803 2038 Tithonida]
826 1997 936 2029 Auro-

230 2059 303 2082 ram
317 2049 458 2081 Tithoni
474 2059 628 2081 uxorem.

273 2103 315 2132 35
341 2099 457 2140 Bor-es]
482 2100 604 2139 Rei-es,
631 2109 706 2141 quae
722 2108 822 2131 mane
848 2098 937 2130 coelo

230 2150 412 2191 decidunt,
427 2149 589 2181 dicuntur
600 2149 764 2190 lacrymas
780 2148 938 2187 Aurorae,

229 2207 375 2235 mortem
391 2201 587 2234 Memnonis
609 2200 671 2232 filii
694 2199 823 2232 flentis.
873 2201 939 2231 Ex·

230 2253 364 2294 siccata]
400 2251 577 2293 Lacrymis
614 2251 762 2284 scilicet.
806 2251 938 2283 Eadem

231 2304 348 2336 Thetis
375 2303 411 2335 in
436 2301 654 2334 Achilleide:
692 2303 703 2321 ‘
718 2302 795 2334 Nec
819 2301 881 2333 tibi
896 2301 940 2333 de

232 2354 338 2386 tantis
355 2354 490 2395 placeat
501 2362 553 2384 me
569 2351 731 2385 fluctibus
746 2362 850 2385 unum
868 2352 939 2385 Lit-

233 2409 304 2444 tus,
315 2409 352 2436 et
366 2403 466 2439 Iliaci
483 2403 641 2443 scopulos
657 2403 812 2436 habitare
829 2403 939 2443 sepul-

233 2453 308 2487 cri!
354 2454 444 2487 Quia
459 2453 613 2485 Achilles
643 2453 800 2494 sepultus
824 2452 940 2484 fuerat

232 2505 268 2536 in
279 2505 393 2546 Sigaeo
407 2504 642 2546 promontorio
651 2503 777 2544 Trojae,
789 2503 938 2544 fingunt-

237 2565 303 2598 que
331 2554 453 2586 Poetae
479 2554 661 2586 Thetidem
687 2563 823 2594 semper
837 2552 940 2593 hujus

234 2605 366 2637 tumulo
380 2603 517 2636 affixam
542 2609 578 2635 et
598 2603 833 2637 indesinenter
855 2601 939 2634 flen-

235 2661 318 2689 tem.

278 2709 320 2736 36
344 2703 498 2746 Hyemes]
520 2703 591 2734 Pro
608 2703 721 2743 undis,
747 2712 807 2734 seu
826 2701 941 2734 flucti-

237 2754 299 2789 bus
316 2755 431 2800 maris,
449 2763 541 2797 saepe
558 2753 689 2787 Nostro
706 2757 897 2787 sumuntur.

1034 1646 1076 1675 37
1100 1641 1204 1683 Deus]
1226 1642 1460 1674 Domitianus.

1035 1697 1076 1727 38
1098 1695 1234 1735 Propior
1262 1695 1358 1736 Jove]
1382 1695 1496 1735 Reges
1525 1694 1618 1726 enim
1643 1702 1696 1725 se-

993 1746 1097 1778 cundi
1127 1755 1147 1777 a
1181 1746 1257 1777 Deo
1292 1755 1347 1777 res
1379 1746 1542 1777 humanas
1573 1745 1698 1786 guber-

991 1801 1088 1828 nant.

1034 1849 1076 1879 39
1099 1845 1301 1887 Moerentem]
1318 1845 1576 1878 Abascantinm.
1620 1846 1697 1878 Lec-

993 1899 1078 1939 tique
1090 1907 1205 1928 arcana
1220 1896 1359 1928 ministri
1378 1896 1467 1928 Hinc
1487 1897 1583 1928 etiam
1603 1898 1697 1928 docu-

991 1952 1095 1981 menta
1104 1948 1202 1988 capit,
1216 1948 1295 1988 quod
1310 1947 1421 1987 diligis
1440 1947 1597 1989 umbram]
1621 1948 1696 1988 Sig-

991 2009 1073 2032 num
1090 2003 1143 2031 est
1168 1999 1257 2030 enim
1275 1998 1366 2039 grati
1382 1998 1485 2031 animi
1511 1997 1695 2033 defunctos

993 2050 1125 2088 colere,
1139 2058 1222 2090 quos
1238 2049 1332 2079 vivos
1345 2049 1544 2081 amavimus.

1034 2103 1077 2133 41
1102 2099 1170 2132 Hic
1196 2102 1243 2130 est
1267 2098 1458 2131 castissimus
1484 2099 1603 2135 ardor,-
1628 2096 1697 2130 Hie

992 2161 1080 2183 amor
1089 2160 1110 2182 a
1124 2149 1260 2182 Domino
1271 2149 1402 2180 meritus
1422 2158 1545 2180 censore
1555 2148 1699 2190 probari]

994 2200 1072 2232 Hoc
1097 2199 1140 2231 ad
1175 2197 1480 2230 commendandam
1506 2197 1696 2234 Domitiani

995 2249 1211 2289 castitatem,
1236 2249 1307 2290 qui,
1346 2253 1386 2281 ut
1425 2249 1474 2281 ait
1502 2248 1697 2288 Suetonius,

995 2303 1182 2342 ‘suscepta
1209 2309 1342 2331 morum
1371 2299 1586 2332 correctione
1615 2308 1695 2340 pro-

995 2351 1107 2383 brosis
1136 2349 1286 2385 foeminis
1316 2350 1452 2382 lectieae
1478 2358 1576 2381 usum
1612 2348 1695 2381 ade-

994 2403 1072 2443 mit,
1097 2402 1221 2443 jusque
1247 2400 1408 2442 capiendi
1443 2401 1557 2442 legata
1585 2401 1694 2431 haere·

995 2453 1202 2494 ditatesqne.
1246 2451 1292 2483 Et
1307 2451 1470 2493 quosdam
1485 2460 1528 2482 ex
1550 2454 1695 2490 utroque

994 2503 1115 2535 ordine
1138 2503 1216 2544 lege
1239 2501 1417 2535 Scantinia
1441 2498 1693 2532 condemnavit.

993 2553 1134 2586 Incesta
1149 2553 1317 2594 virginum
1326 2551 1515 2585 Vestalium
1543 2549 1635 2581 varie
1652 2558 1693 2581 ae

993 2613 1113 2635 severe
1127 2603 1294 2635 coercuit.
1328 2602 1485 2644 Equitem
1503 2600 1694 2631 Romanum

994 2653 1039 2686 ob
1047 2653 1225 2685 reductam
1235 2653 1270 2684 in
1283 2650 1530 2683 matrimonium
1543 2658 1696 2688 uxorem,

995 2703 1050 2735 cui
1066 2702 1214 2734 dimissae
1226 2699 1385 2733 adulterii
1399 2699 1529 2732 crimen
1541 2697 1694 2731 intende-

995 2757 1061 2794 rat,
1076 2752 1179 2784 erasit
1190 2750 1348 2794 judicum
1363 2748 1467 2783 albo!
