1800 3060
189 210 218 251 4
774 219 1052 252 PRAEFA'rio.

188 327 306 359 verae
344 315 580 358 Lectiones
609 327 700 358 non
730 316 886 359 invitae
917 319 1226 371 sequerentur3
1258 315 1446 358 diversae
1471 314 1650 370 quidem

187 385 295 435 illae,
320 388 511 426 attamen
533 398 560 426 a
580 383 774 437 vulgatis
804 397 895 426 non
917 383 1102 425 multum
1124 383 1455 436 discrepantes3
1491 383 1650 426 calami

189 452 346 494 saltem
386 451 611 502 ductibus,
643 456 685 493 et
704 452 934 493 literarum
968 449 1175 504 apicibus
1203 450 1516 493 alludentibus.
1577 450 1651 502 At,

189 520 268 561 Dii
289 520 409 570 boni,
431 524 641 573 quantum
662 519 709 560 in
728 519 810 560 hac
832 510 1012 573 quoque
1034 520 1159 571 parte
1180 517 1321 558 falsus
1341 517 1403 558 fui
1421 519 1430 560 !
1456 557 1458 559 ,
1490 518 1649 560 Statim

188 587 303 628 enim
324 586 602 639 deprehendi,
631 598 722 626 non
753 598 853 626 cum
882 584 1058 638 punctis
1089 589 1135 625 et
1161 584 1369 638 apicibus
1387 588 1431 626 et
1449 586 1648 627 minutiis

187 653 312 694 hisce
335 653 501 694 criticis
516 666 608 693 rem
623 651 730 693 mihi
748 652 967 703 futuram3
990 651 1071 692 sed
1090 651 1355 694 debellanda
1370 665 1473 694 esse
1496 656 1509 675 ‘
1524 666 1648 695 mon-

187 725 279 761 stra
307 719 542 769 horrenda,
578 718 800 769 informia,
821 717 1046 772 ingentia:
1081 723 1124 760 et
1157 717 1228 773 (ut
1261 719 1345 760 Ille
1367 718 1454 775 ait)
1483 721 1646 775 quibus

186 800 314 828 omne
336 790 348 808 ‘
365 787 510 828 lumen
532 784 781 827 ademtum.’
842 784 948 826 Non
968 786 1081 826 enim
1101 785 1258 826 leviter
1277 790 1355 827 aut
1368 799 1490 828 more
1509 788 1645 829 solito

184 854 232 895 in
251 854 321 895 his
344 854 495 908 Sylvis
526 859 740 907 grassatae
772 855 875 895 sunt
902 854 1149 906 ignorantia
1178 857 1224 894 et
1253 852 1536 907 depravatio:
1567 854 1662 895 sed

184 921 375 975 penituS,
396 924 439 961 et
457 921 502 961 in
518 921 631 961 imas
653 919 872 961 medullas
892 919 1121 961 descendit
1140 920 1293 974 pestis,
1313 933 1401 962 non
1417 921 1515 962 sine
1532 920 1645 961 ferro

185 991 229 1029 et
248 992 425 1029 cautere
444 987 726 1042 extirpanda.
787 987 831 1029 N
837 987 973 1029 otatis
1003 988 1136 1041 igitur
1164 987 1387 1029 nonnullis
1405 987 1520 1029 locis
1541 1000 1643 1042 quae
1663 981 1670 988 ’

183 1068 274 1097 non
303 1055 519 1105 intellexi,
549 1059 593 1096 et
623 1055 679 1096 de
713 1055 876 1108 quibus
917 1054 1129 1096 siluerant
1158 1053 1440 1108 Interpretes,
1467 1055 1645 1096 lectioni

184 1122 399 1164 Statianae
419 1123 666 1176 diligentius
686 1122 894 1175 incubui;
933 1127 1198 1176 experturus
1217 1122 1402 1172 scilicet,
1422 1133 1479 1163 an
1498 1122 1644 1163 lucem

184 1190 383 1244 aliquam
424 1191 511 1232 sibi
541 1190 632 1244 ipsi
670 1190 910 1232 foeneraret
939 1189 1080 1232 Vates
1115 1189 1473 1231 obscurissimus.
1534 1189 1643 1231 Hoc

182 1258 358 1299 tandem
398 1258 534 1299 modo
564 1271 666 1299 sese
695 1258 884 1312 primum
915 1258 1115 1312 aperuit:
1148 1258 1291 1299 donec
1321 1257 1446 1299 aliud
1474 1270 1533 1299 ex
1552 1257 1641 1299 alio

183 1325 415 1379 arripiens,
457 1329 501 1367 et
539 1325 730 1367 Statium
764 1326 851 1367 sibi
888 1326 977 1380 ipsi
1017 1338 1299 1380 comparans,
1334 1324 1642 1366 adblandiente

182 1393 398 1446 profectu,
419 1393 462 1433 in
481 1392 596 1434 hanc
616 1393 947 1447 persuasionem
968 1393 1228 1445 devenerim,
1249 1397 1298 1434 ut
1317 1406 1375 1435 ex
1390 1392 1640 1448 quingentis

181 1458 295 1501 locis
321 1473 423 1514 quae
452 1473 540 1502 non
571 1460 894 1512 intellexeram,
913 1459 1009 1515 jam
1037 1473 1126 1502 non
1153 1464 1317 1503 restent
1345 1460 1641 1515 quadraginta

179 1526 236 1569 de
256 1529 415 1582 quibus
436 1528 676 1583 desperem.

238 1594 296 1637 Et
314 1595 393 1637 illa
412 1596 590 1651 quidem
609 1596 743 1638 facile
763 1596 937 1638 tolerari
967 1602 1013 1638 et
1038 1596 1136 1639 tolli
1157 1599 1399 1651 potuerunt
1418 1596 1639 1638 Librariu-

179 1676 274 1705 rum
311 1667 466 1714 errata,
507 1677 608 1717 quae
638 1664 934 1705 nascebantur
963 1677 1021 1705 ex
1052 1664 1271 1718 positione
1301 1655 1428 1706 vocis
1449 1663 1640 1718 alicujus

178 1743 261 1795 pro
302 1731 476 1773 diversa
508 1731 711 1785 ejusdem
741 1731 997 1788 quantitatis
1028 1736 1074 1773 et
1109 1745 1210 1786 quae
1239 1733 1296 1774 ab
1326 1732 1480 1774 eadem
1509 1731 1639 1774 litera

178 1798 407 1852 inciperet.
467 1798 651 1840 Planius
670 1799 852 1853 loquar:
889 1798 1084 1842 obvium
1106 1799 1201 1851 fuit,
1221 1800 1379 1842 saltem
1408 1811 1493 1840 non
1522 1796 1637 1839 adeo

180 1864 371 1915 difficile,
393 1878 522 1906 sensu
542 1866 797 1908 necessario
816 1867 1083 1921 postulante,
1101 1870 1145 1908 et
1165 1867 1303 1908 literis
1322 1865 1637 1921 praeeuntibus,

178 1945 264 1987 pro
301 1939 340 1973 et
365 1933 537 1987 fervent
568 1933 745 1988 compita
767 1932 967 1988 flammis,
1000 1934 1267 1975 substituere
1296 1931 1522 1988 effulgent,-
1554 1941 1639 1985 pro·

178 1999 341 2041 verbere
356 1999 495 2051 crudo,
516 1999 655 2042 crebro
669 2016 686 2046 ,·
704 2014 784 2056 pro
802 1999 917 2042 docto
933 2001 1110 2052 numine,
1123 1999 1265 2042 dextro
1276 2016 1292 2045 ;
1309 2013 1390 2055 pro
1405 1997 1637 2040 admirante

179 2065 383 2117 Fortuna,
403 2067 643 2109 adversante
662 2084 678 2114 ,·
702 2081 784 2123 pro
803 2082 1001 2118 serenam,
1022 2067 1248 2116 sedentem,-
1269 2080 1350 2123 pro
1371 2079 1539 2108 munera
1558 2079 1638 2107 ces·

178 2141 288 2185 sant,
308 2149 477 2176 munera
498 2150 635 2177 census
652 2152 668 2181 ‚·
703 2149 785 2191 pro
823 2135 895 2177 Sic
928 2143 1015 2178 tota
1041 2150 1132 2177 cum
1151 2144 1256 2178 veste
1275 2135 1376 2186 ruit,
1409 2133 1525 2176 Sicut
1545 2139 1637 2174 erat

179 2216 270 2243 cum
291 2210 394 2245 veste
415 2203 500 2244 ruit
515 2219 530 2248 ;
562 2217 641 2258 pro
670 2203 809 2258 pudor
839 2202 933 2244 inde
953 2217 1064 2245 novas
1082 2202 1240 2253 mentis,
1261 2201 1446 2258 ingenuae
1466 2200 1638 2245 mentis,-

177 2283 260 2324 pro
281 2277 368 2322 aut,
391 2271 501 2312 acria
519 2287 536 2316 ,·
574 2284 656 2326 pro
689 2269 768 2322 illi,
789 2270 918 2312 hilari
928 2287 944 2316 ;
970 2283 1051 2325 pro
1074 2285 1187 2321 cura,
1203 2269 1316 2311 cultu
1327 2286 1343 2315 ,·
1361 2282 1464 2324 quae
1485 2267 1635 2310 omnia

176 2335 247 2392 (et
265 2336 403 2379 multo
428 2339 561 2391 plura
580 2340 782 2392 possem)
802 2351 862 2380 ex
882 2338 1055 2380 duobus
1073 2338 1292 2393 prioribus
1315 2336 1460 2378 Libris
1480 2335 1634 2377 harum

179 2403 412 2457 Sylvarum
434 2406 667 2460 excerpsi:
709 2406 825 2457 haec,
856 2406 1054 2460 inquam,
1086 2410 1134 2447 et
1158 2405 1320 2447 similia
1341 2416 1429 2445 non
1447 2402 1632 2445 multum

177 2470 293 2512 forte
327 2473 494 2525 negotii
533 2473 806 2516 facesserent
844 2476 1010 2516 attento
1050 2473 1242 2523 Lectori,
1285 2476 1331 2513 ct
1361 2471 1439 2526 qui
1481 2471 1633 2512 sensui

179 2537 380 2589 inhaeret,
399 2544 443 2581 et
462 2544 649 2582 mentem
674 2539 888 2583 Auctoris
916 2543 959 2583 et
978 2540 1164 2594 vestigia
1194 2538 1497 2593 subsequitur:
1524 2536 1633 2592 quid

178 2617 285 2647 vero
325 2606 465 2657 dices,
501 2621 602 2648 cum
630 2609 846 2651 inveneris
866 2607 968 2650 lecto
995 2621 1076 2662 pro
1092 2605 1222 2663 furto
1238 2621 1253 2651 ‚·
1286 2605 1425 2646 domus
1442 2603 1531 2646 alta
1551 2617 1632 2659 pro

185 2669 488 2727 Venus1almffl
528 2689 681 2717 mensas
716 2689 795 2731 pro
824 2674 1053 2731 nympham
1093 2680 1283 2715 curvatus
1314 2685 1395 2727 pro
1427 2671 1604 2712 nudatus
1615 2687 1631 2716 ,ν

179 2738 284 2783 bibit
305 2755 386 2796 pro
410 2741 507 2783 tulit
525 2758 539 2788 ,·
574 2742 744 2795 Discite,
767 2757 847 2799 pro
887 2742 1020 2786 Vivite
1036 2759 1050 2788 ‚·
1077 2741 1268 2785 Libertas
1286 2753 1366 2796 pro
1391 2737 1600 2781 Nobilitas
1615 2753 1631 2783 ‚-
