1800 3060
215 215 302 260 482
718 230 759 260 P.
792 228 987 260 PAP1N11
1023 229 1190 262 s'rA'ru

391 325 560 367 Praeter
580 337 664 376 me,
682 324 791 365 mihi
811 323 1009 366 constitit
1028 324 1246 367 decussis.

388 393 458 435 Tu
476 406 628 435 rosum
650 393 796 442 tineis,
820 392 1001 446 situque
1024 397 1213 446 putrem,

391 461 566 512 Quales
589 465 664 503 aut
684 461 868 516 Libycis
887 461 1070 502 madent
1090 461 1240 511 olivis,

389 529 485 571 Aut
503 529 607 571 thus
631 528 860 571 Niliacum
881 529 1064 583 piperve
1083 533 1280 579 servant,

388 596 481 639 Aut
502 596 802 651 Byzantiacos
823 596 948 637 olent
966 596 1159 638 lacertos
1174 609 1206 649 ;‚

390 664 492 706 Nec
513 664 673 706 saltem
693 667 771 705 tua
790 664 913 706 dicta
932 665 1239 715 continentem,

390 731 507 783 Quae
528 733 644 774 trino
657 732 840 786 juvenis
861 732 957 774 foro
977 733 1184 783 tonabas,

389 798 483 842 Aut
498 804 675 843 centum
696 813 836 854 prope
851 799 1042 854 judices,
1061 800 1185 855 prius
1206 813 1339 855 quam

1625 396 1683 438 10

1625 736 1683 778 15

220 920 305 960 Tuus
319 928 454 954 comesus
468 933 487 954 a
502 922 621 964 blattis,
633 925 663 954 et
679 922 831 962 nuncians,
846 923 952 962 quales
973 923 1094 954 chareae
1109 926 1194 963 sunt,
1209 934 1279 964 quae
1293 925 1348 955 aut
1363 923 1580 955 humectantur
1593 922 1685 954 olivis

217 963 356 1006 Libycis,
372 970 426 997 aut
439 966 599 998 involvunt
615 966 688 997 thus
705 965 867 997 Niliacum
881 975 918 996 ac
940 965 1040 1007 piper,
1063 969 1230 1007 teguntque
1253 967 1385 998 lacertos
1407 967 1614 1008 Byzantinos,
1628 975 1684 997 nec

216 1007 351 1040 continet
367 1008 536 1050 orationes,
551 1019 628 1051 quas
645 1009 773 1047 juvenis
795 1008 979 1049 personabas
994 1009 1029 1040 in
1053 1009 1172 1050 triplici
1190 1009 1279 1050 soro,
1294 1012 1349 1041 aut
1364 1012 1436 1041 ante
1453 1010 1682 1050 Centumviros,

834 1103 1073 1116 eeeeeeeeeeee

215 1174 318 1204 2.—9
338 1171 465 1202 Praeter
479 1179 527 1201 me
542 1169 790 1201 subobscurum
806 1173 874 1207 est,
898 1169 1010 1211 inquit
1031 1170 1194 1202 Heinsius
1217 1169 1390 1202 Gronovio
1415 1169 1544 1211 Syllog.
1570 1170 1682 1210 Epist.

215 1215 382 1246 Tom.1n.
399 1215 520 1254 p.473.
534 1211 616 1244 alibi
634 1222 737 1244 vero:
764 1212 889 1243 Nescio
905 1222 948 1243 an
965 1213 1050 1244 satis
1059 1223 1176 1244 sanum
1189 1213 1244 1244 sit.
1277 1213 1423 1244 Gevart.
1436 1213 1588 1244 Gronov.
1604 1213 1683 1245 Mo-

217 1258 293 1288 rell.
307 1258 428 1288 Barth.
442 1256 554 1287 veen.
568 1260 605 1287 et
618 1255 743 1296 Delpb.
759 1255 900 1292 decussi;
911 1256 1053 1286 Venett.
1068 1257 1182 1287 P-arm.
1195 1257 1290 1287 Rom.
1306 1255 1410 1287 Aldd.
1423 1255 1531 1287 Colin.
1546 1255 1682 1297 Gryph.

216 1300 325 1332 Basil.
341 1305 378 1331 et
399 1299 513 1330 Plant.
527 1298 674 1338 decussis,
689 1298 779 1339 quod
797 1298 974 1329 revocavit
995 1299 1211 1330 Markl.—l3
1235 1299 1400 1330 Heinsius
1417 1298 1592 1330 Gronovio
1606 1299 1684 1340 Syl-

216 1344 286 1384 log.
301 1343 413 1384 Epist.
425 1342 521 1373 Tom.
539 1350 599 1373 111.
615 1351 649 1381 p.
662 1343 740 1372 469.
757 1341 881 1372 scribit
895 1351 904 1372 ε
928 1343 937 1358 ‘
949 1339 991 1371 Τὸ
1006 1342 1109 1373 colunt
1124 1340 1270 1373 offendit
1286 1351 1386 1372 aures
1401 1350 1508 1373 meas.
1531 1341 1622 1372 Vide
1639 1350 1683 1373 ne

215 1386 396 1427 scripserit
411 1385 556 1423 Statius,
571 1383 679 1415 olent!
725 1383 782 1415 Ita
796 1383 900 1415 etiam
916 1384 1059 1424 corrigit
1074 1385 1108 1415 in
1125 1385 1267 1416 Advers.
1284 1384 1340 1415 lib.
1353 1393 1405 1416 ιν.
1422 1393 1497 1424 cap.
1511 1386 1543 1416 8.
1556 1393 1589 1424 p.
1606 1386 1682 1415 618.

217 1429 321 1460 Hanc
333 1426 499 1459 Gronovii
514 1426 750 1468 conjecturam
775 1426 940 1467 surripuit
965 1427 1289 1458 Marklandus.—l5
1319 1427 1399 1462 Quae
1415 1427 1499 1458 trino
1510 1426 1618 1458 nivem
1630 1437 1684 1458 ore

216 1471 348 1504 rombus
377 1469 598 1510 Parmensis3
616 1468 746 1508 juvenis
767 1469 844 1509 suro
870 1468 999 1501 rorabas
1021 1474 1091 1502 vet.
1120 1469 1366 1511 Lindenbrogii
1393 1473 1429 1501 et
1449 1470 1576 1502 Venet.
1604 1471 1683 1502 2.—

879 1556 1027 1590 NOTAE

259 1625 282 1655 9
305 1623 431 1654 Praeter
454 1624 516 1665 me]
539 1622 580 1655 Id
603 1625 669 1662 est,
688 1624 922 1663 praeterquam

217 1674 309 1717 quod
331 1673 394 1705 sim
415 1678 555 1708 auctor:
578 1674 720 1706 miserat
740 1673 828 1704 enim
854 1672 922 1704 Pa-

217 1724 329 1766 pinius
342 1724 459 1756 Plotio
473 1724 617 1766 Grypho
629 1732 772 1764 operum
788 1732 923 1754 suorum

217 1775 356 1808 librum.
400 1774 566 1815 Decus-sis]
587 1773 630 1806 Id
653 1777 720 1813 est,
736 1773 854 1804 decem
871 1782 924 1804 as-

217 1826 325 1858 sibus.
361 1825 522 1865 Dec-assis,
544 1828 584 1856 ut
605 1823 615 1842 ⁴
629 1821 817 1856 centussis'
831 1822 922 1864 apud

217 1876 398 1909 Persium:
421 1876 431 1894 ‘
449 1876 495 1907 Et
509 1878 650 1907 centnm
666 1873 807 1906 Graecos
823 1879 923 1905 curto

217 1932 380 1959 centusse
395 1924 544 1958 licetur!

260 1980 301 2008 11
327 1976 459 2016 Quales]
481 1976 604 2008 Fatum
619 1974 812 2015 ineptorum
825 1973 924 2005 libro-

215 2035 293 2059 rum
314 2026 480 2059 inservire
504 2024 718 2057 involvendis
741 2024 925 2056 mercibus.

216 2077 391 2109 Martialis
424 2075 682 2118 Epigrammate
721 2074 768 2116 ad
800 2075 924 2107 librum

217 2138 316 2162 suum
343 2127 404 2160 lib.
429 2136 481 2159 ιν.
539 2127 549 2145 ⁴
566 2127 603 2159 Si
627 2126 856 2164 damnaverit,
880 2126 924 2157 ad

214 2179 417 2212 salariorum
448 2179 573 2211 Curras
601 2178 726 2210 scrinia
767 2177 923 2218 protinus

214 2229 362 2263 licebit!
404 2229 503 2261 Idem
527 2228 586 2261 lib.
610 2238 668 2261 ur.
684 2227 726 2260 ad
757 2227 924 2259 eundem.-

215 2282 226 2300 ‘
245 2281 302 2312 Ne
324 2280 458 2322 nigram
480 2279 550 2311 cito
573 2283 694 2320 raptus
717 2279 754 2311 in
775 2278 924 2310 culinam

217 2330 389 2363 Cordillas
415 2330 553 2362 madida
574 2334 670 2371 tegas
694 2338 838 2371 papyro,
854 2328 923 2360 Vel

215 2381 326 2413 thuris
354 2380 551 2422 piperisque
581 2379 627 2411 sis
653 2378 832 2411 cucullus.’
866 2378 923 2410 Li-

215 2431 303 2473 bycis
327 2431 436 2473 olivis]
458 2432 568 2463 Erant
593 2432 742 2463 omnium
764 2431 923 2472 pessimae

216 2481 347 2514 Africae
364 2491 424 2514 seu
450 2482 577 2523 Libyes
600 2482 712 2522 olivae,
738 2485 830 2514 teste
849 2481 922 2513 Pli-

215 2543 286 2566 mo.

260 2587 303 2617 12
327 2584 410 2616 Thus
429 2582 604 2624 Niliacum]
626 2584 669 2616 Id
693 2587 756 2624 est,
771 2582 921 2624 interpo-

216 2636 325 2668 latum
336 2634 370 2666 in
380 2634 544 2676 AEgypto,
557 2634 648 2666 unde
662 2635 806 2666 Romam
821 2631 922 2665 affer-

216 2685 246 2717 ri
273 2684 419 2717 solebat.
461 2683 551 2716 Vide
582 2684 734 2716 Plinium
765 2683 824 2715 lib.
853 2693 923 2715 xri.

217 2743 296 2775 cap.
326 2736 380 2767 13.
424 2732 562 2775 Alioqui
592 2743 712 2765 verum
742 2733 833 2774 thus,
858 2743 923 2766 nec

219 2787 450 2821 adulteratum
479 2786 544 2819 soli
568 2786 707 2820 Arabiae
735 2785 921 2829 proprium.

977 1620 1068 1653 Vide
1081 1621 1221 1654 ibidem.

1022 1674 1062 1703 13
1086 1672 1300 1714 Byzantium
1328 1671 1477 1713 lacertos]
1501 1670 1683 1712 Lacertae,

979 1731 1088 1763 genus
1114 1724 1220 1764 piscis
1243 1724 1288 1756 ad
1318 1724 1525 1755 salsamenta
1554 1722 1683 1757 idonei.

980 1773 1028 1805 Hi
1057 1774 1169 1816 pisces
1200 1784 1310 1816 prope
1337 1774 1543 1816 Byzantium
1568 1774 1685 1816 capie-

978 1823 1116 1864 bantur,
1133 1830 1170 1857 et
1182 1825 1261 1857 hinc
1273 1826 1414 1857 Romam
1439 1823 1683 1858 afferebantur.

975 1874 1068 1906 Vide
1083 1875 1232 1907 Plinium
1247 1875 1308 1908 lib.
1321 1884 1442 1908 xxxu.
1459 1884 1537 1916 cap.
1552 1875 1616 1907 ult.

1021 1926 1062 1956 15
1089 1925 1280 1966 Trinoforo]
1304 1925 1398 1957 Ante
1410 1925 1602 1966 Augustum
1613 1925 1683 1958 Ro-

977 1984 1042 2006 mae
1051 1975 1120 2007 duo
1132 1979 1266 2008 tantum
1279 1980 1378 2007 erant
1388 1974 1476 2016 fora,
1490 1976 1682 2008 Romanum

978 2031 1015 2058 et
1029 2026 1173 2067 Julium,
1186 2027 1220 2059 in
1236 2027 1359 2069 quibus
1376 2027 1512 2068 judicia
1526 2026 1657 2060 fiebant
1671 2038 1683 2061 z

978 2079 1119 2110 tertium
1143 2078 1279 2110 addidit
1301 2077 1489 2119 Augustus,
1503 2087 1571 2110 non
1590 2077 1683 2110 suffi-

978 2128 1147 2160 cientibus
1169 2128 1301 2161 duobus
1324 2128 1509 2170 prioribus,
1525 2133 1566 2161 ut
1581 2128 1684 2161 disci-

978 2189 1053 2211 mus
1079 2189 1124 2211 ex
1145 2180 1311 2211 Suetonio
1334 2189 1412 2220 cap.
1435 2181 1490 2210 29.
1513 2178 1680 2221 Augusti:

976 2231 986 2248 ‘
1004 2229 1140 2271 Causa,'
1163 2230 1223 2271 ait,
1257 2230 1267 2247 ‘
1291 2228 1358 2262 fori
1383 2229 1583 2261 exstruendi
1613 2228 1682 2262 fuit

977 2281 1147 2314 hominum
1177 2286 1214 2313 et
1236 2280 1448 2323 judiciorum
1482 2279 1682 2319 multitudo,

977 2342 1055 2374 quae
1087 2332 1290 2372 videbatur,
1325 2341 1394 2363 non
1433 2328 1680 2362 sufficientibus

978 2382 1123 2423 duobus,
1144 2383 1248 2415 etiam
1270 2381 1375 2414 tertio
1400 2379 1566 2422 indigere.
1609 2379 1679 2411 lta-

979 2444 1046 2476 que
1071 2434 1305 2474 festinantius,
1329 2441 1395 2464 nec
1417 2431 1497 2464 dum
1525 2429 1681 2473 perfecta

976 2485 1101 2516 Martis
1117 2484 1205 2521 aede,
1221 2482 1434 2525 publicatum
1456 2485 1510 2513 est
1525 2484 1679 2512 cautum·

976 2545 1043 2577 que
1064 2539 1103 2566 ut
1118 2533 1305 2575 separatim
1322 2533 1357 2564 in
1373 2541 1414 2564 eo
1437 2530 1574 2573 publica
1583 2530 1679 2571 judi-

976 2585 1029 2617 cia
1046 2588 1083 2616 et
1095 2584 1294 2617 sortitiones
1304 2582 1459 2624 judicum
1475 2580 1622 2612 fierent:

1019 2639 1061 2668 16
1082 2636 1149 2668 Aut
1182 2638 1302 2667 centum
1329 2631 1470 2673 ,fudit-es]
1506 2631 1677 2673 Intelligit

976 2685 1231 2724 Centumviros‚
1255 2683 1298 2716 de
1321 2682 1444 2725 quibus
1465 2681 1595 2723 egimus
1616 2681 1676 2714 So-

975 2735 1069 2769 teriis
1085 2734 1225 2768 Gallici.
1673 2739 1674 2742 ’
