1800 3060
145 221 234 265 558
645 232 686 262 P.
720 230 911 262 ΡΑΡιΝιι
945 228 1110 261 S'rA'ru

147 328 260 371 Inde
276 327 482 383 frequens
502 327 685 382 palmae,
706 327 925 383 nulloque
946 327 1136 381 ingloria
1158 341 1289 371 sacro

146 395 256 438 Vox
275 399 372 438 tua:
405 408 494 437 non
516 396 647 437 toties
668 395 886 437 victorem
909 395 1099 437 Castora
1119 409 1240 451 gyro,

147 464 249 506 Nec
267 464 443 506 fratrem
464 467 602 505 caestu
623 463 787 506 virides
807 463 1015 518 plausere
1035 462 1305 522 Therapnae.

148 534 216 578 Sit
235 546 422 589 pronum
443 531 607 574 vicisse
627 533 770 584 domi3
802 532 908 587 quid
926 531 1097 574 Achaea
1115 534 1270 574 mereri

148 603 361 653 Praemia,
381 614 499 642 nunc
519 602 652 642 ramis
673 600 854 651 Phoebi,
873 613 987 642 nune
1007 600 1200 654 germine
1221 600 1396 653 Lernae,

149 671 285 714 Nunc
307 666 605 712 Athamantea
624 672 868 722 protectum
887 674 1084 723 tempora
1101 668 1239 722 pinu?

148 740 264 783 Cum
287 738 422 781 toties
443 738 627 786 lassata,
647 742 792 778 tamen
813 749 1032 790 nusquam
1053 737 1158 778 avia
1177 736 1354 779 frondes

147 807 370 858 Abstulit,
392 810 469 848 aut
491 806 624 847 alium
642 805 786 859 tetigit
809 805 1009 847 Victoria
1029 805 1208 846 crinem.

150 876 275 919 Hinc
295 875 376 918 tibi
396 878 501 918 vota
521 877 695 929 patrum
715 873 847 925 credi,
868 886 1170 928 generosaque
1191 873 1335 928 pubes

1529 464 1614 506 140

1530 797 1616 849 145
1662 857 1665 858 ⁷

147 1002 295 1040 parentes
318 1003 348 1031 te
373 1001 567 1032 ostentavere
589 998 695 1030 liberis
717 998 794 1030 suis.
841 997 918 1030 Inde
938 997 1112 1038 eloquentia
1126 1001 1181 1029 tua
1195 1007 1278 1039 ωερε
1300 997 1447 1039 certavit,
1462 1009 1519 1030 nec
1532 998 1618 1030 victa

141 1042 214 1081 suit
235 1043 271 1074 in
298 1042 371 1074 ullis
397 1042 492 1074 ludis.
540 1041 665 1074 Vin-ides
690 1041 863 1083 Therapnae
887 1052 948 1073 mm
967 1043 1060 1073 toties
1083 1042 1264 1082 plauserunt
1290 1041 1454 1074 Castorem
1471 1042 1618 1074 victorem

149 1085 286 1126 equestri
299 1086 480 1126 certamine,
491 1095 712 1125 ger-manumve
727 1086 794 1125 eJ'us
805 1087 903 1117 coestu
918 1085 1079 1116 tictorem.
1126 1085 1216 1125 Esto,
1222 1084 1324 1124 facile
1330 1084 1435 1124 suerit
1449 1087 1534 1126 apud
1546 1093 1619 1116 suot

151 1129 282 1160 vicisse.-
302 1129 376 1169 quid
402 1129 516 1160 mereri
542 1129 663 1169 palmas
687 1129 834 1166 Achoeus,
858 1131 997 1169 tempora
1019 1128 1185 1159 redimitus
1213 1138 1294 1159 num
1302 1128 1476 1166 frondibus
1494 1127 1618 1166 Phoebi,

149 1181 231 1204 nunc
246 1172 316 1213 apio
328 1172 454 1210 Lernae,
468 1181 549 1203 nunc
562 1172 657 1212 pinea
671 1181 783 1203 corona
798 1170 1034 1204 Athamantea?
1081 1171 1163 1202 Cum
1189 1171 1282 1202 toties
1301 1170 1450 1211 fatigata
1475 1171 1619 1209 victoria,

151 1224 300 1257 nusquam
321 1219 424 1247 tamen
439 1225 560 1252 aversa,
582 1215 641 1246 tibi
664 1224 767 1246 ramos
780 1214 909 1255 eriJmit,
923 1219 977 1246 aut
994 1214 1104 1254 tetigit
1118 1213 1198 1246 alias
1213 1223 1325 1247 comm).
1371 1214 1459 1246 Hinc
1472 1214 1533 1246 eibi
1547 1223 1618 1255 spes

769 1310 1011 1323 Oooooaeaeeeeeo

150 1374 238 1406 boica
261 1376 442 1417 legendum
461 1377 606 1419 putabat
623 1377 785 1408 Heinsius
802 1377 835 1408 in
855 1376 1000 1409 Advers.
1024 1377 1187 1419 locojam
1203 1376 1433 1409 citum—138
1455 1375 1534 1407 Inde
1547 1376 1619 1414 sre-

151 1428 244 1459 quens
254 1429 370 1460 pugnae
384 1420 464 1453 edd.
483 1427 567 1453 vett.
586 1421 731 1452 mutavit
747 1420 1096 1452 Marklandus.—140
1119 1421 1237 1452 Parm.
1261 1420 1399 1451 clausere
1423 1419 1619 1460 rherum,-

153 1461 236 1496 Ald.
263 1465 292 1495 1.
320 1463 620 1497 Ther-amum—l-tl
645 1464 705 1496 Sin
731 1473 865 1505 pronum
890 1464 1208 1496 Parmensis.—14⁷
1248 1462 1338 1495 Edd.
1360 1467 1447 1495 vett.
1467 1471 1565 1495 morea
1587 1467 1620 1495 et

821 1544 966 1577 NOTAE

151 1607 208 1640 hic
237 1608 314 1642 est!
359 1608 527 1642 Horatius
562 1619 616 1642 lv.
649 1609 728 1642 Ode
755 1613 790 1642 3.
818 1610 861 1642 ad

153 1658 421 1701 Melpomenen:
449 1661 593 1692 ‘Totum
618 1661 768 1693 muneris
795 1661 861 1692 hoc

153 1710 204 1741 tui
217 1715 282 1751 est,
293 1710 394 1743 Quod
410 1716 580 1744 monstror
592 1711 700 1754 digito
717 1716 861 1754 praeter-

153 1762 325 1801 euntium,
338 1762 501 1794 Romanae
517 1761 642 1795 fidicen
657 1762 768 1804 lyrae-¹

197 1816 261 1845 138
284 1814 443 1856 Frequens
455 1815 569 1856 palmoe
591 1814 744 1857 [pugnoe]
766 1814 864 1846 Simi-

153 1864 196 1896 lis
225 1865 354 1897 locutio
385 1865 663 1907 praecedentibus
701 1865 863 1897 ‘laudum

154 1915 298 1948 festinus
322 1920 358 1948 et
377 1916 495 1957 ,audax
513 1917 671 1958 Ingenii.’
715 1916 863 1950 Quidam

153 1966 273 2006 legunt
285 1976 403 2007 pugna.
431 1967 545 2009 Sacro]
568 1968 609 1999 Id
626 1971 692 2008 est,
707 1967 861 1999 ludicro:

154 2026 233 2048 nam
264 2017 399 2048 ludicra
440 2018 629 2049 certamina
661 2021 864 2051 consecrata

154 2071 255 2100 erant
276 2068 331 2099 vel
347 2067 423 2098 Diis
441 2069 496 2099 vel
512 2069 698 2101 Heroibus.

199 2121 264 2151 139
292 2119 426 2150 Castora
451 2118 547 2161 gyro]
582 2119 743 2161 Equestri
774 2119 865 2151 scili·

155 2175 224 2204 cet.
260 2170 383 2203 Castor
399 2170 488 2202 enim
504 2169 682 2212 equitandi
698 2170 864 2212 peritissi-

154 2231 242 2254 mus.

199 2274 262 2304 140
309 2270 469 2312 Fratrem]
503 2270 682 2304 Pollucem
717 2269 861 2303 fratrem

155 2322 309 2355 Castoris
325 2322 475 2363 pugilem
493 2321 765 2355 celeberrimum.
808 2322 863 2354 Vi-

155 2373 239 2404 rides
270 2370 458 2412 Therupnoe]
480 2371 672 2412 Tlierapnae
696 2371 778 2403 urbs
800 2371 865 2403 La·

156 2423 281 2463 coniae,
311 2422 423 2464 patria
450 2421 605 2453 Castoris
632 2426 668 2453 et
689 2421 862 2454 Pollucis:

154 2475 273 2506 virides
303 2474 356 2504 vel
380 2483 400 2504 a
429 2482 596 2504 marmore
621 2472 735 2513 viridi,
758 2473 814 2504 vel
844 2482 864 2505 a

158 2525 264 2568 sylvis
281 2523 482 2556 virentibus.

201 2577 262 2608 141
286 2573 443 2613 Pronum]
466 2573 507 2605 Id
536 2578 589 2605 est
614 2572 727 2614 facile,
752 2585 863 2616 prom-

157 2629 310 2667 tumque.
354 2624 486 2656 Statius
518 2624 624 2656 alibi:
656 2625 865 2665 ‘cognosce-

156 2684 194 2706 re
222 2673 387 2716 pronum!
431 2674 565 2716 Achaea]
589 2674 630 2706 Id
657 2679 724 2716 est,
739 2675 864 2709 Graeca

158 2727 201 2758 ab
219 2725 351 2757 Achaia
367 2725 514 2757 Graeciae
529 2726 715 2766 provincia.

203 2778 265 2809 142
289 2774 447 2817 Proemia]
470 2775 634 2818 Coronas,
655 2787 731 2819 quae
755 2777 863 2811 victo·

914 1610 1010 1642 ribus
1025 1609 1203 1644 dabantur.
1238 1611 1351 1643 Ramis
1372 1609 1498 1652 Phoebi]
1530 1608 1623 1642 Lau·

915 1669 1093 1703 rea,·qnae
1122 1662 1272 1694 dabatur
1300 1662 1335 1693 in
1362 1660 1451 1693 ludis
1481 1659 1622 1702 Pythii:

915 1712 1032 1743 laurus
1050 1716 1163 1744 autem
1181 1722 1277 1744 saera
1291 1711 1423 1744 Phoebo
1438 1721 1500 1744 seu
1514 1709 1623 1752 Apol-

916 1761 989 1794 lini.
1045 1762 1207 1795 Meminit
1232 1767 1270 1795 et
1291 1761 1500 1795 Plutarchus
1527 1761 1626 1803 Sym·

917 1813 1016 1855 posia
1039 1813 1099 1845 lib.
1127 1824 1158 1847 v.
1191 1813 1297 1846 Proh.
1323 1817 1357 1847 2.
1389 1814 1507 1856 agonis
1540 1813 1624 1855 poe·

917 1865 978 1896 tici
1005 1864 1040 1896 in
1066 1864 1155 1897 ludis
1171 1865 1320 1907 Pythiis.
1364 1865 1422 1898 De
1438 1874 1505 1907 quo
1519 1864 1623 1897 etiam

916 1915 1106 1947 Pausanias
1118 1915 1151 1947 in
1164 1915 1324 1948 Phocicis
1336 1915 1516 1948 videndus.
1541 1915 1623 1946 Ger-

915 1965 998 1997 mine
1023 1965 1154 2006 Lernoe]
1179 1965 1220 1996 Id
1246 1970 1311 2007 est,
1333 1965 1424 2007 apio,
1442 1974 1509 2007 quo
1525 1973 1623 1997 coro-

916 2014 1088 2047 nabantur
1114 2015 1266 2047 victores
1289 2014 1324 2046 in
1349 2015 1439 2047 ludis
1461 2014 1624 2048 Nemaeis.

917 2066 1031 2098 Lerna
1056 2070 1170 2098 antem
1194 2069 1271 2098 erat
1296 2065 1378 2098 urbs
1402 2066 1545 2108 palusve
1562 2065 1626 2098 Ar-

919 2116 1055 2158 goIidis,
1076 2116 1190 2148 vicina
1206 2116 1338 2149 Nemee
1353 2117 1487 2159 regioni
1502 2121 1540 2150 et
1554 2118 1623 2159 syl-

917 2177 982 2199 vae.

960 2219 1022 2249 143
1045 2215 1258 2249 Athamantea
1285 2216 1379 2260 pinu]
1410 2217 1544 2250 Corona
1571 2218 1624 2260 pi,-

920 2278 997 2310 nea,
1009 2278 1077 2310 qua
1092 2268 1308 2301 donabantur
1325 2269 1472 2302 victores
1487 2269 1625 2302 inludis

921 2318 1109 2359 1sthmieis,
1125 2319 1313 2352 celebratis
1328 2319 1363 2351 in
1379 2319 1542 2352 honorem
1557 2318 1626 2353 Pa-

918 2370 1073 2403 laemonis
1091 2370 1310 2403 Athamantis
1320 2370 1399 2404 filii:
1424 2371 1626 2405 undume-

918 2425 1040 2454 mantea
1048 2421 1152 2463 pinus.
1196 2422 1359 2454 Meminit
1369 2425 1407 2454 et
1420 2421 1624 2455 Plutarchus

916 2472 1060 2512 ibidem,
1075 2475 1114 2504 ut
1137 2477 1174 2505 et
1196 2472 1374 2515 Symposia
1387 2472 1448 2504 lib.
1463 2481 1503 2505 u.
1518 2471 1624 2504 Proh.

918 2525 950 2555 4.
980 2522 1097 2564 agonis
1123 2521 1253 2565 poetici
1281 2523 1316 2555 in
1332 2522 1422 2555 ludis
1438 2521 1622 2555 Isthmicie.

919 2573 1000 2606 Non
1029 2573 1085 2605 hic
1118 2573 1274 2606 meminit
1304 2573 1416 2606 Poeta
1446 2572 1623 2614 Olympici

919 2624 1132 2666 certaminis,
1159 2624 1240 2666 quia
1261 2627 1354 2665 tunc,
1376 2634 1396 2655 a
1410 2623 1623 2665 temporibus

918 2675 1080 2715 Neronis,
1111 2674 1293 2707 Poeticum
1323 2678 1499 2706 certamen
1529 2673 1621 2716 apud

921 2726 1119 2768 Olympiam
1136 2735 1202 2757 non
1218 2724 1471 2758 celebrabatur.

963 2779 1026 2810 146
1055 2777 1136 2810 Vota
1147 2775 1290 2818 patrum]
1323 2776 1452 2809 Liberi.
