<?xml version="1.0" encoding="UTF-8"?>
<!DOCTYPE html PUBLIC "-//W3C//DTD XHTML 1.0 Transitional//EN"
    "http://www.w3.org/TR/xhtml1/DTD/xhtml1-transitional.dtd">
<html xmlns="http://www.w3.org/1999/xhtml" xml:lang="en" lang="en">
 <head>
  <title>
</title>
<meta http-equiv="Content-Type" content="text/html;charset=utf-8" />
  <meta name='ocr-system' content='tesseract 3.04.00' />
  <meta name='ocr-capabilities' content='ocr_page ocr_carea ocr_par ocr_line ocrx_word'/>
</head>
<body>
  <div class='ocr_page' id='page_1' title='image "./operaomniaexedit01statuoft_0590.png"; bbox 0 0 1800 3060; ppageno 0'>
   <div class='ocr_carea' id='block_1_1' title="bbox 167 237 252 280">
    <p class='ocr_par' dir='ltr' id='par_1_1' title="bbox 167 237 252 280">
     <span class='ocr_line' id='line_1_1' title="bbox 167 237 252 280; baseline 0 0"><span class='ocrx_word' id='word_1_1' title='bbox 167 237 252 280; x_wconf 79' lang='lat'><strong>580</strong></span> 
     </span>
    </p>
   </div>
   <div class='ocr_carea' id='block_1_2' title="bbox 664 246 1130 280">
    <p class='ocr_par' dir='ltr' id='par_1_2' title="bbox 664 246 1130 280">
     <span class='ocr_line' id='line_1_2' title="bbox 664 246 1130 280; baseline 0.004 -3"><span class='ocrx_word' id='word_1_2' title='bbox 664 247 706 278; x_wconf 85' lang='grc' dir='ltr'><strong>Ρ.</strong></span> <span class='ocrx_word' id='word_1_3' title='bbox 738 246 886 279; x_wconf 82' lang='lat' dir='ltr'>PAPIN</span> <span class='ocrx_word' id='word_1_4' title='bbox 898 247 930 278; x_wconf 87' lang='grc' dir='ltr'><strong>ΙΙ</strong></span> <span class='ocrx_word' id='word_1_5' title='bbox 965 247 1130 280; x_wconf 80' lang='lat' dir='ltr'><strong>STA&#39;ru</strong></span> 
     </span>
    </p>
   </div>
   <div class='ocr_carea' id='block_1_3' title="bbox 168 343 1250 402">
    <p class='ocr_par' dir='ltr' id='par_1_3' title="bbox 168 343 1250 402">
     <span class='ocr_line' id='line_1_3' title="bbox 168 343 1250 402; baseline 0.002 -13"><span class='ocrx_word' id='word_1_6' title='bbox 168 348 227 390; x_wconf 86' lang='lat' dir='ltr'><strong>Et</strong></span> <span class='ocrx_word' id='word_1_7' title='bbox 244 358 360 388; x_wconf 87' lang='lat' dir='ltr'><strong>nunc</strong></span> <span class='ocrx_word' id='word_1_8' title='bbox 376 344 465 387; x_wconf 86' lang='lat' dir='ltr'><strong>fors</strong></span> <span class='ocrx_word' id='word_1_9' title='bbox 483 343 646 398; x_wconf 85' lang='lat' dir='ltr'><strong>aliquis</strong></span> <span class='ocrx_word' id='word_1_10' title='bbox 665 344 800 398; x_wconf 84' lang='lat' dir='ltr'><strong>longa</strong></span> <span class='ocrx_word' id='word_1_11' title='bbox 819 345 903 387; x_wconf 90' lang='lat' dir='ltr'><strong>sub</strong></span> <span class='ocrx_word' id='word_1_12' title='bbox 923 348 1067 398; x_wconf 85' lang='lat' dir='ltr'><strong>nocte,</strong></span> <span class='ocrx_word' id='word_1_13' title='bbox 1086 348 1250 402; x_wconf 80' lang='lat' dir='ltr'><strong>puellae</strong></span> 
     </span>
    </p>
   </div>
   <div class='ocr_carea' id='block_1_4' title="bbox 167 409 1309 470">
    <p class='ocr_par' dir='ltr' id='par_1_4' title="bbox 167 409 1309 470">
     <span class='ocr_line' id='line_1_4' title="bbox 167 409 1309 470; baseline 0 -12"><span class='ocrx_word' id='word_1_14' title='bbox 167 409 364 458; x_wconf 74' lang='lat' dir='ltr'><strong>Brachia</strong></span> <span class='ocrx_word' id='word_1_15' title='bbox 381 425 500 454; x_wconf 83' lang='lat' dir='ltr'><strong>nexa</strong></span> <span class='ocrx_word' id='word_1_16' title='bbox 518 416 685 464; x_wconf 85' lang='lat' dir='ltr'><strong>tenens,</strong></span> <span class='ocrx_word' id='word_1_17' title='bbox 704 413 821 455; x_wconf 88' lang='lat' dir='ltr'><strong>ultro</strong></span> <span class='ocrx_word' id='word_1_18' title='bbox 843 416 901 463; x_wconf 89' lang='lat' dir='ltr'><strong>te,</strong></span> <span class='ocrx_word' id='word_1_19' title='bbox 920 413 1103 466; x_wconf 85' lang='lat' dir='ltr'><strong>Somne,</strong></span> <span class='ocrx_word' id='word_1_20' title='bbox 1120 416 1309 470; x_wconf 80' lang='lat' dir='ltr'>repellit.</span> 
     </span>
    </p>
   </div>
   <div class='ocr_carea' id='block_1_5' title="bbox 1571 415 1628 458">
    <p class='ocr_par' dir='ltr' id='par_1_5' title="bbox 1571 415 1628 458">
     <span class='ocr_line' id='line_1_5' title="bbox 1571 415 1628 458; baseline 0.035 -2"><span class='ocrx_word' id='word_1_21' title='bbox 1571 415 1628 458; x_wconf 85' lang='lat'><strong>15</strong></span> 
     </span>
    </p>
   </div>
   <div class='ocr_carea' id='block_1_6' title="bbox 165 480 1337 746">
    <p class='ocr_par' dir='ltr' id='par_1_6' title="bbox 165 480 1337 746">
     <span class='ocr_line' id='line_1_6' title="bbox 167 480 1167 536; baseline -0.001 -10"><span class='ocrx_word' id='word_1_22' title='bbox 167 483 278 526; x_wconf 88' lang='lat' dir='ltr'><strong>Inde</strong></span> <span class='ocrx_word' id='word_1_23' title='bbox 299 481 416 532; x_wconf 87' lang='lat' dir='ltr'><strong>veni,</strong></span> <span class='ocrx_word' id='word_1_24' title='bbox 437 494 519 523; x_wconf 88' lang='lat' dir='ltr'><strong>nec</strong></span> <span class='ocrx_word' id='word_1_25' title='bbox 539 485 584 522; x_wconf 87' lang='lat' dir='ltr'><strong>te</strong></span> <span class='ocrx_word' id='word_1_26' title='bbox 606 483 728 522; x_wconf 86' lang='lat' dir='ltr'><strong>totas</strong></span> <span class='ocrx_word' id='word_1_27' title='bbox 748 480 975 523; x_wconf 87' lang='lat' dir='ltr'><strong>infundere</strong></span> <span class='ocrx_word' id='word_1_28' title='bbox 998 495 1167 536; x_wconf 85' lang='lat' dir='ltr'><strong>pennas</strong></span> 
     </span>
     <span class='ocr_line' id='line_1_7' title="bbox 168 547 1337 606; baseline -0.002 -11"><span class='ocrx_word' id='word_1_29' title='bbox 168 551 430 595; x_wconf 87' lang='lat' dir='ltr'><strong>Luminibus</strong></span> <span class='ocrx_word' id='word_1_30' title='bbox 451 549 672 604; x_wconf 84' lang='lat' dir='ltr'><strong>compello</strong></span> <span class='ocrx_word' id='word_1_31' title='bbox 691 549 825 602; x_wconf 79' lang='lat' dir='ltr'><strong>meis3</strong></span> <span class='ocrx_word' id='word_1_32' title='bbox 854 547 961 604; x_wconf 91' lang='lat' dir='ltr'><strong>(hoc</strong></span> <span class='ocrx_word' id='word_1_33' title='bbox 982 550 1113 593; x_wconf 86' lang='lat' dir='ltr'><strong>turba</strong></span> <span class='ocrx_word' id='word_1_34' title='bbox 1132 554 1337 606; x_wconf 84' lang='lat' dir='ltr'><strong>precetur</strong></span> 
     </span>
     <span class='ocr_line' id='line_1_8' title="bbox 166 618 1266 673; baseline 0 -12"><span class='ocrx_word' id='word_1_35' title='bbox 166 619 337 662; x_wconf 84' lang='lat' dir='ltr'><strong>Laetior</strong></span> <span class='ocrx_word' id='word_1_36' title='bbox 353 619 384 671; x_wconf 84' lang='lat'><strong>3)</strong></span> <span class='ocrx_word' id='word_1_37' title='bbox 404 620 600 660; x_wconf 86' lang='lat' dir='ltr'><strong>extremo</strong></span> <span class='ocrx_word' id='word_1_38' title='bbox 620 624 692 659; x_wconf 88' lang='lat' dir='ltr'><strong>me</strong></span> <span class='ocrx_word' id='word_1_39' title='bbox 713 621 842 671; x_wconf 84' lang='lat' dir='ltr'><strong>tange</strong></span> <span class='ocrx_word' id='word_1_40' title='bbox 862 618 1096 660; x_wconf 81' lang='lat' dir='ltr'>cacumine</span> <span class='ocrx_word' id='word_1_41' title='bbox 1116 620 1266 673; x_wconf 84' lang='lat' dir='ltr'><strong>virgae,</strong></span> 
     </span>
     <span class='ocr_line' id='line_1_9' title="bbox 165 683 1262 746; baseline -0.003 -16"><span class='ocrx_word' id='word_1_42' title='bbox 165 683 404 746; x_wconf 85' lang='lat' dir='ltr'><strong>(Sufficit,)</strong></span> <span class='ocrx_word' id='word_1_43' title='bbox 422 689 498 728; x_wconf 86' lang='lat' dir='ltr'><strong>aut</strong></span> <span class='ocrx_word' id='word_1_44' title='bbox 515 685 658 728; x_wconf 85' lang='lat' dir='ltr'><strong>levior</strong></span> <span class='ocrx_word' id='word_1_45' title='bbox 679 697 901 740; x_wconf 82' lang='lat' dir='ltr'><strong>suspenso</strong></span> <span class='ocrx_word' id='word_1_46' title='bbox 920 686 1091 740; x_wconf 88' lang='lat' dir='ltr'><strong>poplite</strong></span> <span class='ocrx_word' id='word_1_47' title='bbox 1112 687 1262 729; x_wconf 80' lang='lat' dir='ltr'><strong>transi.</strong></span> 
     </span>
    </p>
   </div>
   <div class='ocr_carea' id='block_1_7' title="bbox 162 813 1676 988">
    <p class='ocr_par' dir='ltr' id='par_1_7' title="bbox 162 813 1676 988">
     <span class='ocr_line' id='line_1_10' title="bbox 165 813 1629 857; baseline 0.001 -10"><span class='ocrx_word' id='word_1_48' title='bbox 165 814 232 856; x_wconf 79' lang='lat' dir='ltr'><strong>bat,</strong></span> <span class='ocrx_word' id='word_1_49' title='bbox 248 817 281 847; x_wconf 82' lang='lat' dir='ltr'><strong>et</strong></span> <span class='ocrx_word' id='word_1_50' title='bbox 294 824 450 856; x_wconf 79' lang='lat' dir='ltr'><strong>nunquam</strong></span> <span class='ocrx_word' id='word_1_51' title='bbox 462 813 616 854; x_wconf 74' lang='lat' dir='ltr'><strong><em>vigilabat</em></strong></span> <span class='ocrx_word' id='word_1_52' title='bbox 641 816 704 845; x_wconf 81' lang='lat' dir='ltr'><strong>toto</strong></span> <span class='ocrx_word' id='word_1_53' title='bbox 726 823 863 854; x_wconf 83' lang='lat' dir='ltr'><strong>corpore.</strong></span> <span class='ocrx_word' id='word_1_54' title='bbox 907 813 955 845; x_wconf 75' lang='lat' dir='ltr'><strong>At</strong></span> <span class='ocrx_word' id='word_1_55' title='bbox 969 823 1063 853; x_wconf 80' lang='lat' dir='ltr'><strong>nunc,</strong></span> <span class='ocrx_word' id='word_1_56' title='bbox 1082 814 1153 857; x_wconf 73' lang='lat' dir='ltr'><strong>heu,</strong></span> <span class='ocrx_word' id='word_1_57' title='bbox 1167 814 1280 856; x_wconf 70' lang='lat' dir='ltr'><strong>aliquis</strong></span> <span class='ocrx_word' id='word_1_58' title='bbox 1294 818 1399 847; x_wconf 76' lang='lat' dir='ltr'><strong>tenens</strong></span> <span class='ocrx_word' id='word_1_59' title='bbox 1415 816 1551 856; x_wconf 74' lang='lat' dir='ltr'><strong>puellam</strong></span> <span class='ocrx_word' id='word_1_60' title='bbox 1563 815 1629 848; x_wconf 79' lang='lat' dir='ltr'><strong>iui-</strong></span> 
     </span>
     <span class='ocr_line' id='line_1_11' title="bbox 163 838 1676 899; baseline 0.001 -10"><span class='ocrx_word' id='word_1_61' title='bbox 163 838 254 899; x_wconf 70' lang='lat' dir='ltr'><strong>gat’is</strong></span> <span class='ocrx_word' id='word_1_62' title='bbox 275 858 415 898; x_wconf 79' lang='lat' dir='ltr'><strong>lacertis,</strong></span> <span class='ocrx_word' id='word_1_63' title='bbox 442 861 473 889; x_wconf 80' lang='lat' dir='ltr'><strong>te</strong></span> <span class='ocrx_word' id='word_1_64' title='bbox 495 857 691 898; x_wconf 79' lang='lat' dir='ltr'><strong>perlongum</strong></span> <span class='ocrx_word' id='word_1_65' title='bbox 704 860 835 895; x_wconf 78' lang='lat' dir='ltr'><strong>noctem,</strong></span> <span class='ocrx_word' id='word_1_66' title='bbox 856 867 874 888; x_wconf 88' lang='grc' dir='ltr'><strong>ο</strong></span> <span class='ocrx_word' id='word_1_67' title='bbox 896 856 1022 898; x_wconf 84' lang='lat' dir='ltr'><strong><em>Somne,</em></strong></span> <span class='ocrx_word' id='word_1_68' title='bbox 1043 858 1125 890; x_wconf 80' lang='lat' dir='ltr'><strong>ultro</strong></span> <span class='ocrx_word' id='word_1_69' title='bbox 1147 858 1260 897; x_wconf 61' lang='lat' dir='ltr'><strong>reiicit.</strong></span> <span class='ocrx_word' id='word_1_70' title='bbox 1304 858 1392 890; x_wconf 80' lang='lat' dir='ltr'><strong>Hinc</strong></span> <span class='ocrx_word' id='word_1_71' title='bbox 1413 861 1498 899; x_wconf 76' lang='lat' dir='ltr'><strong>veni,</strong></span> <span class='ocrx_word' id='word_1_72' title='bbox 1522 869 1576 892; x_wconf 74' lang='lat' dir='ltr'><strong>nec</strong></span> <span class='ocrx_word' id='word_1_73' title='bbox 1597 861 1628 891; x_wconf 74' lang='lat' dir='ltr'><strong>le</strong></span> <span class='ocrx_word' id='word_1_74' title='bbox 1671 873 1676 875; x_wconf 94' lang='lat'>·</span> 
     </span>
     <span class='ocr_line' id='line_1_12' title="bbox 162 899 1628 943; baseline 0.001 -10"><span class='ocrx_word' id='word_1_75' title='bbox 162 911 276 942; x_wconf 77' lang='lat' dir='ltr'><strong>precor</strong></span> <span class='ocrx_word' id='word_1_76' title='bbox 299 901 477 942; x_wconf 73' lang='lat' dir='ltr'><strong>inspergere</strong></span> <span class='ocrx_word' id='word_1_77' title='bbox 500 903 602 932; x_wconf 80' lang='lat' dir='ltr'><strong>totum</strong></span> <span class='ocrx_word' id='word_1_78' title='bbox 626 909 773 941; x_wconf 76' lang='lat' dir='ltr'><strong>soporem,</strong></span> <span class='ocrx_word' id='word_1_79' title='bbox 799 899 853 941; x_wconf 83' lang='lat' dir='ltr'><strong>qui</strong></span> <span class='ocrx_word' id='word_1_80' title='bbox 877 903 925 932; x_wconf 76' lang='lat' dir='ltr'><strong>est</strong></span> <span class='ocrx_word' id='word_1_81' title='bbox 950 899 984 932; x_wconf 82' lang='lat' dir='ltr'><strong>in</strong></span> <span class='ocrx_word' id='word_1_82' title='bbox 1007 902 1121 942; x_wconf 80' lang='lat' dir='ltr'><strong>pennis</strong></span> <span class='ocrx_word' id='word_1_83' title='bbox 1151 902 1240 933; x_wconf 80' lang='lat' dir='ltr'><strong>tais.-</strong></span> <span class='ocrx_word' id='word_1_84' title='bbox 1267 901 1408 943; x_wconf 80' lang='lat' dir='ltr'><strong>(felicior</strong></span> <span class='ocrx_word' id='word_1_85' title='bbox 1427 905 1552 934; x_wconf 76' lang='lat' dir='ltr'><strong>caterva</strong></span> <span class='ocrx_word' id='word_1_86' title='bbox 1572 902 1628 934; x_wconf 73' lang='lat' dir='ltr'><strong>hoc</strong></span> 
     </span>
     <span class='ocr_line' id='line_1_13' title="bbox 165 943 1629 988; baseline 0.002 -13"><span class='ocrx_word' id='word_1_87' title='bbox 165 947 278 985; x_wconf 76' lang='lat' dir='ltr'><strong><em>rogae.</em></strong></span> <span class='ocrx_word' id='word_1_88' title='bbox 273 943 298 987; x_wconf 88' lang='lat'><strong>·)</strong></span> <span class='ocrx_word' id='word_1_89' title='bbox 313 954 361 977; x_wconf 86' lang='lat' dir='ltr'><strong>me</strong></span> <span class='ocrx_word' id='word_1_90' title='bbox 376 948 472 985; x_wconf 80' lang='lat' dir='ltr'><strong>tange</strong></span> <span class='ocrx_word' id='word_1_91' title='bbox 486 943 688 976; x_wconf 78' lang='lat' dir='ltr'><strong><em>extremitate</em></strong></span> <span class='ocrx_word' id='word_1_92' title='bbox 698 943 819 983; x_wconf 70' lang='lat' dir='ltr'><strong>virgaez</strong></span> <span class='ocrx_word' id='word_1_93' title='bbox 840 943 921 975; x_wconf 73' lang='lat' dir='ltr'><strong>satis</strong></span> <span class='ocrx_word' id='word_1_94' title='bbox 935 947 999 976; x_wconf 77' lang='lat' dir='ltr'><strong>est:</strong></span> <span class='ocrx_word' id='word_1_95' title='bbox 1018 948 1073 976; x_wconf 76' lang='lat' dir='ltr'><strong>aut</strong></span> <span class='ocrx_word' id='word_1_96' title='bbox 1087 944 1198 977; x_wconf 71' lang='lat' dir='ltr'><strong>leviter</strong></span> <span class='ocrx_word' id='word_1_97' title='bbox 1211 946 1372 987; x_wconf 75' lang='lat' dir='ltr'><strong>supervola</strong></span> <span class='ocrx_word' id='word_1_98' title='bbox 1384 955 1528 987; x_wconf 69' lang='lat' dir='ltr'><strong>suspenso</strong></span> <span class='ocrx_word' id='word_1_99' title='bbox 1538 945 1629 988; x_wconf 76' lang='lat' dir='ltr'><strong>pede.</strong></span> 
     </span>
    </p>
   </div>
   <div class='ocr_carea' id='block_1_8' title="bbox 785 1039 1024 1052">
    <p class='ocr_par' dir='ltr' id='par_1_8' title="bbox 785 1039 1024 1052">
     <span class='ocr_line' id='line_1_14' title="bbox 785 1039 1024 1052; baseline 0 0"><span class='ocrx_word' id='word_1_100' title='bbox 785 1039 1024 1052; x_wconf 57' lang='lat'><strong>00‘000000‘00</strong></span> 
     </span>
    </p>
   </div>
   <div class='ocr_carea' id='block_1_9' title="bbox 165 1105 1626 1190">
    <p class='ocr_par' dir='ltr' id='par_1_9' title="bbox 165 1105 1626 1190">
     <span class='ocr_line' id='line_1_15' title="bbox 165 1105 1626 1148; baseline 0 -10"><span class='ocrx_word' id='word_1_101' title='bbox 165 1107 288 1138; x_wconf 79' lang='lat' dir='ltr'><strong>alterna</strong></span> <span class='ocrx_word' id='word_1_102' title='bbox 306 1109 429 1138; x_wconf 81' lang='lat' dir='ltr'><strong>tantum</strong></span> <span class='ocrx_word' id='word_1_103' title='bbox 442 1107 477 1138; x_wconf 82' lang='lat' dir='ltr'><strong>in</strong></span> <span class='ocrx_word' id='word_1_104' title='bbox 490 1106 723 1139; x_wconf 57' lang='lat' dir='ltr'><strong>statione—14</strong></span> <span class='ocrx_word' id='word_1_105' title='bbox 743 1105 791 1138; x_wconf 75' lang='lat' dir='ltr'><strong>At</strong></span> <span class='ocrx_word' id='word_1_106' title='bbox 805 1114 887 1137; x_wconf 84' lang='lat' dir='ltr'><strong>nunc</strong></span> <span class='ocrx_word' id='word_1_107' title='bbox 900 1106 977 1138; x_wconf 78' lang='lat' dir='ltr'><strong>heus</strong></span> <span class='ocrx_word' id='word_1_108' title='bbox 990 1105 1105 1147; x_wconf 78' lang='lat' dir='ltr'><strong>aliquis</strong></span> <span class='ocrx_word' id='word_1_109' title='bbox 1122 1105 1225 1137; x_wconf 88' lang='lat' dir='ltr'><strong>Aldd.</strong></span> <span class='ocrx_word' id='word_1_110' title='bbox 1241 1105 1351 1138; x_wconf 91' lang='lat' dir='ltr'><strong>Colin.</strong></span> <span class='ocrx_word' id='word_1_111' title='bbox 1366 1105 1500 1148; x_wconf 83' lang='lat' dir='ltr'><strong>Gryph.</strong></span> <span class='ocrx_word' id='word_1_112' title='bbox 1520 1106 1626 1138; x_wconf 80' lang='lat' dir='ltr'><strong>Basil.</strong></span> 
     </span>
     <span class='ocr_line' id='line_1_16' title="bbox 167 1149 1626 1190; baseline 0.001 -9"><span class='ocrx_word' id='word_1_113' title='bbox 167 1150 285 1182; x_wconf 88' lang='lat' dir='ltr'><strong>Plant.</strong></span> <span class='ocrx_word' id='word_1_114' title='bbox 299 1149 446 1182; x_wconf 79' lang='lat' dir='ltr'><strong>Gevart.</strong></span> <span class='ocrx_word' id='word_1_115' title='bbox 461 1149 583 1181; x_wconf 85' lang='lat' dir='ltr'><strong>Heius.</strong></span> <span class='ocrx_word' id='word_1_116' title='bbox 609 1149 765 1181; x_wconf 88' lang='lat' dir='ltr'><strong>Gronov.</strong></span> <span class='ocrx_word' id='word_1_117' title='bbox 791 1150 856 1180; x_wconf 87' lang='lat' dir='ltr'><strong>&amp;c.</strong></span> <span class='ocrx_word' id='word_1_118' title='bbox 901 1149 949 1181; x_wconf 72' lang='lat' dir='ltr'><strong>At</strong></span> <span class='ocrx_word' id='word_1_119' title='bbox 971 1159 1052 1181; x_wconf 83' lang='lat' dir='ltr'><strong>nunc</strong></span> <span class='ocrx_word' id='word_1_120' title='bbox 1076 1149 1135 1181; x_wconf 80' lang='lat' dir='ltr'><strong>heu</strong></span> <span class='ocrx_word' id='word_1_121' title='bbox 1159 1149 1272 1190; x_wconf 68' lang='lat' dir='ltr'><strong>aliquis</strong></span> <span class='ocrx_word' id='word_1_122' title='bbox 1297 1151 1448 1181; x_wconf 80' lang='lat' dir='ltr'><strong>correxit</strong></span> <span class='ocrx_word' id='word_1_123' title='bbox 1471 1149 1626 1183; x_wconf 81' lang='lat' dir='ltr'><strong>Joannes</strong></span> 
     </span>
    </p>
   </div>
   <div class='ocr_carea' id='block_1_10' title="bbox 166 1191 1628 1276">
    <p class='ocr_par' dir='ltr' id='par_1_10' title="bbox 166 1191 1628 1276">
     <span class='ocr_line' id='line_1_17' title="bbox 166 1191 917 1233; baseline 0 -9"><span class='ocrx_word' id='word_1_124' title='bbox 166 1193 340 1225; x_wconf 87' lang='lat' dir='ltr'><strong>Menrsius</strong></span> <span class='ocrx_word' id='word_1_125' title='bbox 367 1191 413 1225; x_wconf 80' lang='lat' dir='ltr'><strong>ad</strong></span> <span class='ocrx_word' id='word_1_126' title='bbox 436 1192 625 1224; x_wconf 87' lang='lat' dir='ltr'><strong>Arnobium</strong></span> <span class='ocrx_word' id='word_1_127' title='bbox 651 1193 711 1224; x_wconf 88' lang='lat' dir='ltr'><strong>lib.</strong></span> <span class='ocrx_word' id='word_1_128' title='bbox 729 1201 771 1224; x_wconf 85' lang='lat' dir='ltr'><strong>n.</strong></span> <span class='ocrx_word' id='word_1_129' title='bbox 794 1201 871 1233; x_wconf 85' lang='lat' dir='ltr'><strong>cap.</strong></span> <span class='ocrx_word' id='word_1_130' title='bbox 909 1215 917 1224; x_wconf 92' lang='lat'><strong>.</strong></span> 
     </span>
     <span class='ocr_line' id='line_1_18' title="bbox 723 1235 1628 1276; baseline 0 -9"><span class='ocrx_word' id='word_1_131' title='bbox 723 1235 770 1267; x_wconf 77' lang='lat' dir='ltr'><strong>At</strong></span> <span class='ocrx_word' id='word_1_132' title='bbox 791 1245 874 1267; x_wconf 77' lang='lat' dir='ltr'><strong>nunc</strong></span> <span class='ocrx_word' id='word_1_133' title='bbox 898 1235 970 1275; x_wconf 81' lang='lat' dir='ltr'><strong>heu,</strong></span> <span class='ocrx_word' id='word_1_134' title='bbox 991 1237 1021 1267; x_wconf 74' lang='grc' dir='ltr'><strong>ει·</strong></span> <span class='ocrx_word' id='word_1_135' title='bbox 1042 1235 1156 1276; x_wconf 74' lang='lat' dir='ltr'><strong>aliquis</strong></span> <span class='ocrx_word' id='word_1_136' title='bbox 1178 1236 1348 1268; x_wconf 78' lang='lat' dir='ltr'><strong>Barthius.</strong></span> <span class='ocrx_word' id='word_1_137' title='bbox 1394 1236 1441 1267; x_wconf 74' lang='lat' dir='ltr'><strong>Et</strong></span> <span class='ocrx_word' id='word_1_138' title='bbox 1462 1245 1543 1268; x_wconf 78' lang='lat' dir='ltr'><strong>num:</strong></span> <span class='ocrx_word' id='word_1_139' title='bbox 1555 1236 1628 1274; x_wconf 74' lang='lat' dir='ltr'><strong>fors</strong></span> 
     </span>
    </p>
   </div>
   <div class='ocr_carea' id='block_1_11' title="bbox 166 1236 680 1277">
    <p class='ocr_par' dir='ltr' id='par_1_11' title="bbox 166 1236 680 1277">
     <span class='ocr_line' id='line_1_19' title="bbox 166 1236 680 1277; baseline -0.002 -9"><span class='ocrx_word' id='word_1_140' title='bbox 166 1236 274 1268; x_wconf 86' lang='lat' dir='ltr'><strong>Ovid.</strong></span> <span class='ocrx_word' id='word_1_141' title='bbox 290 1236 433 1268; x_wconf 85' lang='lat' dir='ltr'><strong>Heroid.</strong></span> <span class='ocrx_word' id='word_1_142' title='bbox 447 1236 559 1277; x_wconf 82' lang='lat' dir='ltr'><strong>Epist.</strong></span> <span class='ocrx_word' id='word_1_143' title='bbox 574 1245 610 1267; x_wconf 87' lang='lat' dir='ltr'><strong>v.</strong></span> <span class='ocrx_word' id='word_1_144' title='bbox 626 1238 680 1267; x_wconf 85' lang='grc'><strong>48.</strong></span> 
     </span>
    </p>
   </div>
   <div class='ocr_carea' id='block_1_12' title="bbox 933 1192 1626 1234">
    <p class='ocr_par' dir='ltr' id='par_1_12' title="bbox 933 1192 1626 1234">
     <span class='ocr_line' id='line_1_20' title="bbox 933 1192 1626 1234; baseline 0.003 -12"><span class='ocrx_word' id='word_1_145' title='bbox 933 1201 968 1234; x_wconf 90' lang='lat' dir='ltr'><strong>p.</strong></span> <span class='ocrx_word' id='word_1_146' title='bbox 982 1195 1037 1225; x_wconf 84' lang='grc'><strong>48.</strong></span> <span class='ocrx_word' id='word_1_147' title='bbox 1061 1196 1098 1224; x_wconf 88' lang='lat' dir='ltr'><strong>et</strong></span> <span class='ocrx_word' id='word_1_148' title='bbox 1113 1192 1162 1223; x_wconf 82' lang='lat' dir='ltr'><strong>sic</strong></span> <span class='ocrx_word' id='word_1_149' title='bbox 1179 1193 1282 1224; x_wconf 86' lang='lat' dir='ltr'><strong>etiarn</strong></span> <span class='ocrx_word' id='word_1_150' title='bbox 1298 1192 1384 1233; x_wconf 81' lang='lat' dir='ltr'><strong>legit</strong></span> <span class='ocrx_word' id='word_1_151' title='bbox 1399 1192 1562 1224; x_wconf 82' lang='lat' dir='ltr'><strong>Heinsius</strong></span> <span class='ocrx_word' id='word_1_152' title='bbox 1584 1193 1626 1224; x_wconf 78' lang='lat' dir='ltr'><strong>ad</strong></span> 
     </span>
    </p>
   </div>
   <div class='ocr_carea' id='block_1_13' title="bbox 161 1278 1629 1451">
    <p class='ocr_par' dir='ltr' id='par_1_13' title="bbox 161 1278 1629 1451">
     <span class='ocr_line' id='line_1_21' title="bbox 161 1278 1628 1321; baseline -0.001 -10"><span class='ocrx_word' id='word_1_153' title='bbox 161 1279 275 1321; x_wconf 74' lang='lat' dir='ltr'><strong>aliquis</strong></span> <span class='ocrx_word' id='word_1_154' title='bbox 303 1289 349 1311; x_wconf 83' lang='lat' dir='ltr'><strong>ex</strong></span> <span class='ocrx_word' id='word_1_155' title='bbox 375 1279 580 1320; x_wconf 83' lang='lat' dir='ltr'><strong>conjectura</strong></span> <span class='ocrx_word' id='word_1_156' title='bbox 605 1278 928 1310; x_wconf 84' lang='lat' dir='ltr'><strong>Marklandus.-—l5</strong></span> <span class='ocrx_word' id='word_1_157' title='bbox 954 1278 1051 1310; x_wconf 83' lang='lat' dir='ltr'><strong>Idem</strong></span> <span class='ocrx_word' id='word_1_158' title='bbox 1077 1278 1305 1311; x_wconf 84' lang='lat' dir='ltr'><strong>Marklandus</strong></span> <span class='ocrx_word' id='word_1_159' title='bbox 1333 1287 1394 1320; x_wconf 89' lang='lat' dir='ltr'><strong>pro</strong></span> <span class='ocrx_word' id='word_1_160' title='bbox 1423 1288 1504 1310; x_wconf 78' lang='lat' dir='ltr'><strong>nexa</strong></span> <span class='ocrx_word' id='word_1_161' title='bbox 1530 1278 1628 1310; x_wconf 78' lang='lat' dir='ltr'><strong>malit</strong></span> 
     </span>
     <span class='ocr_line' id='line_1_22' title="bbox 161 1321 1628 1363; baseline -0.001 -8.979"><span class='ocrx_word' id='word_1_162' title='bbox 161 1323 341 1354; x_wconf 61' lang='lat' dir='ltr'><strong>min—16¹</strong></span> <span class='ocrx_word' id='word_1_163' title='bbox 361 1323 522 1355; x_wconf 72' lang='lat' dir='ltr'><strong>Bal-thius</strong></span> <span class='ocrx_word' id='word_1_164' title='bbox 547 1321 692 1354; x_wconf 83' lang='lat' dir='ltr'><strong>Advers.</strong></span> <span class='ocrx_word' id='word_1_165' title='bbox 719 1322 777 1354; x_wconf 86' lang='lat' dir='ltr'><strong>lib.</strong></span> <span class='ocrx_word' id='word_1_166' title='bbox 792 1330 902 1353; x_wconf 78' lang='lat' dir='ltr'><strong>xvul.</strong></span> <span class='ocrx_word' id='word_1_167' title='bbox 929 1331 994 1363; x_wconf 81' lang='lat' dir='ltr'><strong>cap</strong></span> <span class='ocrx_word' id='word_1_168' title='bbox 997 1324 1074 1354; x_wconf 80' lang='lat'><strong>..17</strong></span> <span class='ocrx_word' id='word_1_169' title='bbox 1101 1322 1284 1363; x_wconf 82' lang='lat' dir='ltr'><strong>proponit:</strong></span> <span class='ocrx_word' id='word_1_170' title='bbox 1308 1325 1339 1354; x_wconf 80' lang='lat' dir='ltr'><strong>te</strong></span> <span class='ocrx_word' id='word_1_171' title='bbox 1361 1322 1439 1353; x_wconf 72' lang='lat' dir='ltr'><strong>totis</strong></span> <span class='ocrx_word' id='word_1_172' title='bbox 1464 1321 1628 1361; x_wconf 66' lang='lat' dir='ltr'><strong>infundere</strong></span> 
     </span>
     <span class='ocr_line' id='line_1_23' title="bbox 161 1332 1629 1406; baseline -0.001 -9"><span class='ocrx_word' id='word_1_173' title='bbox 161 1366 283 1406; x_wconf 60' lang='lat' dir='ltr'><strong>pennis.</strong></span> <span class='ocrx_word' id='word_1_174' title='bbox 286 1368 370 1397; x_wconf 79' lang='lat'><strong>—17</strong></span> <span class='ocrx_word' id='word_1_175' title='bbox 395 1366 496 1398; x_wconf 86' lang='lat' dir='ltr'><strong>Rom.</strong></span> <span class='ocrx_word' id='word_1_176' title='bbox 513 1365 617 1397; x_wconf 89' lang='lat' dir='ltr'><strong>Aldd.</strong></span> <span class='ocrx_word' id='word_1_177' title='bbox 636 1365 746 1398; x_wconf 90' lang='lat' dir='ltr'><strong>Colin.</strong></span> <span class='ocrx_word' id='word_1_178' title='bbox 771 1365 905 1405; x_wconf 83' lang='lat' dir='ltr'><strong>Grypb.</strong></span> <span class='ocrx_word' id='word_1_179' title='bbox 931 1332 1036 1398; x_wconf 69' lang='lat' dir='ltr'><strong>Bapsil.</strong></span> <span class='ocrx_word' id='word_1_180' title='bbox 1060 1365 1175 1397; x_wconf 80' lang='lat' dir='ltr'><strong>Plant.</strong></span> <span class='ocrx_word' id='word_1_181' title='bbox 1201 1367 1268 1398; x_wconf 65' lang='grc' dir='ltr'><strong>ἃς.</strong></span> <span class='ocrx_word' id='word_1_182' title='bbox 1293 1368 1460 1406; x_wconf 72' lang='lat' dir='ltr'><strong>precatur.-</strong></span> <span class='ocrx_word' id='word_1_183' title='bbox 1483 1365 1629 1396; x_wconf 83' lang='lat' dir='ltr'><strong>mutavit</strong></span> 
     </span>
     <span class='ocr_line' id='line_1_24' title="bbox 166 1407 1627 1451; baseline 0 -11"><span class='ocrx_word' id='word_1_184' title='bbox 166 1408 390 1440; x_wconf 77' lang='lat' dir='ltr'><strong>Marklandus</strong></span> <span class='ocrx_word' id='word_1_185' title='bbox 393 1412 490 1442; x_wconf 84' lang='lat' dir='ltr'><strong>.—l9</strong></span> <span class='ocrx_word' id='word_1_186' title='bbox 511 1409 629 1441; x_wconf 77' lang='lat' dir='ltr'><strong>Parni.</strong></span> <span class='ocrx_word' id='word_1_187' title='bbox 645 1409 742 1441; x_wconf 85' lang='lat' dir='ltr'><strong>Rom.</strong></span> <span class='ocrx_word' id='word_1_188' title='bbox 757 1413 795 1440; x_wconf 87' lang='lat' dir='ltr'><strong>et</strong></span> <span class='ocrx_word' id='word_1_189' title='bbox 809 1409 937 1441; x_wconf 85' lang='lat' dir='ltr'><strong>venet.</strong></span> <span class='ocrx_word' id='word_1_190' title='bbox 955 1411 987 1440; x_wconf 88' lang='lat'><strong>1.</strong></span> <span class='ocrx_word' id='word_1_191' title='bbox 1008 1411 1065 1440; x_wconf 79' lang='lat' dir='ltr'><strong>aut</strong></span> <span class='ocrx_word' id='word_1_192' title='bbox 1087 1408 1198 1449; x_wconf 77' lang='lat' dir='ltr'><strong>levior,</strong></span> <span class='ocrx_word' id='word_1_193' title='bbox 1223 1408 1315 1451; x_wconf 83' lang='lat' dir='ltr'><strong>quod</strong></span> <span class='ocrx_word' id='word_1_194' title='bbox 1342 1408 1478 1450; x_wconf 83' lang='lat' dir='ltr'><strong>recepit</strong></span> <span class='ocrx_word' id='word_1_195' title='bbox 1499 1407 1627 1441; x_wconf 81' lang='lat' dir='ltr'><strong>Markl.</strong></span> 
     </span>
    </p>
   </div>
   <div class='ocr_carea' id='block_1_14' title="bbox 165 1452 547 1485">
    <p class='ocr_par' dir='ltr' id='par_1_14' title="bbox 165 1452 547 1485">
     <span class='ocr_line' id='line_1_25' title="bbox 165 1452 547 1485; baseline 0 -1"><span class='ocrx_word' id='word_1_196' title='bbox 165 1455 219 1484; x_wconf 72' lang='lat' dir='ltr'><strong>aut</strong></span> <span class='ocrx_word' id='word_1_197' title='bbox 235 1452 366 1485; x_wconf 71' lang='lat' dir='ltr'><strong>leviter</strong></span> <span class='ocrx_word' id='word_1_198' title='bbox 356 1461 393 1484; x_wconf 76' lang='lat' dir='ltr'><strong>in</strong></span> <span class='ocrx_word' id='word_1_199' title='bbox 408 1452 547 1485; x_wconf 80' lang='lat' dir='ltr'><strong>ceteris.</strong></span> 
     </span>
    </p>
   </div>
   <div class='ocr_carea' id='block_1_15' title="bbox 825 1515 968 1550">
    <p class='ocr_par' dir='ltr' id='par_1_15' title="bbox 825 1515 968 1550">
     <span class='ocr_line' id='line_1_26' title="bbox 825 1515 968 1550; baseline -0.014 0"><span class='ocrx_word' id='word_1_200' title='bbox 825 1515 968 1550; x_wconf 80' lang='lat' dir='ltr'>NOTAE</span> 
     </span>
    </p>
   </div>
   <div class='ocr_carea' id='block_1_16' title="bbox 159 1593 871 2244">
    <p class='ocr_par' dir='ltr' id='par_1_16' title="bbox 210 1593 711 1636">
     <span class='ocr_line' id='line_1_27' title="bbox 210 1593 711 1636; baseline 0.002 -11"><span class='ocrx_word' id='word_1_201' title='bbox 210 1596 250 1625; x_wconf 76' lang='lat'><strong>14</strong></span> <span class='ocrx_word' id='word_1_202' title='bbox 274 1594 357 1626; x_wconf 84' lang='lat' dir='ltr'><strong>Fors</strong></span> <span class='ocrx_word' id='word_1_203' title='bbox 367 1593 492 1636; x_wconf 82' lang='lat' dir='ltr'><strong>[Heus]</strong></span> <span class='ocrx_word' id='word_1_204' title='bbox 514 1594 608 1636; x_wconf 86' lang='lat' dir='ltr'><strong><em>Lege</em></strong></span> <span class='ocrx_word' id='word_1_205' title='bbox 625 1593 711 1626; x_wconf 82' lang='lat' dir='ltr'><strong>Heu.</strong></span> 
     </span>
    </p>

    <p class='ocr_par' dir='ltr' id='par_1_17' title="bbox 159 1644 870 2042">
     <span class='ocr_line' id='line_1_28' title="bbox 210 1644 870 1686; baseline 0.002 -11"><span class='ocrx_word' id='word_1_206' title='bbox 210 1646 252 1676; x_wconf 88' lang='grc'><strong>16</strong></span> <span class='ocrx_word' id='word_1_207' title='bbox 274 1645 368 1686; x_wconf 83' lang='lat' dir='ltr'><strong>Inde]</strong></span> <span class='ocrx_word' id='word_1_208' title='bbox 392 1644 449 1677; x_wconf 89' lang='lat' dir='ltr'><strong>Ab</strong></span> <span class='ocrx_word' id='word_1_209' title='bbox 480 1645 588 1677; x_wconf 89' lang='lat' dir='ltr'><strong>oculis</strong></span> <span class='ocrx_word' id='word_1_210' title='bbox 617 1644 778 1676; x_wconf 81' lang='lat' dir='ltr'><strong>amantis.</strong></span> <span class='ocrx_word' id='word_1_211' title='bbox 801 1644 870 1676; x_wconf 81' lang='lat' dir='ltr'><strong>Nee</strong></span> 
     </span>
     <span class='ocr_line' id='line_1_29' title="bbox 165 1695 869 1738; baseline -0.001 -11"><span class='ocrx_word' id='word_1_212' title='bbox 165 1699 196 1728; x_wconf 75' lang='lat' dir='ltr'><strong>te</strong></span> <span class='ocrx_word' id='word_1_213' title='bbox 204 1699 288 1727; x_wconf 78' lang='lat' dir='ltr'><strong>totas</strong></span> <span class='ocrx_word' id='word_1_214' title='bbox 298 1696 462 1735; x_wconf 80' lang='lat' dir='ltr'><strong><em>infundere</em></strong></span> <span class='ocrx_word' id='word_1_215' title='bbox 468 1705 585 1738; x_wconf 82' lang='lat' dir='ltr'><strong>pennas</strong></span> <span class='ocrx_word' id='word_1_216' title='bbox 595 1695 782 1728; x_wconf 76' lang='lat' dir='ltr'><strong>Luminibus</strong></span> <span class='ocrx_word' id='word_1_217' title='bbox 789 1705 869 1727; x_wconf 64' lang='lat' dir='ltr'><strong>cont-</strong></span> 
     </span>
     <span class='ocr_line' id='line_1_30' title="bbox 159 1746 869 1788; baseline 0 -10"><span class='ocrx_word' id='word_1_218' title='bbox 159 1747 243 1787; x_wconf 84' lang='lat' dir='ltr'><strong>pello</strong></span> <span class='ocrx_word' id='word_1_219' title='bbox 264 1746 356 1788; x_wconf 76' lang='lat' dir='ltr'><strong>meis]</strong></span> <span class='ocrx_word' id='word_1_220' title='bbox 377 1747 420 1779; x_wconf 90' lang='lat' dir='ltr'><strong>Id</strong></span> <span class='ocrx_word' id='word_1_221' title='bbox 446 1752 510 1788; x_wconf 85' lang='lat' dir='ltr'><strong>est,</strong></span> <span class='ocrx_word' id='word_1_222' title='bbox 526 1757 594 1779; x_wconf 91' lang='lat' dir='ltr'><strong>non</strong></span> <span class='ocrx_word' id='word_1_223' title='bbox 617 1751 712 1788; x_wconf 85' lang='lat' dir='ltr'><strong>peto,</strong></span> <span class='ocrx_word' id='word_1_224' title='bbox 727 1750 765 1779; x_wconf 89' lang='lat' dir='ltr'><strong>nt</strong></span> <span class='ocrx_word' id='word_1_225' title='bbox 787 1747 869 1780; x_wconf 83' lang='lat' dir='ltr'><strong>totis</strong></span> 
     </span>
     <span class='ocr_line' id='line_1_31' title="bbox 165 1797 868 1838; baseline 0.001 -10"><span class='ocrx_word' id='word_1_226' title='bbox 165 1797 239 1838; x_wconf 74' lang='lat' dir='ltr'><strong>alis,</strong></span> <span class='ocrx_word' id='word_1_227' title='bbox 253 1807 313 1829; x_wconf 82' lang='lat' dir='ltr'><strong>seu</strong></span> <span class='ocrx_word' id='word_1_228' title='bbox 328 1801 421 1830; x_wconf 90' lang='lat' dir='ltr'><strong>totus</strong></span> <span class='ocrx_word' id='word_1_229' title='bbox 438 1798 566 1830; x_wconf 81' lang='lat' dir='ltr'><strong>venias.</strong></span> <span class='ocrx_word' id='word_1_230' title='bbox 611 1798 743 1830; x_wconf 86' lang='lat' dir='ltr'><strong>Noster</strong></span> <span class='ocrx_word' id='word_1_231' title='bbox 758 1797 868 1830; x_wconf 84' lang='lat' dir='ltr'><strong><em>Theb.</em></strong></span> 
     </span>
     <span class='ocr_line' id='line_1_32' title="bbox 165 1847 870 1881; baseline 0 -1"><span class='ocrx_word' id='word_1_232' title='bbox 165 1858 203 1880; x_wconf 81' lang='lat' dir='ltr'><strong>x.</strong></span> <span class='ocrx_word' id='word_1_233' title='bbox 247 1849 258 1866; x_wconf 92' lang='lat'>‘</span> <span class='ocrx_word' id='word_1_234' title='bbox 278 1848 365 1880; x_wconf 90' lang='lat' dir='ltr'><strong>Cum</strong></span> <span class='ocrx_word' id='word_1_235' title='bbox 382 1858 464 1881; x_wconf 84' lang='lat' dir='ltr'><strong>vero</strong></span> <span class='ocrx_word' id='word_1_236' title='bbox 489 1847 710 1881; x_wconf 82' lang='lat' dir='ltr'><strong>humentibus</strong></span> <span class='ocrx_word' id='word_1_237' title='bbox 733 1848 796 1880; x_wconf 82' lang='lat' dir='ltr'><strong>alis</strong></span> <span class='ocrx_word' id='word_1_238' title='bbox 811 1848 870 1880; x_wconf 89' lang='lat' dir='ltr'><strong>In-</strong></span> 
     </span>
     <span class='ocr_line' id='line_1_33' title="bbox 163 1898 870 1941; baseline -0.001 -10"><span class='ocrx_word' id='word_1_239' title='bbox 163 1898 285 1931; x_wconf 81' lang='lat' dir='ltr'><strong>cubuit</strong></span> <span class='ocrx_word' id='word_1_240' title='bbox 301 1899 514 1941; x_wconf 84' lang='lat' dir='ltr'><strong>[Somnus]...</strong></span> <span class='ocrx_word' id='word_1_241' title='bbox 517 1908 645 1932; x_wconf 75' lang='lat' dir='ltr'><strong>,errare</strong></span> <span class='ocrx_word' id='word_1_242' title='bbox 661 1898 764 1940; x_wconf 87' lang='lat' dir='ltr'><strong>oculi,</strong></span> <span class='ocrx_word' id='word_1_243' title='bbox 775 1907 870 1930; x_wconf 88' lang='lat' dir='ltr'><strong>reso·</strong></span> 
     </span>
     <span class='ocr_line' id='line_1_34' title="bbox 163 1948 870 2010; baseline -0.001 -28"><span class='ocrx_word' id='word_1_244' title='bbox 163 1951 305 1992; x_wconf 92' lang='lat' dir='ltr'><strong>lutaque</strong></span> <span class='ocrx_word' id='word_1_245' title='bbox 322 1951 423 1991; x_wconf 82' lang='lat' dir='ltr'><strong>colla,</strong></span> <span class='ocrx_word' id='word_1_246' title='bbox 436 1951 483 1983; x_wconf 89' lang='lat' dir='ltr'><strong>Et</strong></span> <span class='ocrx_word' id='word_1_247' title='bbox 499 1950 613 1983; x_wconf 87' lang='lat' dir='ltr'><strong>medio</strong></span> <span class='ocrx_word' id='word_1_248' title='bbox 638 1948 743 2010; x_wconf 79' lang='lat' dir='ltr'><strong>affatu</strong></span> <span class='ocrx_word' id='word_1_249' title='bbox 765 1949 870 1981; x_wconf 86' lang='lat' dir='ltr'><strong>verba</strong></span> 
     </span>
     <span class='ocr_line' id='line_1_35' title="bbox 162 2000 557 2042; baseline 0 -10"><span class='ocrx_word' id='word_1_250' title='bbox 162 2000 370 2041; x_wconf 85' lang='lat' dir='ltr'><strong>imperfecta</strong></span> <span class='ocrx_word' id='word_1_251' title='bbox 385 2000 557 2042; x_wconf 54' lang='lat' dir='ltr'><strong>relinqui?</strong></span> 
     </span>
    </p>

    <p class='ocr_par' dir='ltr' id='par_1_18' title="bbox 163 2048 871 2244">
     <span class='ocr_line' id='line_1_36' title="bbox 207 2048 869 2091; baseline -0.002 -9"><span class='ocrx_word' id='word_1_252' title='bbox 207 2053 249 2083; x_wconf 89' lang='lat'><strong>18</strong></span> <span class='ocrx_word' id='word_1_253' title='bbox 272 2052 427 2084; x_wconf 73' lang='lat' dir='ltr'><strong>Extremo</strong></span> <span class='ocrx_word' id='word_1_254' title='bbox 455 2050 611 2083; x_wconf 80' lang='lat' dir='ltr'><strong>cacumine</strong></span> <span class='ocrx_word' id='word_1_255' title='bbox 639 2048 758 2091; x_wconf 64' lang='grc' dir='ltr'><strong>εἰν-ἕω]</strong></span> <span class='ocrx_word' id='word_1_256' title='bbox 791 2049 869 2081; x_wconf 83' lang='lat' dir='ltr'><strong>Vir-</strong></span> 
     </span>
     <span class='ocr_line' id='line_1_37' title="bbox 164 2100 869 2144; baseline -0.001 -11"><span class='ocrx_word' id='word_1_257' title='bbox 164 2111 241 2144; x_wconf 80' lang='lat' dir='ltr'><strong>gam</strong></span> <span class='ocrx_word' id='word_1_258' title='bbox 264 2111 382 2134; x_wconf 87' lang='lat' dir='ltr'><strong>somno</strong></span> <span class='ocrx_word' id='word_1_259' title='bbox 405 2101 466 2134; x_wconf 87' lang='lat' dir='ltr'><strong>dat</strong></span> <span class='ocrx_word' id='word_1_260' title='bbox 486 2101 631 2139; x_wconf 84' lang='lat' dir='ltr'><strong>Statius,</strong></span> <span class='ocrx_word' id='word_1_261' title='bbox 648 2110 778 2132; x_wconf 86' lang='lat' dir='ltr'><strong>ramum</strong></span> <span class='ocrx_word' id='word_1_262' title='bbox 793 2100 869 2132; x_wconf 89' lang='lat' dir='ltr'><strong>Vir-</strong></span> 
     </span>
     <span class='ocr_line' id='line_1_38' title="bbox 163 2151 869 2194; baseline -0.001 -10"><span class='ocrx_word' id='word_1_263' title='bbox 163 2153 277 2194; x_wconf 83' lang='lat' dir='ltr'><strong>gilius,</strong></span> <span class='ocrx_word' id='word_1_264' title='bbox 291 2153 349 2184; x_wconf 78' lang='lat' dir='ltr'><strong>alii</strong></span> <span class='ocrx_word' id='word_1_265' title='bbox 371 2162 490 2192; x_wconf 87' lang='lat' dir='ltr'><strong>cornu,</strong></span> <span class='ocrx_word' id='word_1_266' title='bbox 505 2157 544 2183; x_wconf 85' lang='lat' dir='ltr'><strong>ut</strong></span> <span class='ocrx_word' id='word_1_267' title='bbox 560 2152 643 2183; x_wconf 88' lang='lat' dir='ltr'><strong>alibi</strong></span> <span class='ocrx_word' id='word_1_268' title='bbox 657 2151 762 2184; x_wconf 85' lang='lat' dir='ltr'><strong>etiam</strong></span> <span class='ocrx_word' id='word_1_269' title='bbox 782 2151 869 2183; x_wconf 90' lang='lat' dir='ltr'><strong>Nos-</strong></span> 
     </span>
     <span class='ocr_line' id='line_1_39' title="bbox 163 2202 871 2244; baseline -0.001 -9"><span class='ocrx_word' id='word_1_270' title='bbox 163 2208 227 2236; x_wconf 82' lang='lat' dir='ltr'><strong>ter.</strong></span> <span class='ocrx_word' id='word_1_271' title='bbox 259 2204 412 2236; x_wconf 74' lang='lat' dir='ltr'><strong>Extremo</strong></span> <span class='ocrx_word' id='word_1_272' title='bbox 427 2202 601 2244; x_wconf 78' lang='lat' dir='ltr'><strong>cacumine]</strong></span> <span class='ocrx_word' id='word_1_273' title='bbox 622 2202 774 2239; x_wconf 89' lang='lat' dir='ltr'><strong>Summo,</strong></span> <span class='ocrx_word' id='word_1_274' title='bbox 790 2202 871 2244; x_wconf 80' lang='grc' dir='ltr'>ἆκρᾷ</span> 
     </span>
    </p>
   </div>
   <div class='ocr_carea' id='block_1_17' title="bbox 919 1590 1630 2040">
    <p class='ocr_par' dir='ltr' id='par_1_19' title="bbox 922 1590 1628 1736">
     <span class='ocr_line' id='line_1_40' title="bbox 922 1590 1628 1636; baseline -0.006 -10"><span class='ocrx_word' id='word_1_275' title='bbox 922 1594 963 1636; x_wconf 79' lang='grc' dir='ltr'><strong>τῇ</strong></span> <span class='ocrx_word' id='word_1_276' title='bbox 970 1591 1075 1634; x_wconf 76' lang='grc' dir='ltr'><strong><em>ῥάβδῳ</em></strong></span> <span class='ocrx_word' id='word_1_277' title='bbox 1084 1592 1228 1625; x_wconf 83' lang='lat' dir='ltr'><strong>Graecis.</strong></span> <span class='ocrx_word' id='word_1_278' title='bbox 1251 1592 1308 1624; x_wconf 88' lang='lat' dir='ltr'><strong>Sic</strong></span> <span class='ocrx_word' id='word_1_279' title='bbox 1321 1591 1506 1623; x_wconf 74' lang='lat' dir='ltr'><strong>Horatius:</strong></span> <span class='ocrx_word' id='word_1_280' title='bbox 1519 1591 1530 1608; x_wconf 89' lang='lat'>‘</span> <span class='ocrx_word' id='word_1_281' title='bbox 1542 1590 1628 1623; x_wconf 90' lang='lat' dir='ltr'><strong>Sub-</strong></span> 
     </span>
     <span class='ocr_line' id='line_1_41' title="bbox 923 1642 1626 1691; baseline -0.004 -15"><span class='ocrx_word' id='word_1_282' title='bbox 923 1644 996 1676; x_wconf 90' lang='lat' dir='ltr'><strong>limi</strong></span> <span class='ocrx_word' id='word_1_283' title='bbox 1013 1642 1151 1691; x_wconf 67' lang='lat' dir='ltr'><strong>flagello</strong></span> <span class='ocrx_word' id='word_1_284' title='bbox 1167 1645 1283 1686; x_wconf 75' lang='lat' dir='ltr'><strong>Tange</strong></span> <span class='ocrx_word' id='word_1_285' title='bbox 1298 1642 1427 1676; x_wconf 72' lang='lat' dir='ltr'><strong>Chloen</strong></span> <span class='ocrx_word' id='word_1_286' title='bbox 1443 1642 1549 1674; x_wconf 83' lang='lat' dir='ltr'><strong>semel</strong></span> <span class='ocrx_word' id='word_1_287' title='bbox 1573 1651 1626 1674; x_wconf 78' lang='lat' dir='ltr'><strong>ar-</strong></span> 
     </span>
     <span class='ocr_line' id='line_1_42' title="bbox 924 1693 1124 1736; baseline 0 -10"><span class='ocrx_word' id='word_1_288' title='bbox 924 1693 1124 1736; x_wconf 74' lang='lat' dir='ltr'><strong>rogantem.²</strong></span> 
     </span>
    </p>

    <p class='ocr_par' dir='ltr' id='par_1_20' title="bbox 919 1744 1630 2040">
     <span class='ocr_line' id='line_1_43' title="bbox 968 1744 1628 1786; baseline -0.003 -9"><span class='ocrx_word' id='word_1_289' title='bbox 968 1748 1009 1777; x_wconf 80' lang='lat'><strong>19</strong></span> <span class='ocrx_word' id='word_1_290' title='bbox 1020 1745 1088 1778; x_wconf 81' lang='lat' dir='ltr'><strong>Aut</strong></span> <span class='ocrx_word' id='word_1_291' title='bbox 1100 1745 1197 1777; x_wconf 74' lang='lat' dir='ltr'><strong>levior</strong></span> <span class='ocrx_word' id='word_1_292' title='bbox 1210 1744 1348 1786; x_wconf 73' lang='lat' dir='ltr'><strong>[leviter]</strong></span> <span class='ocrx_word' id='word_1_293' title='bbox 1354 1753 1501 1786; x_wconf 69' lang='lat' dir='ltr'><strong>suspenso</strong></span> <span class='ocrx_word' id='word_1_294' title='bbox 1509 1744 1628 1785; x_wconf 73' lang='lat' dir='ltr'><strong>poplite</strong></span> 
     </span>
     <span class='ocr_line' id='line_1_44' title="bbox 923 1793 1626 1838; baseline -0.007 -9"><span class='ocrx_word' id='word_1_295' title='bbox 923 1796 1040 1838; x_wconf 75' lang='lat' dir='ltr'><strong>transi]</strong></span> <span class='ocrx_word' id='word_1_296' title='bbox 1058 1796 1186 1828; x_wconf 73' lang='lat' dir='ltr'><strong>Velare</strong></span> <span class='ocrx_word' id='word_1_297' title='bbox 1210 1795 1313 1827; x_wconf 81' lang='lat' dir='ltr'><strong>etiam</strong></span> <span class='ocrx_word' id='word_1_298' title='bbox 1335 1803 1471 1826; x_wconf 81' lang='lat' dir='ltr'><strong>somnus</strong></span> <span class='ocrx_word' id='word_1_299' title='bbox 1487 1793 1626 1825; x_wconf 85' lang='lat' dir='ltr'><strong>dicitur.</strong></span> 
     </span>
     <span class='ocr_line' id='line_1_45' title="bbox 923 1844 1626 1889; baseline -0.004 -10"><span class='ocrx_word' id='word_1_300' title='bbox 923 1847 1015 1879; x_wconf 89' lang='lat' dir='ltr'><strong>Vide</strong></span> <span class='ocrx_word' id='word_1_301' title='bbox 1044 1847 1117 1889; x_wconf 87' lang='lat' dir='ltr'><strong>ejus</strong></span> <span class='ocrx_word' id='word_1_302' title='bbox 1144 1846 1412 1887; x_wconf 81' lang='lat' dir='ltr'><strong>descriptionem</strong></span> <span class='ocrx_word' id='word_1_303' title='bbox 1444 1844 1555 1877; x_wconf 78' lang='lat' dir='ltr'><strong>Theb.</strong></span> <span class='ocrx_word' id='word_1_304' title='bbox 1590 1853 1626 1876; x_wconf 80' lang='lat' dir='ltr'><strong>x.</strong></span> 
     </span>
     <span class='ocr_line' id='line_1_46' title="bbox 919 1895 1626 1940; baseline -0.006 -10"><span class='ocrx_word' id='word_1_305' title='bbox 919 1898 1090 1940; x_wconf 85' lang='lat' dir='ltr'><strong>Sperabat</strong></span> <span class='ocrx_word' id='word_1_306' title='bbox 1110 1907 1192 1930; x_wconf 87' lang='lat' dir='ltr'><strong>vero</strong></span> <span class='ocrx_word' id='word_1_307' title='bbox 1203 1896 1403 1938; x_wconf 66' lang='lat' dir='ltr'><strong>Poeta,sibi</strong></span> <span class='ocrx_word' id='word_1_308' title='bbox 1418 1895 1551 1938; x_wconf 83' lang='lat' dir='ltr'><strong>soporis</strong></span> <span class='ocrx_word' id='word_1_309' title='bbox 1565 1896 1626 1927; x_wconf 86' lang='lat' dir='ltr'><strong>ali-</strong></span> 
     </span>
     <span class='ocr_line' id='line_1_47' title="bbox 922 1946 1630 1992; baseline -0.004 -11"><span class='ocrx_word' id='word_1_310' title='bbox 922 1949 1002 1992; x_wconf 90' lang='lat' dir='ltr'><strong>quid</strong></span> <span class='ocrx_word' id='word_1_311' title='bbox 1019 1949 1198 1981; x_wconf 77' lang='lat' dir='ltr'><strong>conciliari</strong></span> <span class='ocrx_word' id='word_1_312' title='bbox 1213 1957 1315 1989; x_wconf 81' lang='lat' dir='ltr'><strong>posse</strong></span> <span class='ocrx_word' id='word_1_313' title='bbox 1331 1957 1414 1979; x_wconf 75' lang='lat' dir='ltr'><strong>aura</strong></span> <span class='ocrx_word' id='word_1_314' title='bbox 1429 1947 1516 1987; x_wconf 79' lang='lat' dir='ltr'><strong>ejus,</strong></span> <span class='ocrx_word' id='word_1_315' title='bbox 1530 1946 1559 1977; x_wconf 85' lang='lat' dir='ltr'><strong>si</strong></span> <span class='ocrx_word' id='word_1_316' title='bbox 1578 1955 1630 1978; x_wconf 84' lang='lat' dir='ltr'><strong>so-</strong></span> 
     </span>
     <span class='ocr_line' id='line_1_48' title="bbox 921 1997 1625 2040; baseline -0.004 -8"><span class='ocrx_word' id='word_1_317' title='bbox 921 2002 991 2032; x_wconf 91' lang='lat' dir='ltr'><strong>lum</strong></span> <span class='ocrx_word' id='word_1_318' title='bbox 1017 2000 1143 2032; x_wconf 88' lang='lat' dir='ltr'><strong>leviter</strong></span> <span class='ocrx_word' id='word_1_319' title='bbox 1165 2009 1271 2040; x_wconf 83' lang='lat' dir='ltr'><strong>supra</strong></span> <span class='ocrx_word' id='word_1_320' title='bbox 1291 2007 1368 2030; x_wconf 85' lang='lat' dir='ltr'><strong>eum</strong></span> <span class='ocrx_word' id='word_1_321' title='bbox 1386 1997 1625 2038; x_wconf 77' lang='lat' dir='ltr'><strong>pertransiret.</strong></span> 
     </span>
    </p>
   </div>
   <div class='ocr_carea' id='block_1_18' title="bbox 906 2046 1628 2090">
    <p class='ocr_par' dir='ltr' id='par_1_21' title="bbox 906 2046 1628 2090">
     <span class='ocr_line' id='line_1_49' title="bbox 906 2046 1628 2090; baseline -0.007 -7"><span class='ocrx_word' id='word_1_322' title='bbox 906 2060 908 2062; x_wconf 76' lang='grc'>’</span> <span class='ocrx_word' id='word_1_323' title='bbox 923 2051 1053 2083; x_wconf 83' lang='lat' dir='ltr'><strong>Noster</strong></span> <span class='ocrx_word' id='word_1_324' title='bbox 1067 2050 1175 2082; x_wconf 86' lang='lat' dir='ltr'><strong>Theb.</strong></span> <span class='ocrx_word' id='word_1_325' title='bbox 1189 2058 1225 2082; x_wconf 83' lang='lat' dir='ltr'><strong>x.</strong></span> <span class='ocrx_word' id='word_1_326' title='bbox 1250 2050 1262 2068; x_wconf 81' lang='lat'>‘</span> <span class='ocrx_word' id='word_1_327' title='bbox 1276 2048 1375 2080; x_wconf 76' lang='lat' dir='ltr'><strong>Illius</strong></span> <span class='ocrx_word' id='word_1_328' title='bbox 1385 2046 1534 2090; x_wconf 82' lang='lat' dir='ltr'><strong>[Somni]</strong></span> <span class='ocrx_word' id='word_1_329' title='bbox 1546 2057 1628 2079; x_wconf 76' lang='lat' dir='ltr'><strong>aura</strong></span> 
     </span>
    </p>
   </div>
   <div class='ocr_carea' id='block_1_19' title="bbox 923 2097 1628 2194">
    <p class='ocr_par' dir='ltr' id='par_1_22' title="bbox 923 2097 1628 2194">
     <span class='ocr_line' id='line_1_50' title="bbox 923 2097 1628 2142; baseline -0.004 -9"><span class='ocrx_word' id='word_1_330' title='bbox 923 2102 996 2133; x_wconf 91' lang='lat' dir='ltr'><strong>solo</strong></span> <span class='ocrx_word' id='word_1_331' title='bbox 1028 2101 1185 2133; x_wconf 88' lang='lat' dir='ltr'><strong>volucres</strong></span> <span class='ocrx_word' id='word_1_332' title='bbox 1220 2098 1441 2142; x_wconf 85' lang='lat' dir='ltr'><strong>pecudesque</strong></span> <span class='ocrx_word' id='word_1_333' title='bbox 1470 2097 1628 2141; x_wconf 70' lang='lat' dir='ltr'><strong>ferasque</strong></span> 
     </span>
     <span class='ocr_line' id='line_1_51' title="bbox 923 2151 1112 2194; baseline -0.011 -9"><span class='ocrx_word' id='word_1_334' title='bbox 923 2151 1112 2194; x_wconf 80' lang='lat' dir='ltr'><strong>Explicat.’</strong></span> 
     </span>
    </p>
   </div>
   <div class='ocr_carea' id='block_1_20' title="bbox 422 2356 1350 2394">
    <p class='ocr_par' dir='ltr' id='par_1_23' title="bbox 422 2356 1350 2394">
     <span class='ocr_line' id='line_1_52' title="bbox 422 2356 1350 2394; baseline 0 -6"><span class='ocrx_word' id='word_1_335' title='bbox 422 2359 467 2388; x_wconf 68' lang='lat' dir='ltr'><strong>V.</strong></span> <span class='ocrx_word' id='word_1_336' title='bbox 532 2357 802 2388; x_wconf 86' lang='lat' dir='ltr'><strong>EPlCEDION</strong></span> <span class='ocrx_word' id='word_1_337' title='bbox 838 2357 889 2387; x_wconf 85' lang='lat' dir='ltr'><strong>IN</strong></span> <span class='ocrx_word' id='word_1_338' title='bbox 926 2356 1134 2389; x_wconf 85' lang='lat' dir='ltr'><strong>PUERUM</strong></span> <span class='ocrx_word' id='word_1_339' title='bbox 1167 2358 1350 2394; x_wconf 75' lang='lat' dir='ltr'><strong>SUUM.†</strong></span> 
     </span>
    </p>
   </div>
   <div class='ocr_carea' id='block_1_21' title="bbox 162 2434 1622 2480">
    <p class='ocr_par' dir='ltr' id='par_1_24' title="bbox 162 2434 1622 2480">
     <span class='ocr_line' id='line_1_53' title="bbox 162 2434 1622 2480; baseline 0.002 -14"><span class='ocrx_word' id='word_1_340' title='bbox 162 2434 282 2467; x_wconf 83' lang='lat' dir='ltr'><strong>Deflet</strong></span> <span class='ocrx_word' id='word_1_341' title='bbox 304 2444 559 2478; x_wconf 81' lang='lat' dir='ltr'><strong>praeproperam</strong></span> <span class='ocrx_word' id='word_1_342' title='bbox 583 2446 623 2469; x_wconf 88' lang='lat' dir='ltr'><strong>ac</strong></span> <span class='ocrx_word' id='word_1_343' title='bbox 651 2436 867 2469; x_wconf 81' lang='lat' dir='ltr'><strong>immaturam</strong></span> <span class='ocrx_word' id='word_1_344' title='bbox 890 2440 1035 2468; x_wconf 90' lang='lat' dir='ltr'><strong>mortem</strong></span> <span class='ocrx_word' id='word_1_345' title='bbox 1060 2436 1207 2478; x_wconf 87' lang='lat' dir='ltr'><strong>pueruli,</strong></span> <span class='ocrx_word' id='word_1_346' title='bbox 1231 2447 1332 2480; x_wconf 89' lang='lat' dir='ltr'><strong>quem</strong></span> <span class='ocrx_word' id='word_1_347' title='bbox 1359 2446 1479 2471; x_wconf 72' lang='lat' dir='ltr'><strong>recens</strong></span> <span class='ocrx_word' id='word_1_348' title='bbox 1509 2440 1622 2470; x_wconf 80' lang='lat' dir='ltr'><strong>natum</strong></span> 
     </span>
    </p>
   </div>
   <div class='ocr_carea' id='block_1_22' title="bbox 206 2489 444 2530">
    <p class='ocr_par' dir='ltr' id='par_1_25' title="bbox 206 2489 444 2530">
     <span class='ocr_line' id='line_1_54' title="bbox 206 2489 444 2530; baseline 0.008 -10"><span class='ocrx_word' id='word_1_349' title='bbox 206 2489 444 2530; x_wconf 83' lang='lat' dir='ltr'><strong>adoptaverat.</strong></span> 
     </span>
    </p>
   </div>
   <div class='ocr_carea' id='block_1_23' title="bbox 164 2563 1374 2621">
    <p class='ocr_par' dir='ltr' id='par_1_26' title="bbox 164 2563 1374 2621">
     <span class='ocr_line' id='line_1_55' title="bbox 164 2563 1374 2621; baseline 0.004 -16"><span class='ocrx_word' id='word_1_350' title='bbox 164 2563 250 2606; x_wconf 84' lang='grc' dir='ltr'><strong>ΜΕ</strong></span> <span class='ocrx_word' id='word_1_351' title='bbox 269 2564 497 2608; x_wconf 87' lang='lat' dir='ltr'><strong>miserum!</strong></span> <span class='ocrx_word' id='word_1_352' title='bbox 518 2565 685 2621; x_wconf 88' lang='lat' dir='ltr'><strong>(neque</strong></span> <span class='ocrx_word' id='word_1_353' title='bbox 706 2567 824 2609; x_wconf 91' lang='lat' dir='ltr'><strong>enim</strong></span> <span class='ocrx_word' id='word_1_354' title='bbox 844 2567 991 2609; x_wconf 85' lang='lat' dir='ltr'><strong>verbis</strong></span> <span class='ocrx_word' id='word_1_355' title='bbox 1009 2568 1262 2609; x_wconf 88' lang='lat' dir='ltr'><strong>solennibus</strong></span> <span class='ocrx_word' id='word_1_356' title='bbox 1281 2567 1374 2610; x_wconf 83' lang='lat' dir='ltr'><strong>ulla</strong></span> 
     </span>
    </p>
   </div>
   <div class='ocr_carea' id='block_1_24' title="bbox 208 2662 1625 2706">
    <p class='ocr_par' dir='ltr' id='par_1_27' title="bbox 208 2662 1625 2706">
     <span class='ocr_line' id='line_1_56' title="bbox 208 2662 1625 2706; baseline 0 -12"><span class='ocrx_word' id='word_1_357' title='bbox 208 2663 266 2694; x_wconf 88' lang='lat' dir='ltr'><strong>Me</strong></span> <span class='ocrx_word' id='word_1_358' title='bbox 280 2663 461 2701; x_wconf 73' lang='lat' dir='ltr'><strong>infelicem!</strong></span> <span class='ocrx_word' id='word_1_359' title='bbox 482 2662 580 2705; x_wconf 80' lang='lat' dir='ltr'><strong>(nunc</strong></span> <span class='ocrx_word' id='word_1_360' title='bbox 600 2665 685 2696; x_wconf 78' lang='lat' dir='ltr'><strong>enim</strong></span> <span class='ocrx_word' id='word_1_361' title='bbox 709 2664 790 2696; x_wconf 72' lang='lat' dir='ltr'><strong>nihil</strong></span> <span class='ocrx_word' id='word_1_362' title='bbox 810 2665 916 2696; x_wconf 79' lang='lat' dir='ltr'><strong>ord-iar</strong></span> <span class='ocrx_word' id='word_1_363' title='bbox 929 2665 1105 2698; x_wconf 69' lang='lat' dir='ltr'><strong>solennibus</strong></span> <span class='ocrx_word' id='word_1_364' title='bbox 1118 2665 1231 2706; x_wconf 73' lang='lat' dir='ltr'><strong>verbis,</strong></span> <span class='ocrx_word' id='word_1_365' title='bbox 1252 2665 1374 2698; x_wconf 72' lang='lat' dir='ltr'><strong>odiom</strong></span> <span class='ocrx_word' id='word_1_366' title='bbox 1394 2663 1516 2695; x_wconf 78' lang='lat' dir='ltr'><strong>canoris</strong></span> <span class='ocrx_word' id='word_1_367' title='bbox 1535 2663 1625 2703; x_wconf 71' lang='lat' dir='ltr'><strong>aquia</strong></span> 
     </span>
    </p>
   </div>
   <div class='ocr_carea' id='block_1_25' title="bbox 775 2759 894 2772">
    <p class='ocr_par' dir='ltr' id='par_1_28' title="bbox 775 2759 894 2772">
     <span class='ocr_line' id='line_1_57' title="bbox 775 2759 894 2772; baseline 0.008 -1"><span class='ocrx_word' id='word_1_368' title='bbox 775 2759 894 2772; x_wconf 61' lang='lat' dir='ltr'><strong>eeeeee</strong></span> 
     </span>
    </p>
   </div>
   <div class='ocr_carea' id='block_1_26' title="bbox 898 2760 1014 2772">
    <p class='ocr_par' dir='ltr' id='par_1_29' title="bbox 898 2760 1014 2772">
     <span class='ocr_line' id='line_1_58' title="bbox 898 2760 1014 2772; baseline 0.009 -1"><span class='ocrx_word' id='word_1_369' title='bbox 898 2760 1014 2772; x_wconf 59' lang='lat' dir='ltr'><strong>eeeeee</strong></span> 
     </span>
    </p>
   </div>
   <div class='ocr_carea' id='block_1_27' title="bbox 205 2812 1620 2857">
    <p class='ocr_par' dir='ltr' id='par_1_30' title="bbox 205 2812 1620 2857">
     <span class='ocr_line' id='line_1_59' title="bbox 205 2812 1620 2857; baseline -0.003 -12"><span class='ocrx_word' id='word_1_370' title='bbox 205 2814 318 2855; x_wconf 85' lang='lat' dir='ltr'><strong>Vulgo</strong></span> <span class='ocrx_word' id='word_1_371' title='bbox 336 2825 344 2847; x_wconf 70' lang='grc' dir='ltr'>ς</span> <span class='ocrx_word' id='word_1_372' title='bbox 367 2815 536 2855; x_wconf 78' lang='lat' dir='ltr'><strong>Epicedion</strong></span> <span class='ocrx_word' id='word_1_373' title='bbox 550 2814 721 2856; x_wconf 78' lang='lat' dir='ltr'><strong>infilium;</strong></span> <span class='ocrx_word' id='word_1_374' title='bbox 738 2815 932 2847; x_wconf 83' lang='lat' dir='ltr'><strong>Parmensis</strong></span> <span class='ocrx_word' id='word_1_375' title='bbox 947 2826 956 2846; x_wconf 71' lang='grc' dir='ltr'>ς</span> <span class='ocrx_word' id='word_1_376' title='bbox 982 2814 1150 2856; x_wconf 79' lang='lat' dir='ltr'><strong>Epicedion</strong></span> <span class='ocrx_word' id='word_1_377' title='bbox 1163 2812 1309 2855; x_wconf 64' lang='lat' dir='ltr'><strong>infidiam</strong></span> <span class='ocrx_word' id='word_1_378' title='bbox 1324 2822 1436 2857; x_wconf 74' lang='lat' dir='ltr'><strong>suum3</strong></span> <span class='ocrx_word' id='word_1_379' title='bbox 1452 2812 1575 2843; x_wconf 87' lang='lat' dir='ltr'><strong>Venet.</strong></span> <span class='ocrx_word' id='word_1_380' title='bbox 1590 2813 1620 2841; x_wconf 89' lang='lat'><strong>1.</strong></span> 
     </span>
    </p>
   </div>
   <div class='ocr_carea' id='block_1_28' title="bbox 1746 542 1800 2524">
    <p class='ocr_par' dir='ltr' id='par_1_31' title="bbox 1746 542 1800 2524">
     <span class='ocr_line' id='line_1_60' title="bbox 1746 542 1800 2524; baseline 0 0"><span class='ocrx_word' id='word_1_381' title='bbox 1746 542 1800 2524; x_wconf 95' lang='lat' dir='ltr'><strong> </strong></span> 
     </span>
    </p>
   </div>
  </div>
 </body>
</html>
