1800 3060
243 199 332 242 434

752 215 791 245 Ρ.
824 215 1016 246 ΡΑΙἸΝΙΙ
1050 214 1213 248 STATn

359 308 548 351 Annosa
568 310 712 364 magis
733 308 888 365 Appia
909 316 1126 355 senescat.

244 421 335 452 quam
350 411 492 451 tongoeva
504 409 622 452 Appia.

910 466 1051 498 NOTAE

286 532 349 562 163
371 528 517 570 Annosa]
544 528 634 561 Nam
653 527 770 571 Appia
785 534 862 562 erat
875 531 1119 563 vetustissima.

384 697 450 727 1v.
514 697 582 726 AD
616 697 898 729 vlc'I'ORlUM
934 698 1285 738 MARCELLUMJs
1320 700 1577 732 EPISTOLA.

241 780 319 813 Hac
343 782 498 822 Epistola
523 782 684 814 hortatur
707 782 911 814 Marcellum
937 787 976 814 ut
1004 783 1178 824 paululum
1207 783 1318 816 studia
1345 784 1554 817 intermittat
1577 794 1617 817 ac
1635 785 1705 817 otio

290 834 438 868 fruatur.

241 911 423 954 Cunna
445 924 524 967 per
547 911 779 955 Euboicos
799 927 890 955 non
907 915 1070 967 segnis,
1093 915 1300 969 epistola,
1321 928 1536 970 campos3

240 981 345 1023 Hac
366 982 565 1035 ingressa
583 981 695 1033 vias,
718 995 809 1036 qua
829 983 991 1024 nobilis
1011 982 1165 1038 Appia
1187 983 1348 1025 crescit

240 1049 296 1092 In
318 1050 452 1100 latus,
475 1052 519 1091 et
538 1049 696 1090 molles
719 1050 892 1092 solidus
912 1051 1074 1105 premit
1095 1064 1225 1105 agger
1246 1064 1419 1093 arenas.

238 1117 390 1172 Atque
411 1117 491 1158 ubi
511 1116 761 1160 Romuleas
782 1119 916 1161 velox
938 1120 1237 1173 penetraveris
1259 1133 1400 1170 arces,

240 1184 463 1228 Continuo
483 1184 667 1228 dextras
686 1186 793 1228 flavi
813 1191 918 1241 pete
938 1186 1149 1241 Tybridis
1172 1199 1292 1238 oraS‚
1681 1188 1711 1230 5

280 1315 428 1355 Epistola
457 1325 546 1347 curre
569 1315 630 1347 cito
650 1325 707 1356 per
741 1315 891 1347 Euboicos
920 1325 1026 1355 agro-³,
1056 1315 1130 1347 illac
1158 1315 1283 1357 capiens
1307 1315 1381 1356 iter,
1411 1326 1474 1357 qua
1501 1315 1554 1348 via
1582 1313 1710 1347 celebris

237 1355 343 1399 Appia
364 1359 502 1399 erigitur
528 1359 563 1390 in
585 1360 679 1398 latus,
705 1362 735 1390 et
757 1368 857 1399 agger
884 1359 1002 1390 solidus
1029 1359 1142 1399 premit
1167 1360 1272 1390 molles
1294 1369 1415 1391 arenas.

1462 1360 1508 1390 Et
1529 1369 1598 1390 cum
1619 1360 1708 1390 velox

235 1400 368 1434 subieris
387 1412 492 1434 πων-οε
521 1403 660 1442 Romuli,
680 1401 824 1433 continuo
844 1405 915 1444 pete
944 1403 1091 1433 dextrum
1117 1402 1291 1443 marginem
1313 1402 1437 1434 coerulei
1463 1401 1624 1444 Tybridis,
1646 1410 1707 1443 qua

851 1498 1096 1511 ”NOWOO

283 1563 371 1596 Edd.
387 1567 473 1597 vett.
501 1562 552 1595 Aa
575 1563 786 1601 Marcellum‚·
810 1564 928 1597 Parm.
950 1573 1028 1596 cum
1054 1563 1179 1597 Salisb.
1209 1566 1261 1596 Ad
1294 1563 1468 1596 Victoriam
1490 1563 1677 1595 Marcellum
1694 1573 1708 1601 ‚-

236 1606 350 1640 Rhod.
372 1606 425 1639 Aa
455 1606 625 1639 Victor-ium
648 1607 836 1640 Marcellum
864 1607 1036 1649 Epistola;
1060 1612 1097 1640 et
1123 1608 1171 1640 ita
1199 1607 1373 1640 dederunt
1401 1607 1553 1639 GronoV.
1582 1606 1702 1638 Barth.

900 1705 1044 1740 NOTAE

283 1776 297 1807 τ
326 1770 502 1803 Victoriam
517 1770 721 1811 Marcellum]
745 1771 808 1802 Est
822 1770 878 1803 hic
894 1771 945 1812 ip-

238 1831 274 1854 se
291 1821 347 1854 cui
362 1821 593 1854 Quintilianus
610 1821 852 1854 Institutiones
869 1832 947 1854 suas

239 1872 379 1905 dicavit.
424 1871 498 1904 Lib.
517 1881 544 1904 1.
569 1873 580 1890 ‘
598 1872 700 1906 Quod
724 1883 825 1914 opus,
851 1874 944 1905 Mar-

238 1924 327 1960 celle
343 1923 492 1965 Victori,
517 1923 579 1955 tibi
602 1923 779 1956 dicamus.'
814 1924 888 1956 Lib.
910 1933 944 1957 v.

236 1975 247 1993 ‘
265 1974 365 2015 Haec,
382 1974 550 2006 Marcelle
563 1974 711 2015 Victori,
735 1984 779 2006 ex
804 1979 864 2006 tua
886 1985 944 2006 vo-

235 2026 372 2058 luntate
404 2025 552 2057 maxime
581 2024 778 2066 ingressus!
822 2025 945 2057 Eidem

235 2076 404 2118 Papinius
424 2076 514 2108 hunc
534 2075 659 2107 librum
685 2079 845 2118 quartum
870 2086 944 2108 sua-

236 2139 312 2160 rum
327 2129 505 2170 Sylvarum
522 2127 708 2168 inscripsit.

280 2183 298 2213 1
325 2180 441 2222 Curre]
475 2178 675 2221 Alloquitur
705 2179 818 2212 Poeta
848 2180 946 2222 Epis-

236 2231 343 2265 totam
360 2241 466 2263 suam.
500 2230 670 2272 Euboicos]
697 2230 868 2263 Cumanos
883 2241 943 2263 seu

235 2282 499 2323 Neapolitanos.
534 2281 680 2314 Cumani
693 2282 782 2314 enim
796 2287 833 2315 et
851 2283 943 2315 Nea·

235 2332 383 2373 politani
399 2331 443 2364 ab
459 2331 591 2363 Euboea
608 2331 770 2373 profecti.

277 2385 298 2414 2
323 2382 450 2415 Nobilis
478 2382 598 2424 Appia]
619 2384 733 2417 Vocat
761 2386 771 2403 ‘
793 2384 942 2426 reginam

237 2432 368 2464 viarum
380 2433 388 2447 '
404 2433 442 2465 iu
453 2434 656 2466 Surrentino
667 2445 715 2468 vs.
728 2438 781 2468 12.
795 2441 831 2468 et
847 2435 942 2467 Onu-

234 2484 351 2525 phrius
377 2485 527 2517 omnium
555 2485 738 2518 maximam
766 2490 802 2519 et
827 2486 943 2519 lauda-

233 2534 411 2567 tissimam.

269 2588 289 2617 3
313 2585 354 2617 In
368 2584 467 2625 latus]
491 2584 622 2618 Addita
636 2587 772 2620 scilicet
798 2588 854 2620 via
869 2589 941 2621 Do-

234 2636 387 2669 mitiana.
431 2634 557 2668 solidus
585 2637 699 2678 agger]
722 2638 789 2670 Via
818 2639 942 2680 lapidi·

234 2686 298 2718 bus
324 2690 448 2727 strata,
470 2687 551 2729 quia
578 2689 785 2721 eminentior
807 2690 940 2732 reliquo

233 2739 319 2778 solo,
334 2738 447 2779 Agger
462 2738 651 2771 vocabatur
667 2751 676 2772 ι
702 2741 791 2773 uude
808 2741 817 2759 ‘
834 2750 941 2782 agger

234 2788 395 2832 publicus
407 2789 416 2803 ’
431 2794 467 2822 et
483 2789 536 2822 via
553 2790 691 2832 publica
716 2801 822 2824 unum
836 2792 941 2824 idem-

999 1781 1066 1813 que
1079 1770 1317 1813 scriptoribus.
1340 1769 1540 1802 Ammianus
1555 1769 1615 1801 lib.
1626 1777 1708 1802 xlx.

1000 1825 1010 1840 ‘
1027 1823 1095 1856 Ubi
1115 1824 1175 1855 lux
1197 1822 1385 1855 excanduit
1400 1822 1516 1860 tertia,
1535 1830 1706 1853 morarum

998 1873 1196 1915 impatiens,
1223 1873 1395 1915 percursis
1417 1872 1602 1914 aggeribus
1616 1871 1706 1913 pub-

998 1925 1086 1966 licis,
1109 1924 1251 1965 Succos,
1271 1924 1408 1955 nemine
1430 1933 1511 1955 auso
1531 1922 1706 1963 resistere,

998 1975 1172 2016 praesidiis
1209 1973 1416 2015 occupavit!
1472 1971 1567 2005 Alibi
1604 1977 1706 2005 vocat

997 2027 1174 2067 ‘aggerem
1184 2023 1421 2057 itinerarium!
1435 2023 1708 2066 SidoniusApol·

997 2077 1135 2108 linaris:
1158 2075 1354 2118 ‘Antiquus
1383 2075 1447 2107 tibi
1476 2085 1541 2107 nec
1571 2077 1705 2107 teratur

999 2136 1127 2169 agger3
1150 2127 1257 2168 Cujus
1284 2136 1348 2168 per
1373 2125 1523 2167 spatium
1547 2125 1630 2157 sati·
1646 2134 1704 2157 vc-

999 2179 1100 2211 tustis
1130 2179 1265 2211 Nomen
1295 2177 1491 2211 Caesareum
1527 2177 1618 2210 nitet
1646 2186 1706 2208 eo-

997 2229 1145 2262 lumnis.'
1190 2229 1247 2261 Sic
1272 2227 1364 2270 apud
1389 2227 1619 2260 Flodoardum
1642 2225 1703 2259 lib.

998 2290 1034 2313 v.
1047 2282 1082 2314 S.
1101 2281 1286 2314 Gibrianus
1305 2281 1434 2313 dicitur
1455 2280 1610 2322 sepultus
1622 2279 1703 2321 jux-

998 2335 1034 2363 ta
1049 2332 1058 2349 ‘
1073 2341 1235 2372 aggerem
1252 2328 1454 2373 publicum,’
1470 2329 1504 2361 id
1521 2334 1587 2370 est,
1595 2329 1702 2371 juxta

997 2382 1086 2414 viam
1113 2382 1310 2424 publicam:
1349 2381 1512 2423 sepulcra
1540 2379 1632 2413 enim
1656 2387 1700 2411 ex

997 2441 1090 2464 more
1099 2432 1205 2473 juxta
1218 2431 1290 2463 vias
1305 2431 1462 2473 publicas
1476 2433 1688 2463 constructa.

1039 2485 1060 2515 4
1086 2483 1254 2515 Romuleas
1267 2481 1370 2524 arces]
1394 2482 1523 2515 Urbem
1538 2480 1697 2520 Rumam,

997 2544 1018 2565 a
1032 2534 1179 2566 Romulo
1195 2533 1385 2565 conditore.

1038 2589 1058 2618 6
1087 2586 1176 2618 Flavi
1206 2583 1369 2628 Tybridis]
1399 2581 1542 2624 Tyberis
1571 2579 1699 2614 fluvius

997 2638 1139 2670 Romam
1162 2635 1413 2678 praeterfluens.
1458 2631 1566 2674 Flavi]
1599 2631 1698 2664 Flavi

995 2687 1157 2720 dicuntur
1178 2685 1275 2718 fluvii
1294 2685 1339 2717 ob
1360 2685 1498 2727 juncos,
1523 2683 1698 2724 ulvasque.

994 2739 1053 2771 Sic
1069 2747 1184 2779 super.
1199 2736 1315 2768 libello
1330 2740 1339 2754 ¹
1356 2733 1482 2767 flavum
1495 2738 1603 2776 caput
1614 2731 1697 2765 Vul-

995 2789 1089 2823 turni
1104 2788 1112 2801 '
1128 2788 1231 2820 dixit.
