1800 3060
187 220 271 263 148
661 233 700 263 P.
734 232 924 264 ΡΑΡιΝιι
959 232 1124 264 STATH

187 326 353 381 Sperne
373 326 460 369 coli
480 327 679 369 tenuiore
699 328 819 382 lyra:
851 341 969 382 vaga
989 327 1176 382 cingitur
1195 329 1330 370 astris

188 394 327 445 Luna,
345 400 390 437 et
407 395 454 436 in
475 407 693 437 oceanum
712 396 797 437 rivi
815 396 1009 437 cecidere
1028 396 1232 437 minores.

188 462 302 513 Quae
323 463 406 504 tibi
427 462 628 504 solicitus
650 463 865 517 persolvit
886 464 1072 516 praemia
1091 476 1259 504 morum

189 530 328 572 Urbis
349 543 471 571 amor
489 531 508 571 ‘t
539 543 639 584 quae
655 534 753 571 *tum
775 530 1044 584 Patrumque
1065 528 1363 586 Equitumque
1381 533 1532 575 notavi

188 598 390 647 Lumina,
411 600 453 638 et
471 597 633 650 ignarae
655 597 804 650 plebis
825 597 974 650 lugere
991 602 1194 651 potentes
1207 599 1227 639 ‘t

193 665 295 707 Non
313 665 489 706 labente
510 663 664 705 Numa
684 664 832 705 timuit
853 665 919 705 sic
941 664 1067 705 curia
1086 663 1213 714 felix,

187 731 409 785 Pompeio
429 743 512 772 nec
534 731 681 772 celsus
700 743 854 784 eques,
870 743 954 772 nec
974 731 1159 772 foemina
1180 732 1331 775 Bruto.

1587 602 1646 643 40

186 872 226 894 ne
240 863 420 903 dedigneris
433 863 581 894 'celebrari
605 861 754 900 inferiore
776 863 911 897 cithara.
957 865 1145 896 Errabunda
1161 865 1234 896 luna
1253 865 1463 897 circumdatur
1475 865 1644 905 sideribus,
1669 886 1672 887 ν

187 909 218 936 et
233 906 388 937 tenuiores
399 905 499 947 fluvii
513 906 547 937 in
564 906 719 936 Oceanum
742 905 889 947 influunt.
937 907 1034 942 Quali
1048 917 1171 939 munere
1187 908 1284 939 anxia
1305 908 1420 940 civium
1435 909 1644 941 benevolentia

185 952 384 980 remunerata
399 951 445 979 est
459 958 559 979 mores
569 959 588 979 a
600 952 630 978 te
644 952 793 988 acceptos.
841 949 956 984 Quales
966 953 1044 981 ’ωηο
1057 950 1216 981 observavi
1231 951 1332 982 oculos
1346 950 1531 983 Senatorum
1544 952 1643 992 Equi·

187 993 311 1031 tumque
320 1001 357 1022 uc
364 991 464 1031 plebis
471 991 578 1021 inseioe
590 991 712 1031 plorare
724 1001 852 1030 magnos
862 989 878 1023 ,⁹
894 992 989 1023 Felix
999 996 1123 1024 senatus
1133 1002 1194 1024 non
1204 993 1250 1024 sic
1259 994 1397 1024 solicitus
1402 993 1484 1034 fuit,
1492 994 1643 1026 moriente

188 1033 307 1074 Numa,
329 1043 385 1065 nec
397 1034 495 1064 celsus
509 1033 647 1074 equitum
661 1035 749 1073 ordo,
774 1034 923 1075 Pompeio
939 1038 1126 1076 ‹egrotante‚
1149 1045 1207 1067 nec
1219 1035 1375 1077 mulieres,
1390 1040 1510 1068 mortuo
1526 1037 1642 1069 Bruto.

797 1131 1032 1144 eeeeeeeeeeee

185 1199 272 1228 -36
294 1196 395 1228 ‘Una
409 1197 508 1229 litera
523 1198 650 1230 vocalis
677 1198 883 1239 expellenda
909 1203 973 1236 est,
994 1198 1031 1241 (e
1059 1209 1143 1232 voce
1166 1209 1214 1232 sc.
1241 1198 1409 1240 tenuiore.)
1451 1199 1643 1232 Illustravit

185 1249 281 1270 usum
298 1239 523 1281 Papinianum
539 1241 614 1271 aliis
628 1242 793 1286 exemplis
807 1242 925 1274 Justus
939 1242 1179 1284 Sinserlingius
1194 1243 1366 1274 Promuls.
1383 1241 1467 1274 Crit.
1482 1252 1560 1284 cap.
1575 1242 1644 1274 36?

186 1282 304 1313 Barth.
351 1281 453 1314 Aldd.
468 1286 499 1314 1.
517 1286 550 1316 2.
565 1293 632 1315 non
648 1284 896 1324 interpungunt
911 1284 1001 1315 inter
1016 1285 1085 1326 lyra
1111 1290 1147 1318 et
1159 1288 1336 1325 mgna—41
1361 1285 1540 1318 Quomodo
1566 1284 1642 1317 feli-

186 1334 259 1356 cem
275 1324 402 1356 curiam
419 1330 521 1357 vocat
535 1326 700 1357 moriente
719 1326 850 1358 Numa?
874 1327 984 1368 inquit
1009 1328 1207 1367 Gevartius,
1228 1328 1284 1359 cui
1311 1329 1490 1369 perplacet
1506 1327 1644 1360 Heinsii

185 1367 387 1408 conjectura
402 1368 474 1399 haec
487 1379 495 1400 ε
522 1369 595 1399 Non
609 1369 733 1400 labante
748 1392 757 1401 .
769 1392 776 1401 .
791 1393 799 1400 .
813 1370 914 1408 acria,
936 1371 984 1401 vel
996 1370 1042 1401 sic
1057 1370 1207 1411 Pompeio
1218 1381 1232 1408 ,-
1252 1381 1307 1402 nec
1323 1393 1333 1402 .
1346 1393 1354 1402 .
1368 1393 1377 1402 .
1393 1371 1512 1402 Bruto.
1554 1371 1643 1402 Ber-

186 1410 317 1442 nan-tius
334 1416 498 1450 punctum
516 1411 610 1450 ponit
621 1418 702 1452 post
717 1411 806 1450 felix
821 1417 856 1443 et
873 1416 948 1452 post
963 1413 1092 1450 Bruto5
1112 1414 1244 1454 Gryph.
1272 1417 1436 1453 punctum
1455 1417 1541 1454 post
1551 1413 1643 1451 felix

187 1457 223 1484 et
247 1462 377 1485 comma
404 1457 481 1494 post
502 1454 636 1492 „Bt-uto,-
672 1454 775 1486 Aldd.
792 1458 822 1486 l.
840 1457 872 1487 2.
899 1464 980 1487 vero
1001 1455 1073 1489 sic;
1097 1456 1172 1488 Non
1189 1477 1198 1488 .
1213 1456 1354 1494 ..selix.
1398 1456 1568 1498 Pompeio:
1584 1478 1594 1488 .
1609 1478 1617 1487 .
1631 1476 1641 1488 .

841 1553 982 1586 NOTAE

238 1618 281 1648 36
306 1614 456 1648 Tenuiore
491 1616 576 1658 tyra]
620 1618 702 1649 Mea
739 1617 886 1650 scilicet.

191 1665 282 1704 Vaga
297 1666 405 1707 Luna]
428 1667 536 1707 Vaga,
551 1668 631 1709 quia
646 1667 827 1709 ἑλικοειδὴς,
850 1668 885 1699 id

186 1720 253 1756 est,
267 1715 389 1757 obliquo
403 1717 547 1748 incedens
560 1727 651 1749 cursu
661 1730 672 1750 .·
696 1724 750 1751 est
762 1719 850 1751 enim
866 1728 885 1750 e

183 1770 315 1806 septem
339 1767 501 1807 planetis,
523 1768 581 1808 qui
603 1768 742 1800 erratici
764 1777 885 1800 vocan-

184 1820 253 1855 tur,
275 1816 319 1848 ad
345 1815 575 1850 differentiam
601 1819 777 1851 stellarum
802 1819 884 1851 fixa-

178 1875 269 1900 rum.

183 1936 186 1940 -
225 1919 268 1948 38
291 1917 433 1958 Morum]
462 1918 503 1950 Id
521 1922 586 1959 est,
609 1918 654 1951 ob
670 1928 781 1951 mores
799 1923 884 1951 tuos.

182 1968 289 1999 Forte
301 1971 338 1999 et
351 1967 483 2000 Rutilio
495 1979 624 2000 morum
637 1979 719 2002 cura
731 1971 886 2002 commis-

183 2027 221 2049 sa
236 2027 256 2049 a
270 2018 439 2059 principe.
484 2019 573 2050 Haec
589 2029 672 2051 cura
695 2020 884 2052 censorum

183 2072 259 2099 erat
274 2069 474 2110 antiquitus,
490 2070 549 2101 sed
574 2075 754 2111 postquam
775 2070 884 2102 creari

182 2128 343 2151 censores
364 2119 556 2161 desierunt,
579 2120 612 2152 ei
625 2130 716 2152 curae
734 2120 884 2161 Impera-

182 2174 273 2201 tores
286 2169 511 2211 praefuerunt,
527 2174 584 2202 aut
601 2171 686 2202 alios
712 2171 770 2212 qui
795 2180 884 2211 prae·

182 2226 298 2253 essent
325 2222 581 2262 commiserunt,
608 2222 699 2262 apud
728 2231 812 2263 quos
840 2220 884 2252 de

181 2271 332 2303 moribus
350 2272 520 2312 judicium
545 2276 719 2312 ageretur,
740 2276 775 2303 et
791 2281 884 2303 max-

182 2321 248 2353 ime
265 2322 356 2353 inter
367 2323 543 2364 conjuges.
587 2322 666 2355 Qua
681 2321 726 2353 de
741 2331 778 2352 re
802 2321 884 2353 Gel-

179 2372 247 2403 lius
263 2372 322 2404 lib.
338 2381 388 2404 1v.
405 2375 532 2413 cap.>2.
779 2394 784 2401 -

225 2426 267 2454 40
289 2423 440 2463 Lumina]
462 2424 603 2465 Supple,
630 2423 747 2464 rigata
773 2422 886 2463 lacry-

182 2473 258 2505 mis.
299 2473 349 2504 Et
363 2472 487 2512 ignoroe
501 2473 599 2515 plebis
613 2474 720 2512 lugere
729 2471 884 2513 potentes]

183 2525 192 2541 ‘
207 2521 317 2553 Insita
341 2522 565 2562 mortalibus,'
594 2528 632 2554 ut
661 2523 709 2554 ait
734 2522 886 2562 Tacitae,

182 2573 191 2590 ‘
209 2577 330 2604 natura
362 2575 537 2603 recentem
565 2572 608 2604 ali
625 2582 707 2604 rum
738 2571 884 2604 §elicita-

183 2628 253 2656 tem
269 2623 368 2664 aegris
393 2623 501 2654 oeulis
523 2623 772 2663 introspicere)
816 2622 886 2654 ‘Et

184 2679 237 2705 est
272 2674 336 2704 hoc
374 2682 552 2705 commune
593 2673 737 2713 vitium,'
773 2673 885 2714 inquit

184 2724 302 2763 Nepos
329 2723 362 2753 in
388 2722 547 2762 Chabria,
570 2723 727 2763 ‘magnis
753 2722 885 2754 liberis-

183 2782 249 2816 que
260 2773 469 2814 civitatibus,
481 2778 520 2805 ut
543 2772 671 2805 invidia
685 2773 812 2815 ¹gloriae
837 2773 883 2806 sit

939 1627 1078 1652 comes:
1098 1622 1134 1651 et
1149 1618 1297 1650 libenter
1319 1617 1362 1650 de
1389 1617 1430 1650 iis
1445 1617 1642 1659 detrahant,

940 1679 1025 1710 quos
1037 1679 1215 1711 emergere
1233 1669 1373 1701 videant
1386 1669 1490 1701 altius
1505 1679 1512 1700 ε
1525 1678 1640 1710 neque

939 1719 1051 1751 animo
1067 1729 1164 1761 aequo
1189 1729 1362 1761 pauperes
1389 1719 1534 1751 alienam
1550 1728 1640 1761 opu·

939 1771 1068 1802 lentum
1083 1770 1283 1802 intueantur
1294 1768 1494 1801 fortunam?

983 1823 1024 1852 41
1045 1819 1168 1861 Numa]
1187 1819 1368 1852 Secundus
1383 1819 1463 1851 Rex
1474 1818 1643 1851 Romano-

942 1880 1030 1903 rum.
1075 1871 1276 1913 Cnriafelix]
1297 1871 1410 1903 Numa
1433 1870 1525 1902 enim
1551 1879 1642 1902 snm-

940 1931 996 1952 mo
1009 1922 1103 1953 cultu
1117 1926 1275 1953 senatum
1293 1920 1576 1962 prosequebatur.

982 1973 1025 2003 42
1048 1971 1194 2012 Pompeio
1221 1981 1278 2003 nec
1301 1972 1397 2002 celsus
1419 1969 1523 2011 eques]
1549 1969 1639 2001 Nam

940 2020 1068 2052 ordinis
1105 2021 1274 2063 equestris
1317 2025 1394 2052 erat
1442 2019 1640 2061 Pompeiae.

940 2071 1064 2112 Celsus]
1087 2072 1226 2104 Solenni
1251 2071 1332 2104 olim
1347 2071 1448 2103 titulo
1465 2070 1639 2112 equestris

937 2122 1022 2153 ordo
1046 2123 1143 2154 celsus
1157 2122 1280 2154 dictus.
1322 2121 1470 2154 Festus:
1492 2121 1503 2138 ‘
1517 2121 1639 2154 Celsus

938 2181 982 2203 ex
995 2171 1122 2204 Graeco
1144 2170 1242 2210 κέλης
1253 2182 1328 2213 equo
1343 2170 1482 2204 dictus!
1525 2171 1637 2202 Hora-

939 2224 1006 2254 tius
1037 2223 1081 2255 de
1119 2223 1301 2265 Equitibus
1338 2220 1612 2254 Rhamnensibus
1627 2231 1638 2252 ι

939 2273 1052 2305 ‘Celsi
1075 2278 1290 2314 praetereunt
1312 2277 1450 2305 austera
1478 2271 1638 2313 poemata

939 2323 1132 2355 Rhamnes!
1174 2322 1388 2362 Necfoemina
1402 2322 1523 2363 Bruto]
1547 2322 1638 2354 Nam

940 2374 975 2405 in
987 2378 1097 2405 morte
1113 2374 1186 2415 ejus
1209 2373 1346 2414 publica
1366 2371 1435 2404 fuit
1458 2371 1639 2413 moestitia,

938 2434 980 2456 eo
992 2428 1072 2455 ante
1085 2422 1197 2455 omnia
1211 2422 1363 2463 insignis,
1379 2421 1460 2463 ,qnia
1470 2426 1637 2454 matronae

939 2482 1075 2511 annum,
1089 2476 1128 2504 ut
1146 2475 1324 2512 parentem
1352 2471 1525 2513 luxerunt,
1546 2471 1638 2514 quod

939 2528 1008 2556 tam
1020 2532 1099 2555 acer
1114 2522 1204 2553 ultor
1223 2522 1360 2554 violatae
1383 2521 1560 2563 pudicitia
1581 2521 1636 2553 fu-

938 2573 1034 2605 isset.
1081 2572 1198 2612 Bruto]
1218 2572 1342 2605 Junins
1357 2572 1500 2612 Brutus,
1517 2580 1538 2604 a
1553 2572 1637 2604 stul-

940 2623 1029 2664 titia,
1041 2632 1142 2664 quam
1167 2627 1262 2654 metu
1286 2622 1464 2664 Tarquinii
1487 2622 1638 2663 Superbi

937 2672 1103 2714 fingebat,
1130 2672 1252 2704 Brutus
1281 2676 1337 2704 est
1370 2672 1639 2713 cognominatus.

938 2722 1007 2754 Hic
1022 2722 1151 2754 exactis
1166 2722 1315 2764 regibus,
1328 2720 1539 2764 civitateque
1550 2721 1584 2753 in
1598 2721 1638 2752 li·

937 2772 1107 2805 bertatem
1121 2771 1306 2814 vindicata,
1324 2771 1461 2815 >primm
1483 2771 1638 2805 consula-
