1800 3060
179 276 281 310 Febr.

180 331 329 363 Florem.

179 435 320 469 comt.

178 540 333 574 Grasser.

180 593 331 627 Gronov,

180 699 281 732 Grut.

179 752 312 795 Gryph.
328 755 358 786 1.

321 809 354 839 2.

181 859 295 892 Haud.

182 1017 308 1052 Jortin.

185 1124 290 1165 Lang.

187 1178 349 1210 Laurent-

186 1282 283 1317 laid.

188 1335 419 1380 lindenbrog.

188 1441 336 1484 laipsiau.

191 1495 318 1528 Markl.

188 1601 318 1634 Medic.

189 1653 350 1691 Merseb..

190 1760 314 1794 Μαι-εἱ,

192 1813 296 1853 Obu-
311 1814 412 1848 nise.

193 1919 304 1953 Palat.

190 1972 304 2006 Paris.

191 2025 308 2060 Parui.

192 2133 313 2166 Petav.

193 2186 350 2220 Petreus.

193 2292 335 2334 Peyrar-

193 2451 286 2486 Pith.

194 2505 311 2540 Plant.
326 2510 358 2540 1.

334 2563 367 2593 2.

195 2614 278 2648 Pnt.

197 2665 287 2709 Reg-

197 2720 305 2754 Rhod-

559 182 823 217 nannenus
856 183 1256 216 ammaricus.
1571 176 1629 218 43

518 277 636 310 Codex
653 277 789 310 Nicolai
805 276 921 319 Fabri,
933 286 1000 319 quo
1014 287 1094 310 usus
1109 281 1164 310 est
1180 278 1467 319 Lindeubrogius.

521 330 642 363 Codex
656 330 858 363 chartaceus
873 330 1078 371 Florentiui,
1092 331 1187 372 cnjus
1202 331 1378 373 Excerpta
1393 341 1414 363 a
1428 331 1522 363 Frid.
1547 332 1626 365 Liu-

558 383 744 426 denbrogio
759 390 944 426 acceperat
959 384 1171 417 Gronovius.

519 436 627 471 Janus
651 437 835 479 Casperius
861 437 1046 470 Gevartins
1071 438 1106 469 iu
1133 437 1402 480 Papinianarum
1428 439 1627 473 Iaectionum

558 489 658 530 libro,
671 494 708 522 et
721 489 787 522 Ed.
802 499 864 522 sua
879 489 990 531 Lngd.
1005 490 1087 522 Bat.
1104 493 1200 523 1616.

521 542 668 576 Joannes
682 543 756 576 Jac.
773 543 960 576 Grasserus
974 543 1009 575 in
1025 543 1091 576 Ed.
1107 554 1167 576 sua
1183 544 1359 587 Antwerp.
1376 548 1474 578 1613.

523 596 625 629 Joan.
641 596 735 628 Frid.
751 596 946 628 Gronovius
962 597 996 628 in
1011 597 1181 640 Dian-ibe,
1198 598 1350 631 Eleneho
1372 598 1631 641 Antidiatribes,

561 653 597 680 et
613 648 679 680 Ed.
694 657 755 680 sua
767 648 881 680 Amst.
895 651 993 681 16⁵3.

518 701 627 734 Janus
643 701 814 733 Gruterus
829 702 864 733 in
882 701 1041 734 Editioue
1057 702 1328 736 Commeliuiaua
1342 714 1397 738 an.
1414 708 1509 739 1600.

519 754 637 787 Editio
651 754 851 796 Gryphiaua
866 764 920 786 an.
937 757 1032 788 1547.

865 817 919 840 an.
937 810 1033 840 1659.

522 861 756 894 Ferdiuaudus
781 862 951 902 Handim,
963 863 1022 904 qui
1039 862 1153 904 priora
1176 863 1243 895 tria
1264 864 1423 900 Carmina
1436 865 1514 898 libri
1528 866 1630 908 primi

561 915 740 956 sylvarum
760 924 838 948 cum
862 916 963 948 Notis
986 916 1165 953 Gronovii,
1188 917 1399 960 Marklaudi,
1421 919 1629 962 aliorumque

562 972 599 999 et
614 968 683 1000 suis
697 967 807 1001 edidit
822 968 917 1010 Lips.
931 973 967 1001 et
980 969 1088 1002 Lond.
1106 972 1204 1002 1817.

517 1020 668 1053 Joauues
681 1021 841 1055 Jortinns
865 1027 1009 1063 nostras,
1022 1024 1121 1065 cnjus
1141 1024 1406 1058 Emendationes
1427 1026 1462 1058 in
1482 1026 1631 1059 Statium

562 1077 687 1106 extant
700 1074 734 1106 in
748 1073 850 1106 Obss.
864 1075 967 1108 Mise.
980 1075 1058 1108 Vol.
1070 1085 1096 1109 1.
1112 1080 1149 1108 et
1165 1086 1207 1109 u.

523 1126 642 1158 Codex
658 1126 772 1160 Caroli
787 1127 919 1169 Langii,
933 1137 1000 1170 quo
1015 1138 1096 1160 usus
1110 1134 1164 1162 est
1180 1130 1395 1164 Bernartius.

526 1179 642 1212 Codex
660 1180 910 1213 vetustissimus
930 1181 1157 1215 Bibliotheeae
1173 1183 1209 1216 S.
1228 1185 1400 1218 [aurentii
1420 1186 1632 1228 Leodiensis,

568 1242 668 1274 quem
683 1233 770 1265 citat
781 1232 872 1265 idem
887 1233 1099 1268 Bernartius.

529 1285 648 1318 Codex
664 1285 853 1326 Leidensis,
865 1286 956 1318 inter
970 1287 1153 1321 Vossiauos
1165 1299 1200 1322 n.
1214 1293 1291 1323 246.

528 1338 725 1371 Frideriena
747 1339 1006 1382 Lindeubrogus
1018 1340 1246 1386 (Tiliobroga)
1261 1343 1296 1376 in
1313 1343 1475 1378 Editione
1491 1356 1551 1379 sua
1566 1347 1633 1379 Pa-

566 1392 625 1424 ris.
642 1395 738 1424 1600.

528 1445 648 1478 Codex
663 1446 859 1488 Lipsianus,
874 1456 973 1489 quem
987 1448 1140 1482 adhibuit
1155 1450 1368 1484 Bernartius.

528 1499 696 1533 Jeremias
722 1500 948 1534 Marklandus
972 1503 1005 1534 iu
1027 1502 1187 1536 Editioue
1210 1504 1389 1546 Sylvarum
1413 1505 1521 1538 Lond.
1538 1509 1634 1539 1728.

568 1558 605 1585 et
620 1554 710 1594 Lips.
725 1557 822 1586 1729.

532 1605 652 1637 Codex
665 1606 866 1648 Medianas,
875 1608 972 1650 cujus
988 1609 1170 1651 Excerptis
1182 1620 1263 1643 usus
1278 1616 1332 1643 est
1345 1611 1549 1644 Gronovius.

533 1658 650 1691 Codex
675 1659 983 1704 Manebat-gensis,
998 1663 1097 1704 cujus
1121 1664 1200 1696 VV.
1214 1665 1285 1696 LL.
1300 1665 1356 1698 hic
1380 1666 1451 1698 illic
1473 1666 1508 1697 iu
1537 1666 1636 1699 Com-

567 1712 733 1744 mentario
749 1715 1027 1747 commemoravit
1042 1716 1217 1750 Barthius.

525 1764 620 1809 fed.
635 1764 802 1798 Motellus
815 1767 850 1798 in
866 1767 1175 1801 Observationibus
1189 1769 1232 1801 ad
1246 1771 1366 1812 Sylvas
1383 1771 1494 1805 Paris.
1511 1775 1605 1805 1601.

531 1817 762 1850 Miscellaneae
786 1819 1051 1852 Observationes
1074 1822 1109 1852 in
1132 1821 1302 1855 Auctore:
1325 1823 1407 1857 Vet.
1429 1830 1467 1857 et
1492 1825 1636 1858 Recent.

569 1880 654 1903 eura
667 1871 854 1904 Burmanni
868 1873 982 1907 Amst.
1001 1877 1224 1908 1732-1751.

532 1924 650 1957 Codex
665 1925 857 1959 Palatinus.

529 1978 648 2010 Codex
662 1979 864 2012 Parisiensis
878 1980 921 2013 ab
937 1981 1076 2013 Haudio
1092 1983 1226 2014 citatus.

530 2031 647 2064 Editio
669 2033 863 2066 Parmensis
885 2044 939 2067 au.
964 2037 1060 2067 1473.
1081 2045 1144 2077 per
1168 2036 1387 2069 Franciscum
1409 2038 1638 2072 Puteolanum

572 2091 738 2119 correcta.

533 2138 651 2171 Codex
667 2139 709 2172 P.
724 2140 875 2181 Petavii‚
891 2151 991 2183 quem
1007 2141 1094 2174 citat
1110 2142 1394 2184 Lindenbrogius.

532 2191 647 2223 Codex
672 2193 861 2235 Petrensis,
877 2204 978 2237 quem
1000 2195 1155 2237 possidet
1177 2196 1365 2238 Collegium
1387 2197 1423 2229 S.
1437 2197 1535 2229 Petri
1550 2199 1638 2230 Can-

576 2244 648 2277 tab.

529 2296 680 2330 Joannes
702 2298 935 2340 Peyraredus,
948 2301 1046 2342 enjus
1063 2302 1327 2334 Emendationes
1352 2303 1387 2335 in
1403 2303 1550 2337 Statium
1565 2315 1642 2346 par-

575 2350 636 2382 tim
651 2355 773 2383 extant
787 2352 822 2384 in
845 2353 1005 2385 Editioue
1026 2355 1236 2395 Mai-ollesii;
1258 2356 1384 2397 partim
1408 2357 1590 2391 laudantur
1605 2359 1641 2391 iu

576 2403 687 2444 Epist.
701 2406 734 2437 3.
747 2404 897 2437 San-avii
913 2406 956 2438 ad
969 2407 1017 2438 H.
1034 2407 1207 2440 Grotium.

534 2456 655 2489 Codex
669 2458 844 2490 Francisei
859 2458 985 2492 Pithoei
996 2461 1032 2493 J.
1050 2461 1090 2493 C.
1105 2471 1206 2503 quem
1222 2463 1309 2495 citat
1324 2462 1609 2507 Liudenbrogius.

535 2510 651 2542 Editio
670 2511 888 2544 Plantiuiana
910 2523 965 2546 an.
983 2517 1078 2546 1595.

913 2577 967 2599 an.
981 2570 1077 2599 1599.

538 2618 658 2651 Codex
671 2620 879 2661 Puteaueus‚
889 2630 956 2663 quo
970 2631 1051 2653 usus
1066 2626 1143 2654 erat
1158 2622 1442 2665 Lindenbrogius.

541 2671 660 2704 Codex
671 2673 800 2716 Regius
815 2675 970 2715 ejusdem
984 2674 1237 2716 Lindenbrogii.

538 2724 656 2757 Codex
671 2725 814 2760 Joannis
829 2727 965 2769 Rhodii,
981 2737 1049 2770 quo
1065 2738 1144 2761 usus
1162 2733 1239 2762 erat
1253 2729 1454 2763 Gronovius.
