1800 3060
203 155 290 198 350

703 167 744 196 P.
779 165 971 197 PAPlNll
1008 166 1172 197 S'rA'rn

205 263 470 303 Sanctarum
492 262 695 316 digestus
717 275 867 316 opum,
889 276 1147 317 sparsaeque
1169 275 1250 317 per
1270 275 1424 305 omnes

204 330 390 372 Divitiae
411 330 620 384 populos,
642 331 875 383 magnique
896 329 1127 383 impendia
1147 330 1315 372 mundi.

204 396 436 452 Quicquid
458 398 515 438 ab
542 397 748 439 auriferis
769 398 928 452 ejectat
949 397 1098 439 Iberia
1116 397 1268 447 fossis,

202 466 458 508 Dalmatico
479 465 602 520 quod
620 469 766 507 monte
787 466 907 516 nitet,
930 465 1050 519 quod
1072 466 1293 507 messibus
1315 464 1438 508 Afris
1610 467 1668 510 90

202 533 420 585 Vertitur,
443 533 618 575 aestiferi
640 533 858 588 quicquid
880 534 985 575 terit
1005 545 1108 574 area
1132 532 1244 585 Nili,

202 658 329 698 tiaram,
350 658 543 699 collectoeque
566 667 637 698 opes
659 667 716 698 per
736 658 896 689 universas
919 661 1029 697 gentes
1053 660 1082 689 et
1109 657 1229 689 tributa
1254 657 1338 690 vasti
1362 658 1456 689 orbis.

1512 658 1669 700 Quicquid

203 701 309 732 Iberia
325 701 442 732 emittit
457 711 497 732 ea:
521 700 719 741 aurzjl'odinis,
739 701 819 741 quod
833 701 970 741 splendet
995 701 1029 731 in
1051 700 1206 732 montibus
1232 701 1415 741 Dalmatia,
1438 703 1518 742 quoa
1532 702 1671 733 venitur

201 744 361 784 segetibus
385 744 519 785 Africoe,
541 744 686 785 quicquid
714 753 787 775 area
810 743 943 782 aestiferi
970 743 1043 774 Nili
1068 744 1214 785 triturat,
1238 745 1377 785 quodque
1402 745 1543 776 urinator-
1571 745 1668 776 maris

809 836 951 848 ”eom

953 836 1053 849 ‘OOC‘

202 903 400 937 Idem—87
422 903 520 937 Idem
538 914 600 946 pro
612 907 786 945 partaeque,
802 903 894 946 quod
910 913 1030 937 omnes
1045 904 1146 937 codd.
1162 914 1241 936 cum
1252 905 1396 937 Venett..
1408 907 1441 937 2.
1457 907 1489 936 3.
1503 908 1536 938 4.
1553 905 1668 938 Parin.

202 948 300 981 Rom.
317 947 422 980 Aldd.
440 950 504 981 διε.
519 948 660 989 habent,
677 957 720 980 ex
737 948 938 989 conjectura
953 948 1064 981 edidit
1080 958 1265 990 δραι-σαρκο.
1308 948 1434 980 Venet.
1459 950 1491 981 1.
1511 948 1668 990 praefert,

863 1045 1006 1079 NOTAE

244 1111 287 1142 86
310 1111 387 1142 Jam
407 1111 546 1143 creditur
567 1112 624 1144 uni
647 1112 839 1144 Sanctarum
859 1112 908 1144 di-

198 1165 308 1200 gestus
334 1162 442 1203 opum]
475 1162 552 1203 Uni,
583 1164 730 1195 Etrusco
761 1163 907 1195 scilicet.

199 1213 326 1245 Totum
341 1213 431 1244 hunc
445 1213 558 1245 locum
572 1213 728 1246 imitatus
740 1219 792 1246 est
808 1214 908 1246 Clau-

200 1264 322 1295 dianus
340 1264 374 1295 in
389 1264 605 1305 Panegyrico
620 1265 742 1296 Manlii
754 1263 908 1296 Theodo-

198 1315 252 1347 ri:
291 1314 404 1346 ‘Huic
435 1324 543 1346 saerae
574 1315 782 1347 mandantur
811 1324 908 1356 opes,

200 1365 363 1407 orbisque
384 1364 534 1397 tributa:
562 1365 716 1397 Possessi
742 1365 907 1407 quicquid

198 1414 312 1448 fluviis
334 1416 506 1448 evolvitur
521 1416 612 1448 auri:
638 1415 814 1458 Quicquid
831 1417 907 1448 luce

199 1467 320 1509 procul
338 1476 442 1498 venas
457 1467 580 1498 rimata
594 1475 760 1508 sequacos
775 1466 907 1499 Abdita

198 1518 362 1559 pallentis
377 1516 467 1550 fodit
481 1518 621 1550 solertia
644 1518 765 1557 Bessi3
794 1519 906 1550 Unius

199 1567 242 1600 fit
270 1577 353 1600 cura
378 1568 455 1608 viri,
484 1569 725 1610 quodcumque
752 1569 906 1601 rubescit

199 1620 351 1659 Occasu,
376 1620 618 1661 quodcumque
642 1620 716 1652 dies
742 1620 907 1652 devexior

199 1669 331 1703 ambit!
376 1670 458 1711 Hic,
485 1670 636 1702 describi
660 1670 906 1711 praefecturam

197 1721 323 1754 AErarii
350 1725 487 1763 putant.
546 1720 615 1752 Sed
645 1721 725 1752 huic
756 1721 907 1762 opinioni

195 1777 367 1814 repugnat
381 1773 488 1804 solum
499 1772 703 1814 epithetum,
717 1776 907 1814 sanctarum,

197 1822 233 1854 id
260 1827 326 1860 est,
357 1832 546 1854 sacrarum.
589 1822 682 1854 Illud
706 1822 795 1854 enim
827 1833 905 1864 pro-

197 1874 274 1916 prie
303 1874 346 1906 ad
370 1874 620 1916 Imperatorem
645 1877 792 1914 spectat,
809 1874 905 1916 cujus

197 1933 252 1956 ren
268 1934 385 1956 omnes
401 1923 584 1955 familiares
608 1923 739 1955 solenni
766 1933 807 1955 ac
829 1933 905 1964 pro-

196 1975 274 2017 prio
301 1975 467 2007 vocabulo
497 1975 648 2007 ‘sacrae’
680 1975 903 2008 vocabantur.

196 2026 290 2058 Hinc
300 2026 311 2045 ‘
319 2035 450 2058 sacram
461 2025 621 2066 domum,’
632 2025 642 2042 ‘
651 2035 787 2057 sacrum
797 2026 906 2066 latus:

191 2076 332 2109 ‘sacros
359 2076 500 2116 vultus:
525 2076 605 2108 alibi
627 2075 712 2107 dicit
726 2076 904 2117 Papinius.

192 2128 273 2160 Hoc
284 2137 367 2160 vero
379 2128 492 2169 potius
502 2127 703 2169 designatur
711 2137 831 2159 munus
839 2128 905 2159 ‹lis-

194 2177 402 2218 pensatoris.
429 2177 487 2209 Sic
504 2177 638 2208 enimin
651 2177 905 2209 constitutioni*-

194 2227 258 2261 bus
276 2228 528 2270 Imperatorum
550 2232 729 2267 vocantur,
742 2227 799 2269 qui
812 2229 905 2269 prin-

196 2279 311 2321 cipum
321 2279 484 2320 pecunias
495 2278 718 2318 curabant‚et
727 2279 903 2310 thesauro-

195 2340 269 2362 rum
278 2330 608 2362 administrationem
615 2329 799 2361 habebant.
811 2330 902 2362 Huic

195 2380 330 2412 muneri
383 2379 543 2422 praefecti
578 2380 669 2412 servi
706 2380 901 2421 libertique.

194 2430 356 2462 Tacitus:
397 2432 406 2449 ‘
422 2430 544 2463 Galbae
569 2440 706 2471 corpus,
733 2430 790 2462 din
818 2440 900 2471 neg-

195 2481 340 2521 lectum,
365 2484 401 2512 et
425 2481 566 2512 licentia
591 2480 809 2512 tenebrarum
826 2481 900 2522 plu-

195 2530 290 2562 rimis
313 2529 470 2562 ludibriis
495 2535 667 2567 vexatum,
684 2530 902 2571 dispensator

194 2581 323 2624 Argius
357 2591 378 2612 e
405 2582 607 2623 primoribus
645 2582 751 2613 servis
784 2577 903 2613 humili

194 2634 373 2675 sepultura
388 2633 421 2665 in
435 2633 578 2674 privatis
602 2633 677 2674 ejus
696 2632 805 2664 hortis
821 2641 903 2664 con-

194 2683 305 2716 texit!
321 2684 493 2725 Tempore
510 2683 737 2724 posteriorum
749 2682 902 2723 Impera-

195 2739 320 2777 torum,
336 2733 393 2776 qui
409 2732 572 2775 ejusmodi
598 2742 736 2765 munera
762 2741 901 2765 exerce-

964 1112 1062 1153 bant,
1075 1111 1190 1144 vocati
1205 1114 1286 1144 sunt
1311 1110 1322 1129 ‘
1336 1109 1480 1143 comites
1496 1118 1667 1142 sacrarum

963 1162 1206 1205 largitionum,’
1222 1161 1286 1194 sub
1298 1161 1418 1204 quibus
1433 1164 1533 1192 erant
1553 1161 1564 1179 ‘
1578 1170 1667 1202 prae—

963 1213 1044 1246 fecti
1072 1212 1328 1254 thesaurorum?
1362 1213 1373 1231 ‘
1387 1213 1530 1244 comites
1545 1212 1670 1244 metal-

962 1264 1098 1305 lorum‚'
1123 1264 1263 1306 aliique.
1306 1264 1391 1295 Erat
1407 1267 1444 1295 et
1469 1263 1604 1294 ‘comes
1615 1271 1667 1293 re-

962 1325 1036 1347 rum
1059 1313 1294 1356 privatarum’
1322 1313 1454 1351 dictus3
1477 1311 1521 1343 de
1544 1310 1665 1354 quibus

961 1365 1115 1397 omnibus
1131 1365 1270 1397 consule
1293 1363 1450 1396 notitiam
1465 1362 1613 1403 imperii,
1629 1365 1666 1393 et

962 1415 1214 1447 Cassiodorum.

1003 1469 1045 1498 88
1064 1466 1236 1507 Magnique
1247 1464 1404 1506 impendia
1412 1463 1535 1504 mundi]
1546 1463 1586 1496 Id
1601 1468 1668 1505 est,

961 1516 1092 1548 tributa
1107 1526 1182 1558 quae
1199 1520 1292 1548 totus
1308 1515 1403 1547 orbis
1417 1514 1557 1556 pendet.

1003 1569 1045 1599 89
1069 1566 1190 1607 Iberia]
1207 1566 1309 1598 Nunc
1321 1564 1503 1606 Hispania,
1511 1564 1560 1597 sic
1573 1563 1666 1598 dicta

961 1623 1013 1650 est
1029 1618 1072 1650 ab
1087 1618 1192 1650 Ibero
1217 1615 1333 1657 fluvio,
1349 1616 1450 1647 bodie
1467 1615 1565 1648 Ebro.
1601 1617 1665 1649 Est

960 1673 996 1700 et
1007 1669 1118 1700 altera
1133 1667 1249 1700 Iberia
1259 1667 1292 1699 in
1305 1666 1387 1698 Asia
1399 1675 1506 1708 prope
1520 1670 1663 1707 pontum

962 1719 1132 1751 Euxinum
1157 1724 1194 1750 et
1221 1717 1434 1757 Colchidem,
1459 1727 1536 1758 quae
1563 1717 1664 1749 hodie

962 1774 1104 1802 vocatur
1120 1770 1236 1801 [ceria.
1278 1767 1441 1807 Auriferi-s
1458 1767 1572 1810 fassis]
1595 1766 1667 1800 Au-

960 1820 1114 1852 rifodinae
1139 1820 1226 1851 enim
1251 1823 1351 1851 erant
1369 1819 1405 1850 in
1429 1818 1614 1860 Hispania,
1627 1823 1666 1851 ut

960 1876 1109 1904 testatur
1130 1872 1263 1903 Plinius
1290 1870 1350 1902 lib.
1377 1878 1516 1902 xxxxii.
1543 1873 1664 1911 cap.4.

960 1924 970 1941 ‘
987 1921 1174 1958 Ceterum,’
1204 1922 1266 1962 ait,
1295 1923 1306 1940 ‘
1319 1925 1452 1952 montes
1483 1920 1662 1961 hispaniae

960 1974 1046 2006 aridi
1069 1974 1284 2014 sterilesque,
1306 1976 1343 2004 et
1369 1972 1404 2003 in
1431 1970 1554 2013 quibus
1580 1971 1664 2002 nihil

958 2024 1051 2056 aliud
1080 2024 1252 2065 gignatur,
1265 2023 1343 2054 huic
1370 2021 1473 2060 bono,
1495 2030 1590 2061 auro,
1604 2030 1662 2052 co-

959 2078 1088 2115 guntur
1103 2073 1236 2105 fertiles
1252 2071 1352 2105 esse!
1396 2071 1486 2103 Vide
1513 2071 1662 2102 eundem

961 2125 1103 2157 ibidem.

1002 2178 1045 2207 90
1060 2174 1330 2215 Dalmaticoquod
1339 2177 1440 2206 monte
1448 2172 1543 2214 nitet]
1560 2171 1660 2204 Idem

960 2225 1095 2258 Plinius
1110 2225 1235 2257 ibidem
1249 2237 1256 2255 z
1281 2226 1290 2242 ‘
1307 2224 1347 2256 In
1359 2223 1531 2255 Dalmatia
1545 2231 1662 2263 reper-

961 2280 1006 2307 1ae
1027 2281 1106 2308 sunt
1121 2274 1318 2306 aurifodinae
1335 2274 1531 2316 principatu
1553 2274 1664 2306 Nero-

958 2326 1030 2359 nis.’
1077 2327 1168 2363 Quod
1196 2326 1346 2358 messibus
1370 2324 1465 2365 Afris
1496 2323 1660 2364 Verritur]

957 2377 1184 2410 Feracissima
1199 2377 1288 2408 enim
1304 2386 1344 2408 ac
1364 2375 1572 2408 fertilissima
1587 2373 1659 2406 frn—

955 2439 1032 2470 gum
1055 2428 1190 2460 Africa.
1235 2427 1338 2461 Quod
1354 2426 1507 2458 ostendit
1522 2425 1658 2456 Plinius

953 2480 1015 2512 lib.
1035 2488 1096 2511 xv·
1123 2488 1200 2520 cap.
1223 2480 1256 2510 2.
1302 2478 1312 2496 ‘
1330 2477 1455 2509 Oleum
1481 2479 1516 2506 et
1541 2474 1656 2506 vinum

953 2529 1078 2561 invidit
1099 2533 1231 2560 tantum
1256 2526 1401 2567 Africae,
1415 2525 1567 2566 satisque
1586 2524 1658 2565 glo-

954 2580 1014 2612 riae
1029 2579 1063 2611 in
1079 2577 1245 2609 messibus
1263 2575 1370 2608 fecit!

997 2632 1038 2662 91
1063 2628 1214 2666 AEstifhri
1233 2627 1379 2669 quicquid
1391 2625 1470 2658 terit
1482 2634 1557 2658 area
1572 2624 1656 2666 Nili]

953 2682 1026 2714 Per
1041 2689 1145 2711 aream
1163 2678 1235 2711 Nili
1261 2675 1421 2718 intelligit
1446 2675 1654 2708 frumentum

955 2730 1046 2773 quod
1069 2729 1209 2771 singulis
1231 2727 1326 2760 aunis
1348 2726 1520 2768 AEgyptus
1536 2725 1654 2758 Roma
