1800 3060
233 205 320 248 366
733 215 773 245 P.
805 214 996 245 PAPINu
1031 214 1199 246 s'rA'ru

233 310 465 360 Manibus,
487 310 619 363 inque
637 313 714 350 tua
731 308 946 349 tumulum
967 307 1119 349 tellure
1137 307 1316 350 levabit.

235 378 407 420 Nostra
427 390 618 431 quoque,
638 375 843 429 exemplo
863 375 1064 424 meritus,
1083 375 1164 416 tibi
1186 375 1383 416 carmina
1401 374 1569 427 sanxit,
1603 373 1690 416 215

236 446 344 487 Hoc
366 446 502 487 etiam
525 443 722 497 gaudens
744 443 934 484 cinerem
954 442 1147 483 donasse
1167 442 1390 496 sepulcro.

232 557 383 597 sepulcro.
429 555 529 587 Dicat
542 554 637 585 eliam
662 554 722 585 tibi
742 557 863 585 nostros
876 563 984 585 versus
998 563 1072 594 quos
1093 552 1207 586 meruit
1229 555 1316 585 tanto
1336 552 1465 594 pietatis
1486 551 1636 593 επεηψῖο,
1658 557 1690 586 et

231 600 367 640 gaudeat
381 598 501 630 dedisse
513 597 612 629 adhuc
627 597 707 629 hunc
719 597 870 629 tumulum
885 596 948 628 tuis
957 596 1120 629 cineribus.

842 681 1084 693 mmo

235 743 369 784 brogii:
391 746 483 784 atque
505 745 584 780 ωας
604 742 746 774 Venett.
763 741 866 774 Aldd.
889 741 998 773 Colin.
1013 741 1146 782 Gryph.
1170 740 1276 773 Basil.
1305 739 1421 774 Plant.
1445 739 1602 772 Grasser.
1619 739 1689 772 Ge-

234 791 323 818 vart.
351 788 417 818 &c.
455 796 529 826 eque
558 789 622 816 tua.
666 785 784 816 Lectio
814 789 930 816 nostra
956 789 1011 816 est
1034 793 1077 815 ex
1101 783 1341 816 emendatione
1372 781 1687 818 Marklandi.—215

236 828 325 861 Edd.
355 833 444 860 vett.
473 828 594 859 ‚neritis
616 827 676 859 tibi
704 827 846 859 carmina
867 827 989 863 saneim
1013 826 1163 859 Gronov.
1189 826 1301 858 Diatr.
1331 834 1408 865 cap.
1439 827 1493 856 33.
1516 824 1606 865 conj.
1627 834 1690 860 mg-

234 873 343 910 ritus‚·
377 871 497 903 Barth.
516 871 635 903 meriti.
681 870 880 902 Lectionem
904 874 1056 901 nostram
1084 879 1104 901 e
1127 868 1308 901 Parmensi
1332 867 1486 899 restituit
1511 866 1689 899 Marklan-

236 914 314 946 dus.

893 953 1040 987 NOTAE

235 1025 370 1055 tanturn
383 1021 526 1052 hausere
541 1019 681 1059 favillae,
692 1019 765 1051 Hos
779 1020 869 1052 bibit
884 1029 938 1052 us·
992 1018 1160 1060 explicuit
1174 1018 1265 1050 hunc
1278 1018 1404 1050 locum.
1445 1016 1615 1052 Domitius
1640 1017 1689 1049 le-

236 1083 303 1114 que
336 1070 461 1113 rogus!
519 1070 669 1102 Eadem:
694 1071 705 1089 ‘
721 1071 779 1103 Nil
805 1071 936 1103 miseris
991 1069 1042 1110 git
1056 1069 1191 1108 meritis,
1206 1073 1242 1099 et
1265 1067 1314 1098 sic
1337 1066 1510 1108 explicat:
1537 1066 1689 1108 Exemplo

235 1122 411 1163 acceptius
447 1121 576 1152 umbris
621 1122 732 1154 Quam
769 1120 937 1163 gemitus!
990 1119 1127 1160 meritis]
1149 1119 1199 1150 Ut
1214 1118 1295 1150 inde
1307 1122 1399 1149 esset
1414 1117 1607 1157 exemplum
1619 1126 1690 1149 me·

235 1172 305 1204 Hic
319 1170 525 1204 mutuabit
541 1171 705 1212 Manibus]
725 1171 833 1203 Sacra
843 1172 936 1203 enim
987 1170 1129 1201 ritornm
1147 1173 1295 1208 tuorum,
1305 1167 1414 1199 voluit
1428 1175 1483 1198 me
1498 1167 1559 1198 tibi
1573 1166 1691 1199 dicare

236 1221 342 1253 etiam
356 1221 512 1253 instituta
536 1221 571 1252 in
596 1221 759 1253 honorem
785 1225 934 1253 mortuo·
990 1220 1054 1251 hoc
1078 1227 1227 1251 carmen.
1282 1217 1349 1248 Sed
1379 1217 1526 1257 legendo
1549 1217 1691 1257 mritun,

237 1281 322 1304 rum.
990 1269 1073 1301 nihil
1090 1269 1233 1310 amplius
1254 1266 1465 1299 difficultatis
1482 1271 1546 1299 est.
1589 1267 1690 1299 Clau-

278 1324 342 1353 214
365 1322 464 1362 Inque
477 1324 532 1353 lua
549 1322 700 1353 tumulum
721 1322 835 1353 tellure
853 1322 936 1352 levu-
991 1318 1067 1351 dius
1083 1319 1250 1350 Etruscus
1266 1318 1354 1349 filius
1383 1317 1477 1349 dicat
1497 1316 1574 1357 tibi,
1596 1327 1616 1348 ο
1639 1327 1692 1350 se-

236 1371 300 1413 bit]
322 1372 363 1403 Id
379 1376 445 1411 est,
461 1376 588 1403 terram
611 1371 740 1403 eximet
764 1380 783 1402 e
808 1376 867 1403 tuo
883 1375 937 1402 tu·
990 1371 1079 1410 nior,
1092 1374 1210 1401 nostra
1224 1369 1381 1411 lugubria
1396 1374 1431 1400 et
1447 1369 1506 1409 pia
1520 1368 1684 1401 carmina.

236 1423 340 1455 mulo.
386 1422 476 1454 Nam
514 1422 564 1453 sic
599 1423 746 1453 animam
781 1423 937 1463 sepulcro
990 1420 1142 1461 Exemplo
1157 1419 1303 1460 meritus]
1324 1417 1366 1449 Id
1383 1422 1449 1455 est,
1474 1427 1550 1460 quae
1575 1427 1690 1450 exem-

236 1473 407 1506 conditam
450 1472 560 1504 minus
594 1473 702 1514 premi
738 1472 939 1505 credebant.
990 1471 1048 1511 plo
1064 1469 1204 1509 pietatis
1229 1478 1299 1500 suae
1315 1468 1455 1507 meruit,
1474 1478 1494 1499 n
1515 1467 1614 1499 nobis
1630 1468 1692 1499 eli·

235 1522 340 1554 Unde
362 1522 593 1563 precabantur
627 1522 828 1563 parentibus
856 1522 938 1553 ami·
991 1520 1075 1552 cuit.
1097 1519 1155 1551 Sic
1171 1518 1312 1551 Pietate
1327 1518 1546 1550 Abascantii:
1562 1521 1572 1536 ‘
1584 1518 1690 1550 Nam-

236 1572 354 1613 cisqne
376 1572 514 1603 ‘levem
545 1571 707 1603 terram:’
731 1575 853 1603 contra
876 1571 939 1603 ini·
993 1579 1059 1612 que
1073 1570 1210 1611 egregia
1221 1569 1352 1609 pietate
1369 1568 1545 1601 meretur?
1589 1568 1629 1600 In
1645 1570 1691 1601 E·

235 1622 333 1654 micis
347 1623 357 1641 ‘
369 1620 532 1663 gravem!
992 1619 1129 1662 picedio
1144 1620 1178 1650 in
1194 1624 1348 1660 patrem:
1371 1620 1382 1636 ‘
1395 1619 1493 1650 Vidit
1513 1625 1550 1650 et
1574 1629 1689 1651 exem-

276 1675 340 1705 21⁵
368 1673 487 1704 Nostra
501 1682 630 1713 quoque,
645 1672 781 1712 exemplo
796 1671 940 1712 meritus,
992 1670 1086 1711 plum
1101 1668 1275 1709 genitrix.’

236 1721 296 1754 tibi
310 1723 449 1754 carmina
463 1721 589 1762 sanxit]
616 1721 815 1762 Legendum
845 1721 938 1752 meri-
1033 1722 1098 1752 216
1120 1719 1191 1751 Hoc
1203 1718 1355 1760 sepulcro]
1379 1717 1421 1749 Id
1443 1722 1509 1758 est,
1529 1718 1594 1750 hoc
1618 1727 1690 1751 car·

235 1776 300 1812 tus,
315 1781 382 1804 non
398 1772 531 1812 merim,
554 1776 591 1802 nt
614 1771 743 1803 habent
766 1771 843 1802 aliae
863 1771 937 1802 edi·
988 1770 1080 1802 mine
1095 1769 1246 1810 funebri,
1261 1770 1354 1811 quasi
1368 1768 1560 1810 epitaphio.

236 1823 363 1865 tiones,
388 1822 518 1864 optime
547 1821 634 1853 vidit
664 1820 871 1861 Gronovius,
899 1826 936 1853 et

555 1988 623 2019 IV.
684 1987 887 2018 CAPILLI
930 1984 1127 2018 FLAvln
1160 1986 1372 2027 EARINI-g

237 2063 379 2098 Missam
396 2064 440 2096 ab
456 2050 584 2096 {larino
601 2074 733 2096 comam
749 2065 944 2105 AEsculapio
960 2064 1056 2096 bonis
1073 2064 1240 2096 ominibus
1258 2063 1489 2106 prosequitur,
1501 2063 1684 2106 Deumque

281 2112 394 2149 rogat,
410 2112 448 2139 nt
462 2108 527 2139 hoc
544 2107 670 2140 donum
686 2108 785 2139 laetus
798 2108 976 2149 libensque
993 2107 1154 2149 accipiat.

238 2182 343 2234 ΙΤΕ,
366 2195 523 2234 comae,
543 2182 810 2237 facilemque
830 2194 987 2237 precor
1006 2181 1285 2224 transcurrite
1305 2186 1488 2237 pontum
1505 2198 1515 2223 :

281 2288 333 2320 Ile
345 2287 465 2329 capilli,
476 2290 507 2319 et
521 2287 672 2330 inficite,
687 2298 752 2329 oro,
764 2288 966 2330 tranquillum
977 2289 1108 2329 pelagus
1118 2298 1129 2320 .·
1150 2287 1254 2320 vadite
1263 2286 1544 2325 molliter-jacentes
1554 2286 1589 2319 in
1596 2296 1690 2320 aare«

280 2415 397 2447 Par-m.
423 2415 542 2456 Capilli
556 2416 662 2448 Flavii
685 2415 801 2447 Earini
817 2416 994 2447 Domitiani
1008 2416 1149 2453 Libera,-
1170 2420 1294 2448 ceterae
1311 2419 1396 2448 vett.
1423 2416 1519 2447 Coma
1545 2415 1684 2452 Earini:

237 2457 366 2489 Markl.
390 2459 584 2498 suspicatus
600 2463 676 2490 erat
701 2459 816 2498 Capilli
830 2458 955 2497 Earini,
972 2462 1010 2490 ut
1037 2459 1071 2489 in
1093 2458 1201 2491 Praef.
1226 2458 1269 2490 ad
1285 2458 1444 2490 Polliam.
1488 2457 1605 2489 Codex
1627 2457 1688 2488 Sa-

236 2500 318 2531 lisb.
336 2500 453 2540 Capilli
462 2500 557 2532 Flavi
573 2500 674 2532 lerini
684 2511 698 2539 ‚⁸
720 2501 832 2534 Rhod.
849 2501 964 2541 Capilli
977 2500 1082 2533 Flavii
1097 2501 1199 2533 lerini
1210 2511 1223 2539 ;
1247 2501 1336 2532 unde
1349 2500 1564 2533 Gronovius:
1590 2500 1688 2531 coma

237 2542 345 2575 Flavia·
358 2543 486 2583 Earini,
500 2548 537 2575 et
554 2544 605 2576 sic
629 2553 686 2585 ap·
710 2543 829 2576 Sidon.
855 2542 1102 2585 Apollinarem.
1142 2542 1347 2575 Marklando
1376 2542 1541 2574 debetur:
1566 2541 1683 2584 Capilli

891 2623 1032 2656 NOTAE

278 2689 295 2720 l
318 2686 439 2727 Flavii]
463 2686 598 2719 Nomen
623 2688 731 2720 Flavii
751 2689 896 2721 Earinus
917 2697 937 2720 e
1034 2692 1050 2727 ss
1073 2687 1205 2728 Earini]
1239 2687 1410 2720 Martialis
1435 2686 1494 2719 lib.
1519 2695 1557 2719 x.
1586 2687 1688 2729 Epig-

238 2741 342 2777 gente
359 2737 549 2771 Domitiani
565 2739 701 2780 patroni
718 2745 880 2773 traxerat.
992 2741 1044 2771 18.
1057 2739 1121 2771 hoc
1135 2738 1236 2771 modo
1252 2737 1341 2770 ludit
1355 2738 1389 2770 in
1405 2737 1538 2770 nomine
1550 2737 1687 2777 Earini:
