1800 3060
190 214 274 256 108
688 222 728 254 P.
766 221 955 254 PAPINH
991 220 1158 256 srA‘rn
1191 230 1193 233 ·

191 320 306 363 Cum
325 318 484 361 Thetin
503 317 726 359 AEmoniis
747 317 909 361 Chiron
931 318 1144 361 accedere
1165 317 1289 360 terris

192 389 356 430 Erecto
378 386 616 442 prospexit
635 398 780 441 equo:
803 400 937 441 quam
952 387 1087 440 longa
1105 390 1331 428 morantur

193 455 373 498 Sidera!
399 467 532 509 quam
553 454 698 507 segnis
718 455 836 496 votis
854 453 1029 495 Aurora
1047 453 1240 495 maritis!

193 522 258 565 At
277 522 430 577 procul
450 524 500 562 ut
520 521 678 563 Stellae
700 520 920 562 thalamos
941 533 1118 562 sensere
1139 521 1290 574 parari

193 592 360 634 Latous
379 594 534 631 vatum
555 594 698 643 pater,
717 592 762 630 et
783 587 1031 630 Semeleius
1053 588 1179 630 Evan
1197 601 1208 640 ;
1565 588 1654 631 220

192 724 260 745 cum
280 716 446 744 centaurus
463 711 591 752 Chiron,
614 710 744 742 sublatis
769 710 924 751 prioribus
945 709 1088 751 pedibus,
1113 710 1163 742 illi
1185 709 1343 742 nuntiarit
1362 709 1472 742 Thetin
1487 710 1655 752 appropin-

191 766 286 798 quare
308 756 372 787 oris
395 754 563 786 AEmonioe.
609 754 711 790 Quum
736 755 829 785 tarda
852 757 938 785 astra
962 752 1176 786 cunctantur!
1199 753 1302 789 Quum
1324 753 1409 784 lenta
1429 752 1555 784 Aurora
1575 754 1656 784 votis

193 798 328 831 mviii!
355 798 469 830 Verum
485 797 538 828 ubi
554 796 685 828 Lutonoe
695 796 804 838 filius,
819 800 926 828 natum
938 800 1042 837 puter,
1058 800 1088 827 et
1104 797 1249 828 Bacchus
1263 795 1382 828 Semele
1394 795 1536 835 genitus,
1547 797 1657 836 procul

193 842 483 874 animadverterunt
504 840 644 881 nuptiale
667 840 840 871 cubiculum
863 839 1022 880 adornari,
1047 839 1098 871 hic
1118 842 1187 880 ugit
1211 850 1252 872 ex
1276 838 1428 881 Ortygia,
1442 838 1494 870 ille
1507 848 1549 870 ex
1564 838 1656 880 Nysa

792 933 830 946 θ’
835 933 1030 946 “umno

196 1002 233 1029 et
247 997 495 1029 Ἥρωι-216
511 995 724 1028 Schraderus
734 994 768 1026 in
785 994 936 1031 ineditis,
947 995 1092 1027 accedere
1104 995 1319 1027 tectim—21⁷
1334 995 1379 1026 V.
1394 994 1443 1026 D.
1459 993 1493 1025 in
1507 993 1655 1035 exempl.

195 1041 294 1073 Gott.
308 1042 392 1072 lenta
407 1041 701 1071 maroneum—218.
718 1038 762 1071 N.
778 1037 952 1070 Heins.ad
968 1038 1073 1070 Ovid.
1091 1038 1158 1079 Ep.
1172 1047 1252 1070 xiv.
1269 1040 1321 1070 19.
1337 1037 1424 1078 conj.
1439 1037 1520 1068 votis
1531 1037 1573 1069 A.
1588 1046 1654 1068 ma·

197 1083 283 1123 ritis,
308 1093 409 1125 quam
422 1082 514 1123 conj.
535 1088 574 1113 nt
597 1092 678 1113 snus
695 1086 749 1112 est
762 1090 846 1122 mos,
858 1081 923 1113 sibi
945 1080 1132 1114 vindicavit
1153 1081 1281 1113 Markl.
1309 1080 1471 1112 Heinsius
1492 1080 1655 1111 correcti-

197 1136 294 1158 onem
316 1135 411 1157 suam
428 1126 532 1157 etiam
559 1125 593 1156 in
610 1124 757 1156 Advers.
775 1133 815 1156 11.
831 1126 883 1156 14.
899 1134 933 1165 p.
957 1126 1033 1156 317.
1053 1124 1243 1166 proposuit.
1260 1124 1389 1156 Omnes
1404 1122 1503 1154 codd.
1527 1128 1562 1154 et
1577 1122 1657 1155 edd.

195 1174 280 1201 vett.
307 1169 434 1200 habent
454 1168 687 1200 marist—219
713 1167 811 1198 Rom.
838 1177 962 1199 sensere
980 1167 1210 1208 μανικὰ-220
1231 1166 1368 1199 Lethon-s
1390 1166 1489 1198 Urat.
1505 1165 1657 1197 Semeliuo

195 1213 334 1244 Vicent.
348 1212 449 1244 equn
460 1211 562 1243 Voss.
576 1217 613 1243 et
630 1212 729 1243 Rom.
752 1210 852 1242 eualm
867 1211 993 1243 Venet.
1012 1213 1043 1244 1.
1057 1215 1094 1243 et
1110 1210 1359 1243 Ἥρωι-221
1384 1209 1451 1240 Hic
1464 1212 1564 1240 nwuet
1579 1208 1658 1240 orti·

861 1297 1004 1330 NOTAE

196 1364 323 1397 Peleus
339 1363 428 1396 filins
444 1362 550 1404 AEaci,
572 1361 627 1394 cui
644 1362 761 1404 nupsit
774 1361 903 1403 Thetis,

196 1421 298 1457 pater
314 1414 471 1447 Achillis.

238 1468 303 1498 216
331 1463 461 1505 Thetin]
481 1464 602 1496 'rhetis
617 1463 725 1496 Nerei
747 1467 783 1495 et
798 1462 904 1495 Dori-

196 1517 250 1549 dis
264 1516 347 1556 filia,
360 1521 472 1547 mater
482 1515 639 1547 Achillis.
686 1514 774 1546 Vide
788 1513 904 1546 Achil·

195 1567 306 1599 leidos
320 1566 380 1597 lib.
396 1575 421 1598 1.
466 1564 636 1606 AEmoniis]
658 1564 700 1596 Id
718 1570 784 1603 est,
798 1564 904 1596 Thes-

195 1617 322 1650 salicis,
379 1616 554 1648 Thessalia
589 1616 679 1648 enim
715 1615 904 1658 antiquitus

198 1674 321 1701 vocata
344 1668 501 1700 AEmoniu.
542 1665 677 1707 Chiron]
714 1666 839 1698 Chiron
862 1665 901 1697 fi-

198 1721 262 1752 lius
282 1718 419 1751 Saturni
447 1722 483 1749 et
509 1717 678 1758 Philyres,
709 1716 902 1748 Centaurus

190 1770 415 1812 justissimus,
434 1767 643 1808 astrologiae,
663 1767 813 1808 artisque
832 1776 902 1798 me-

196 1821 298 1862 dicae,
319 1830 359 1853 ac
382 1818 559 1862 pnlsandae
583 1819 724 1850 citharae
739 1817 902 1860 peritissi-

197 1882 283 1909 mus,
301 1882 321 1903 a
336 1880 402 1913 qno
417 1869 525 1902 herba
535 1868 602 1901 fuit
615 1869 775 1901 inventa:
798 1868 901 1900 disci·

197 1923 296 1965 pulos
308 1921 429 1953 habuit
441 1920 642 1960 Herculem,
657 1919 902 1961 AEsculapium,

196 1980 234 2006 et
259 1973 439 2006 Achillem.
481 1971 633 2004 Tandem
649 1982 726 2004 cum
743 1971 900 2014 gravissi-

197 2024 260 2056 mis
276 2028 313 2055 et
338 2022 608 2055 intolerabilibus
628 2022 802 2054 doloribus
823 2031 899 2054 cru-

195 2070 347 2107 ciaretur
369 2083 414 2106 ex
440 2074 592 2114 vnlnere,
613 2073 704 2115 quod
727 2073 864 2114 recepit
879 2083 900 2106 a

197 2126 325 2168 sagitta
352 2125 512 2158 Herculis
534 2123 664 2166 Hydrae
687 2133 820 2156 veneno
841 2125 903 2156 im-

196 2178 294 2215 buta,
309 2186 387 2219 quae
403 2186 483 2209 casu
508 2175 684 2208 ceciderat
703 2175 739 2207 in
755 2175 827 2217 eJus
844 2185 903 2217 pe-

198 2228 290 2268 dem,
305 2227 392 2260 mori
413 2227 547 2268 cnpiit;
572 2229 610 2258 et
632 2235 709 2257 cum
732 2230 826 2258 esset
841 2227 902 2258 im-

153 2273 155 2276 ’
197 2280 364 2320 mortalis,
399 2278 501 2321 petiit
536 2287 556 2309 a
592 2276 738 2318 superis,
769 2281 808 2308 ut
837 2276 901 2308 sibi

197 2330 283 2362 mori
318 2331 460 2362 liceret:
484 2327 576 2371 quod
610 2327 823 2369 impetravit,
858 2327 901 2359 ab

197 2380 386 2422 iisdemque
402 2380 437 2412 in
450 2380 571 2412 coelum
588 2378 774 2410 translatus
785 2381 851 2418 est,
866 2377 902 2410 in

199 2432 340 2463 zodiaco
356 2431 542 2463 collocatus
569 2435 606 2461 et
625 2428 825 2470 sagittarius
841 2438 900 2470 ap-

198 2482 361 2525 pellatns.

241 2536 306 2566 217
339 2533 453 2564 Erecto
486 2531 650 2572 prospexit
679 2531 770 2573 equo]
804 2532 901 2563 Bene

196 2587 309 2624 erecto,
334 2582 414 2625 quia
430 2582 618 2613 Centaurus
639 2586 729 2614 erat.
771 2582 902 2614 Noster

200 2632 385 2668 Achilleid.
400 2640 426 2664 1.
449 2631 494 2662 de
513 2631 634 2662 eodem
653 2631 813 2664 Chirone.
835 2632 901 2663 ‘E-

199 2689 293 2717 recto
309 2684 512 2725 prospectat
531 2680 642 2722 equo!
689 2681 791 2717 Quam
808 2682 902 2722 longa

198 2738 359 2767 morantur
370 2731 498 2772 Sidera]
520 2730 727 2763 Difficillima
739 2732 828 2764 enim
844 2733 903 2764 ho-

198 2785 358 2826 minibus,
374 2788 558 2824 utcumque
573 2786 750 2824 conceptae
767 2783 817 2815 rei
833 2792 902 2816 mo.

955 1371 1005 1394 ra.
1049 1361 1278 1395 Claudianus:
1301 1360 1462 1393 ‘Incusat
1472 1367 1551 1401 spes
1566 1368 1658 1401 aegra

954 1422 1078 1454 moras,
1092 1413 1251 1455 longique
1267 1411 1428 1443 videntur
1446 1409 1551 1442 Stare
1571 1409 1658 1447 dies,

955 1474 1164 1506 segnemque
1187 1466 1295 1495 rotam
1314 1471 1382 1494 non
1399 1462 1539 1494 volvere
1557 1461 1658 1493 th-

956 1513 1024 1548 be.'

998 1567 1062 1597 218
1087 1565 1189 1601 Quum
1207 1563 1314 1604 segnis
1326 1563 1410 1595 votis
1422 1563 1548 1594 Auram
1562 1562 1659 1594 muri-

955 1616 1000 1648 tis
1015 1614 1155 1657 [mur-iti]
1178 1614 1257 1647 Nic.
1281 1613 1443 1646 Heinsius
1457 1613 1568 1645 hocin
1585 1613 1660 1645 Ιοω

957 1666 1191 1708 reponendum
1223 1664 1434 1697 arbitratur:
1476 1664 1558 1696 votis
1590 1663 1658 1696 Au-

955 1728 1029 1750 rora
1066 1717 1206 1758 maritis,
1238 1721 1278 1748 ut
1308 1722 1344 1748 ct
1378 1714 1491 1748 ‘furta
1513 1714 1660 1748 marita'

956 1768 1065 1802 Theb.
1092 1777 1131 1800 x.

998 1822 1063 1852 220
1083 1817 1219 1859 Latous]
1243 1816 1369 1858 Apollo
1393 1814 1484 1848 filius
1504 1815 1660 1848 Latonae.

961 1869 1076 1903 Vatum
1099 1867 1207 1910 pater]
1243 1867 1333 1901 Quis
1362 1866 1481 1899 Poe'tae
1514 1870 1594 1898 sunt
1623 1865 1660 1898 in

955 1921 1116 1953 clientela
1132 1919 1315 1961 Apollinis.
1359 1918 1529 1950 Semeleius
1552 1917 1658 1958 Em]

957 1972 1055 2004 Evan
1071 1979 1259 2011 cognomen
1273 1968 1402 2000 Bacchi
1416 1968 1567 2000 Semeles
1585 1966 1660 1999 filii.

957 2022 1155 2055 Notandum
1170 2025 1300 2060 autem,
1317 2019 1409 2062 quod
1426 2019 1584 2051 Bacchus
1602 2028 1661 2050 ve-

956 2073 1009 2105 nit
1022 2072 1077 2104 hic
1093 2071 1135 2104 ad
1150 2070 1299 2112 nuptias,
1314 2069 1403 2112 quod
1419 2070 1526 2102 Stella
1548 2069 1660 2101 Poeta

956 2121 1368 2164 erat‚illoqnejure,quod
1376 2119 1524 2152 furorem
1533 2129 1659 2152 canen-

957 2175 1049 2207 tibus
1070 2173 1364 2213 subministrabat,
1385 2173 1420 2204 in
1436 2182 1503 2215 quo
1517 2181 1660 2205 munere

957 2235 1092 2266 semper
1108 2235 1186 2257 cnm
1202 2223 1363 2266 Apolline
1379 2233 1400 2256 a
1414 2224 1563 2266 Papinio
1578 2224 1660 2266 jun-

956 2277 1069 2318 gitur;
1093 2275 1184 2307 unde
1199 2275 1236 2307 in
1251 2275 1394 2308 Soteriis
1406 2274 1544 2307 Rutilii:
1561 2275 1572 2292 ‘
1583 2274 1660 2307 Nee

955 2327 1083 2360 Aonias
1110 2327 1247 2359 decima
1271 2336 1348 2358 cum
1373 2325 1518 2357 Pallade
1541 2325 1660 2357 Musas

956 2378 1028 2410 Aut
1043 2378 1159 2410 mitem
1171 2377 1309 2418 Tegeae,
1321 2375 1485 2407 Dircesve
1495 2374 1660 2407 hortabor

956 2427 1151 2460 alumnum!
1181 2427 1313 2458 Balneo
1328 2425 1515 2458 Hetrusci:
1537 2425 1548 2443 ⁴
1563 2425 1609 2457 Et
1623 2430 1658 2457 ω

955 2478 1085 2511 Phoebe
1098 2477 1221 2517 choris,
1230 2481 1267 2508 et
1277 2481 1311 2508 te
1323 2475 1526 2508 dimittimus
1535 2474 1659 2508 Evan!

955 2528 1182 2562 Genethliaco
1194 2526 1344 2559 Lucani:
1377 2525 1481 2567 ‘Ipsi‚
1505 2535 1589 2567 qnos
1602 2535 1661 2567 pe-

955 2589 1015 2612 nes
1025 2583 1079 2610 est
1089 2579 1197 2610 honor
1211 2575 1506 2615 canendi,Vocalis
1515 2575 1656 2608 citharae

955 2634 1114 2671 repertor
1130 2628 1252 2668 Arcas,
1264 2628 1310 2660 Et
1321 2631 1359 2659 tu
1370 2626 1592 2659 Bassaridum
1603 2635 1657 2658 ro-

956 2686 1048 2714 tator
1077 2681 1187 2718 Evan,
1208 2679 1254 2711 Et
1277 2679 1399 2718 Paeau,
1427 2682 1464 2710 et
1493 2677 1658 2719 Hyantiae

957 2730 1111 2765 sorores?
1146 2729 1248 2762 Unde
1271 2728 1402 2761 fallitur
1414 2729 1660 2769 Dempsterns,

957 2787 998 2816 ut
1012 2782 1099 2816 bene
1125 2781 1285 2815 observat
1301 2778 1507 2822 Gronovius,
1525 2778 1584 2822 qni
1597 2787 1658 2813 no-
