<?xml version="1.0" encoding="UTF-8"?>
<!DOCTYPE html PUBLIC "-//W3C//DTD XHTML 1.0 Transitional//EN"
    "http://www.w3.org/TR/xhtml1/DTD/xhtml1-transitional.dtd">
<html xmlns="http://www.w3.org/1999/xhtml" xml:lang="en" lang="en">
 <head>
  <title>
</title>
<meta http-equiv="Content-Type" content="text/html;charset=utf-8" />
  <meta name='ocr-system' content='tesseract 3.04.00' />
  <meta name='ocr-capabilities' content='ocr_page ocr_carea ocr_par ocr_line ocrx_word'/>
</head>
<body>
  <div class='ocr_page' id='page_1' title='image "./operaomniaexedit01statuoft_0258.png"; bbox 0 0 1800 3060; ppageno 0'>
   <div class='ocr_carea' id='block_1_1' title="bbox 221 202 307 245">
    <p class='ocr_par' dir='ltr' id='par_1_1' title="bbox 221 202 307 245">
     <span class='ocr_line' id='line_1_1' title="bbox 221 202 307 245; baseline 0 0"><span class='ocrx_word' id='word_1_1' title='bbox 221 202 307 245; x_wconf 78' lang='lat'>248</span> 
     </span>
    </p>
   </div>
   <div class='ocr_carea' id='block_1_2' title="bbox 223 306 1286 361">
    <p class='ocr_par' dir='ltr' id='par_1_2' title="bbox 223 306 1286 361">
     <span class='ocr_line' id='line_1_2' title="bbox 223 306 1286 361; baseline -0.003 -10"><span class='ocrx_word' id='word_1_2' title='bbox 223 308 469 357; x_wconf 81' lang='lat' dir='ltr'><strong>Psittacus,</strong></span> <span class='ocrx_word' id='word_1_3' title='bbox 491 307 567 348; x_wconf 91' lang='lat' dir='ltr'>ille</span> <span class='ocrx_word' id='word_1_4' title='bbox 588 306 731 361; x_wconf 86' lang='lat' dir='ltr'>plagae</span> <span class='ocrx_word' id='word_1_5' title='bbox 749 306 904 349; x_wconf 84' lang='lat' dir='ltr'>viridis</span> <span class='ocrx_word' id='word_1_6' title='bbox 924 311 1128 361; x_wconf 84' lang='lat' dir='ltr'>regnator</span> <span class='ocrx_word' id='word_1_7' title='bbox 1149 306 1286 358; x_wconf 81' lang='lat' dir='ltr'>Eoae3</span> 
     </span>
    </p>
   </div>
   <div class='ocr_carea' id='block_1_3' title="bbox 721 209 1183 242">
    <p class='ocr_par' dir='ltr' id='par_1_3' title="bbox 721 209 1183 242">
     <span class='ocr_line' id='line_1_3' title="bbox 721 209 1183 242; baseline -0.002 -1"><span class='ocrx_word' id='word_1_8' title='bbox 721 211 761 241; x_wconf 75' lang='lat'>1³.</span> <span class='ocrx_word' id='word_1_9' title='bbox 794 210 985 241; x_wconf 76' lang='lat' dir='ltr'>PAPINH</span> <span class='ocrx_word' id='word_1_10' title='bbox 1019 209 1183 242; x_wconf 71' lang='lat' dir='ltr'>STATn</span> 
     </span>
    </p>
   </div>
   <div class='ocr_carea' id='block_1_4' title="bbox 222 375 1420 633">
    <p class='ocr_par' dir='ltr' id='par_1_4' title="bbox 222 375 1314 496">
     <span class='ocr_line' id='line_1_4' title="bbox 225 375 1314 429; baseline -0.001 -12"><span class='ocrx_word' id='word_1_11' title='bbox 225 375 374 427; x_wconf 86' lang='lat' dir='ltr'><strong>Quem</strong></span> <span class='ocrx_word' id='word_1_12' title='bbox 392 388 481 417; x_wconf 92' lang='lat' dir='ltr'>non</span> <span class='ocrx_word' id='word_1_13' title='bbox 502 379 722 429; x_wconf 89' lang='lat' dir='ltr'>gemmata</span> <span class='ocrx_word' id='word_1_14' title='bbox 742 376 934 418; x_wconf 88' lang='lat' dir='ltr'>volucris</span> <span class='ocrx_word' id='word_1_15' title='bbox 952 375 982 418; x_wconf 90' lang='lat' dir='ltr'><strong>J</strong></span> <span class='ocrx_word' id='word_1_16' title='bbox 985 375 1150 417; x_wconf 87' lang='lat' dir='ltr'>unonia</span> <span class='ocrx_word' id='word_1_17' title='bbox 1168 375 1314 417; x_wconf 85' lang='lat' dir='ltr'>cauda</span> 
     </span>
     <span class='ocr_line' id='line_1_5' title="bbox 222 442 1272 496; baseline -0.001 -11"><span class='ocrx_word' id='word_1_18' title='bbox 222 444 447 494; x_wconf 87' lang='lat' dir='ltr'>Vinceret,</span> <span class='ocrx_word' id='word_1_19' title='bbox 468 445 656 496; x_wconf 82' lang='lat' dir='ltr'>aspectu.</span> <span class='ocrx_word' id='word_1_20' title='bbox 673 443 808 495; x_wconf 85' lang='lat' dir='ltr'>gelidi</span> <span class='ocrx_word' id='word_1_21' title='bbox 824 456 910 485; x_wconf 89' lang='lat' dir='ltr'>non</span> <span class='ocrx_word' id='word_1_22' title='bbox 933 442 1141 484; x_wconf 79' lang='lat' dir='ltr'>Phasidis</span> <span class='ocrx_word' id='word_1_23' title='bbox 1160 442 1272 493; x_wconf 87' lang='lat' dir='ltr'>ales,</span> 
     </span>
    </p>

    <p class='ocr_par' dir='ltr' id='par_1_5' title="bbox 223 509 1420 633">
     <span class='ocr_line' id='line_1_6' title="bbox 224 509 1420 566; baseline -0.002 -13"><span class='ocrx_word' id='word_1_24' title='bbox 224 511 324 554; x_wconf 89' lang='lat' dir='ltr'>Nec</span> <span class='ocrx_word' id='word_1_25' title='bbox 344 523 455 566; x_wconf 89' lang='lat' dir='ltr'>quas</span> <span class='ocrx_word' id='word_1_26' title='bbox 476 510 671 552; x_wconf 84' lang='lat' dir='ltr'><strong>humenti</strong></span> <span class='ocrx_word' id='word_1_27' title='bbox 693 510 903 553; x_wconf 86' lang='lat' dir='ltr'>Numidae</span> <span class='ocrx_word' id='word_1_28' title='bbox 922 523 1106 565; x_wconf 79' lang='lat' dir='ltr'>rapuere</span> <span class='ocrx_word' id='word_1_29' title='bbox 1127 511 1213 552; x_wconf 88' lang='lat' dir='ltr'>sub</span> <span class='ocrx_word' id='word_1_30' title='bbox 1233 509 1420 552; x_wconf 83' lang='lat' dir='ltr'><strong>Austro.</strong></span> 
     </span>
     <span class='ocr_line' id='line_1_7' title="bbox 223 579 1188 633; baseline 0 -13"><span class='ocrx_word' id='word_1_31' title='bbox 223 579 309 621; x_wconf 91' lang='lat' dir='ltr'>Ille</span> <span class='ocrx_word' id='word_1_32' title='bbox 330 579 543 620; x_wconf 88' lang='lat' dir='ltr'>salutator</span> <span class='ocrx_word' id='word_1_33' title='bbox 562 591 726 632; x_wconf 88' lang='lat' dir='ltr'>regum,</span> <span class='ocrx_word' id='word_1_34' title='bbox 742 591 990 633; x_wconf 81' lang='lat' dir='ltr'>nomenque</span> <span class='ocrx_word' id='word_1_35' title='bbox 1009 579 1188 621; x_wconf 88' lang='lat' dir='ltr'>locutus</span> 
     </span>
    </p>
   </div>
   <div class='ocr_carea' id='block_1_5' title="bbox 223 643 1486 701">
    <p class='ocr_par' dir='ltr' id='par_1_6' title="bbox 223 643 1486 701">
     <span class='ocr_line' id='line_1_8' title="bbox 223 643 1486 701; baseline 0.004 -16"><span class='ocrx_word' id='word_1_36' title='bbox 223 643 493 696; x_wconf 67' lang='lat' dir='ltr'>caesareum,</span> <span class='ocrx_word' id='word_1_37' title='bbox 515 650 562 686; x_wconf 89' lang='lat' dir='ltr'>et</span> <span class='ocrx_word' id='word_1_38' title='bbox 581 646 755 700; x_wconf 89' lang='lat' dir='ltr'>queruli</span> <span class='ocrx_word' id='word_1_39' title='bbox 776 646 997 701; x_wconf 86' lang='lat' dir='ltr'>quondam</span> <span class='ocrx_word' id='word_1_40' title='bbox 1019 647 1116 688; x_wconf 90' lang='lat' dir='ltr'>vice</span> <span class='ocrx_word' id='word_1_41' title='bbox 1135 646 1313 689; x_wconf 85' lang='lat' dir='ltr'>functus</span> <span class='ocrx_word' id='word_1_42' title='bbox 1332 646 1486 690; x_wconf 87' lang='lat' dir='ltr'>amici:</span> 
     </span>
    </p>
   </div>
   <div class='ocr_carea' id='block_1_6' title="bbox 1619 649 1677 691">
    <p class='ocr_par' dir='ltr' id='par_1_7' title="bbox 1619 649 1677 691">
     <span class='ocr_line' id='line_1_9' title="bbox 1619 649 1677 691; baseline -0.017 0"><span class='ocrx_word' id='word_1_43' title='bbox 1619 649 1677 691; x_wconf 90' lang='grc'>30</span> 
     </span>
    </p>
   </div>
   <div class='ocr_carea' id='block_1_7' title="bbox 223 712 1420 971">
    <p class='ocr_par' dir='ltr' id='par_1_8' title="bbox 223 712 1420 971">
     <span class='ocr_line' id='line_1_10' title="bbox 225 712 1420 769; baseline 0.003 -15"><span class='ocrx_word' id='word_1_44' title='bbox 225 712 359 754; x_wconf 90' lang='lat' dir='ltr'>Nunc</span> <span class='ocrx_word' id='word_1_45' title='bbox 380 713 569 754; x_wconf 90' lang='lat' dir='ltr'>conviva</span> <span class='ocrx_word' id='word_1_46' title='bbox 588 714 717 764; x_wconf 79' lang='lat' dir='ltr'>levis,</span> <span class='ocrx_word' id='word_1_47' title='bbox 739 718 1066 769; x_wconf 83' lang='lat' dir='ltr'>monstrataque</span> <span class='ocrx_word' id='word_1_48' title='bbox 1086 714 1267 756; x_wconf 86' lang='lat' dir='ltr'>reddere</span> <span class='ocrx_word' id='word_1_49' title='bbox 1288 716 1420 758; x_wconf 86' lang='lat' dir='ltr'>verba</span> 
     </span>
     <span class='ocr_line' id='line_1_11' title="bbox 223 779 1331 836; baseline 0.003 -15"><span class='ocrx_word' id='word_1_50' title='bbox 223 779 337 821; x_wconf 90' lang='lat' dir='ltr'>Tam</span> <span class='ocrx_word' id='word_1_51' title='bbox 357 779 528 822; x_wconf 87' lang='lat' dir='ltr'>facilis:</span> <span class='ocrx_word' id='word_1_52' title='bbox 558 794 650 836; x_wconf 88' lang='lat' dir='ltr'>quo</span> <span class='ocrx_word' id='word_1_53' title='bbox 672 787 735 832; x_wconf 84' lang='lat' dir='ltr'>tu,</span> <span class='ocrx_word' id='word_1_54' title='bbox 758 782 924 824; x_wconf 87' lang='lat' dir='ltr'>Melior</span> <span class='ocrx_word' id='word_1_55' title='bbox 941 782 1119 833; x_wconf 84' lang='lat' dir='ltr'>dilecte,</span> <span class='ocrx_word' id='word_1_56' title='bbox 1141 783 1331 833; x_wconf 82' lang='lat' dir='ltr'>recluso,</span> 
     </span>
     <span class='ocr_line' id='line_1_12' title="bbox 224 839 1359 902; baseline 0.003 -14"><span class='ocrx_word' id='word_1_57' title='bbox 224 846 467 902; x_wconf 85' lang='lat' dir='ltr'>Nunquam</span> <span class='ocrx_word' id='word_1_58' title='bbox 484 849 611 890; x_wconf 85' lang='lat' dir='ltr'>solus</span> <span class='ocrx_word' id='word_1_59' title='bbox 631 839 756 891; x_wconf 79' lang='lat' dir='ltr'>eras:</span> <span class='ocrx_word' id='word_1_60' title='bbox 788 854 835 891; x_wconf 89' lang='lat' dir='ltr'>at</span> <span class='ocrx_word' id='word_1_61' title='bbox 854 862 941 891; x_wconf 92' lang='lat' dir='ltr'>non</span> <span class='ocrx_word' id='word_1_62' title='bbox 963 849 1173 902; x_wconf 86' lang='lat' dir='ltr'>inglorius</span> <span class='ocrx_word' id='word_1_63' title='bbox 1192 850 1359 892; x_wconf 88' lang='lat' dir='ltr'>umbris</span> 
     </span>
     <span class='ocr_line' id='line_1_13' title="bbox 224 915 1314 971; baseline 0.003 -15"><span class='ocrx_word' id='word_1_64' title='bbox 224 915 444 958; x_wconf 83' lang='lat' dir='ltr'>Mittitur:</span> <span class='ocrx_word' id='word_1_65' title='bbox 476 915 662 971; x_wconf 89' lang='lat' dir='ltr'>Assyrio</span> <span class='ocrx_word' id='word_1_66' title='bbox 682 919 850 960; x_wconf 86' lang='lat' dir='ltr'>eineres</span> <span class='ocrx_word' id='word_1_67' title='bbox 871 918 1100 960; x_wconf 86' lang='lat' dir='ltr'>adolentur</span> <span class='ocrx_word' id='word_1_68' title='bbox 1118 930 1314 967; x_wconf 86' lang='lat' dir='ltr'>amomo,</span> 
     </span>
    </p>
   </div>
   <div class='ocr_carea' id='block_1_8' title="bbox 222 1034 1486 1079">
    <p class='ocr_par' dir='ltr' id='par_1_9' title="bbox 222 1034 1486 1079">
     <span class='ocr_line' id='line_1_14' title="bbox 222 1034 1486 1079; baseline 0.003 -13"><span class='ocrx_word' id='word_1_69' title='bbox 222 1034 358 1078; x_wconf 76' lang='lat' dir='ltr'>inclytus</span> <span class='ocrx_word' id='word_1_70' title='bbox 373 1038 469 1073; x_wconf 83' lang='lat' dir='ltr'>honor</span> <span class='ocrx_word' id='word_1_71' title='bbox 483 1039 562 1070; x_wconf 85' lang='lat' dir='ltr'>a&#39;e&#39;rii</span> <span class='ocrx_word' id='word_1_72' title='bbox 575 1040 689 1079; x_wconf 75' lang='lat' dir='ltr'>populi,</span> <span class='ocrx_word' id='word_1_73' title='bbox 710 1039 763 1071; x_wconf 76' lang='lat' dir='ltr'>ille</span> <span class='ocrx_word' id='word_1_74' title='bbox 786 1039 897 1071; x_wconf 71' lang='lat' dir='ltr'>viridis</span> <span class='ocrx_word' id='word_1_75' title='bbox 923 1039 1098 1071; x_wconf 80' lang='lat' dir='ltr'>dominator</span> <span class='ocrx_word' id='word_1_76' title='bbox 1121 1039 1225 1070; x_wconf 75' lang='lat' dir='ltr'>avium</span> <span class='ocrx_word' id='word_1_77' title='bbox 1252 1038 1462 1071; x_wconf 75' lang='lat' dir='ltr'>Orientalium</span> <span class='ocrx_word' id='word_1_78' title='bbox 1473 1049 1486 1076; x_wconf 79' lang='lat'>‚-</span> 
     </span>
    </p>
   </div>
   <div class='ocr_carea' id='block_1_9' title="bbox 1611 1037 1679 1070">
    <p class='ocr_par' dir='ltr' id='par_1_10' title="bbox 1611 1037 1679 1070">
     <span class='ocr_line' id='line_1_15' title="bbox 1611 1037 1679 1070; baseline 0 0"><span class='ocrx_word' id='word_1_79' title='bbox 1611 1037 1679 1070; x_wconf 76' lang='lat' dir='ltr'>avis</span> 
     </span>
    </p>
   </div>
   <div class='ocr_carea' id='block_1_10' title="bbox 222 1079 1678 1123">
    <p class='ocr_par' dir='ltr' id='par_1_11' title="bbox 222 1079 1678 1123">
     <span class='ocr_line' id='line_1_16' title="bbox 222 1079 1678 1123; baseline 0.003 -13"><span class='ocrx_word' id='word_1_80' title='bbox 222 1079 359 1112; x_wconf 74' lang='lat' dir='ltr'>Junonis</span> <span class='ocrx_word' id='word_1_81' title='bbox 373 1091 432 1112; x_wconf 80' lang='lat' dir='ltr'>non</span> <span class='ocrx_word' id='word_1_82' title='bbox 447 1082 584 1114; x_wconf 85' lang='lat' dir='ltr'>vinceret</span> <span class='ocrx_word' id='word_1_83' title='bbox 594 1084 692 1114; x_wconf 81' lang='lat' dir='ltr'>cauda</span> <span class='ocrx_word' id='word_1_84' title='bbox 704 1082 836 1122; x_wconf 81' lang='lat' dir='ltr'>gemmis</span> <span class='ocrx_word' id='word_1_85' title='bbox 850 1092 1022 1123; x_wconf 79' lang='lat' dir='ltr'>conspersa,</span> <span class='ocrx_word' id='word_1_86' title='bbox 1037 1092 1092 1114; x_wconf 83' lang='lat' dir='ltr'>nec</span> <span class='ocrx_word' id='word_1_87' title='bbox 1105 1082 1364 1122; x_wconf 69' lang='lat' dir='ltr'>volucri-§frigidi</span> <span class='ocrx_word' id='word_1_88' title='bbox 1381 1081 1528 1114; x_wconf 70' lang='lat' dir='ltr'>Phasidis</span> <span class='ocrx_word' id='word_1_89' title='bbox 1540 1081 1678 1123; x_wconf 73' lang='lat' dir='ltr'>pulchri·</span> 
     </span>
    </p>
   </div>
   <div class='ocr_carea' id='block_1_11' title="bbox 223 1123 1313 1168">
    <p class='ocr_par' dir='ltr' id='par_1_12' title="bbox 223 1123 1313 1168">
     <span class='ocr_line' id='line_1_17' title="bbox 223 1123 1313 1168; baseline 0.003 -16"><span class='ocrx_word' id='word_1_90' title='bbox 223 1123 343 1162; x_wconf 75' lang='lat' dir='ltr'>tudine,</span> <span class='ocrx_word' id='word_1_91' title='bbox 357 1133 412 1154; x_wconf 78' lang='lat' dir='ltr'>nec</span> <span class='ocrx_word' id='word_1_92' title='bbox 427 1135 511 1165; x_wconf 67' lang='lat' dir='ltr'>aves,</span> <span class='ocrx_word' id='word_1_93' title='bbox 527 1135 602 1166; x_wconf 80' lang='lat' dir='ltr'>quas</span> <span class='ocrx_word' id='word_1_94' title='bbox 618 1125 766 1156; x_wconf 80' lang='lat' dir='ltr'>Numidae</span> <span class='ocrx_word' id='word_1_95' title='bbox 780 1125 1019 1168; x_wconf 76' lang='lat' dir='ltr'>capiuntflante</span> <span class='ocrx_word' id='word_1_96' title='bbox 1029 1125 1168 1166; x_wconf 78' lang='lat' dir='ltr'>pluvioso</span> <span class='ocrx_word' id='word_1_97' title='bbox 1182 1125 1313 1157; x_wconf 70' lang='lat' dir='ltr'>Austro.</span> 
     </span>
    </p>
   </div>
   <div class='ocr_carea' id='block_1_12' title="bbox 1361 1125 1678 1165">
    <p class='ocr_par' dir='ltr' id='par_1_13' title="bbox 1361 1125 1678 1165">
     <span class='ocr_line' id='line_1_18' title="bbox 1361 1125 1678 1165; baseline -0.003 -9"><span class='ocrx_word' id='word_1_98' title='bbox 1361 1125 1425 1160; x_wconf 76' lang='lat' dir='ltr'>Qui</span> <span class='ocrx_word' id='word_1_99' title='bbox 1446 1126 1603 1157; x_wconf 78' lang='lat' dir='ltr'>salutabat</span> <span class='ocrx_word' id='word_1_100' title='bbox 1623 1135 1678 1165; x_wconf 85' lang='lat' dir='ltr'>po-</span> 
     </span>
    </p>
   </div>
   <div class='ocr_carea' id='block_1_13' title="bbox 222 1166 1681 1251">
    <p class='ocr_par' dir='ltr' id='par_1_14' title="bbox 222 1166 1681 1251">
     <span class='ocr_line' id='line_1_19' title="bbox 224 1166 1681 1209; baseline 0.003 -14"><span class='ocrx_word' id='word_1_101' title='bbox 224 1166 383 1206; x_wconf 75' lang='lat' dir='ltr'>tentiores,</span> <span class='ocrx_word' id='word_1_102' title='bbox 397 1167 449 1207; x_wconf 78' lang='lat' dir='ltr'>qui</span> <span class='ocrx_word' id='word_1_103' title='bbox 461 1167 635 1208; x_wconf 80' lang='lat' dir='ltr'>proferebat</span> <span class='ocrx_word' id='word_1_104' title='bbox 649 1178 758 1199; x_wconf 84' lang='lat' dir='ltr'>nomen</span> <span class='ocrx_word' id='word_1_105' title='bbox 775 1169 923 1209; x_wconf 64' lang='lat' dir='ltr'>Caesaris,</span> <span class='ocrx_word' id='word_1_106' title='bbox 939 1172 970 1200; x_wconf 81' lang='lat' dir='ltr'>et</span> <span class='ocrx_word' id='word_1_107' title='bbox 983 1170 1036 1209; x_wconf 81' lang='lat' dir='ltr'>qui</span> <span class='ocrx_word' id='word_1_108' title='bbox 1057 1169 1208 1209; x_wconf 80' lang='lat' dir='ltr'>quondam</span> <span class='ocrx_word' id='word_1_109' title='bbox 1221 1168 1322 1199; x_wconf 77' lang='lat' dir='ltr'>tenuit</span> <span class='ocrx_word' id='word_1_110' title='bbox 1336 1168 1434 1199; x_wconf 84' lang='lat' dir='ltr'>locum</span> <span class='ocrx_word' id='word_1_111' title='bbox 1448 1169 1542 1200; x_wconf 79' lang='lat' dir='ltr'>amici</span> <span class='ocrx_word' id='word_1_112' title='bbox 1553 1177 1681 1208; x_wconf 79' lang='lat' dir='ltr'>gemen-</span> 
     </span>
     <span class='ocr_line' id='line_1_20' title="bbox 222 1206 1680 1251; baseline 0.003 -13"><span class='ocrx_word' id='word_1_113' title='bbox 222 1207 264 1238; x_wconf 67' lang='lat' dir='ltr'>tis</span> <span class='ocrx_word' id='word_1_114' title='bbox 279 1212 311 1239; x_wconf 87' lang='lat' dir='ltr'>et</span> <span class='ocrx_word' id='word_1_115' title='bbox 325 1210 455 1241; x_wconf 79' lang='lat' dir='ltr'>solantis</span> <span class='ocrx_word' id='word_1_116' title='bbox 466 1211 624 1242; x_wconf 80' lang='lat' dir='ltr'>dominum</span> <span class='ocrx_word' id='word_1_117' title='bbox 637 1220 723 1242; x_wconf 82' lang='lat' dir='ltr'>suam</span> <span class='ocrx_word' id='word_1_118' title='bbox 734 1222 744 1242; x_wconf 95' lang='lat'>.·</span> <span class='ocrx_word' id='word_1_119' title='bbox 767 1212 854 1242; x_wconf 78' lang='lat' dir='ltr'>modo</span> <span class='ocrx_word' id='word_1_120' title='bbox 868 1211 943 1242; x_wconf 74' lang='lat' dir='ltr'>levis</span> <span class='ocrx_word' id='word_1_121' title='bbox 955 1211 1095 1250; x_wconf 76' lang='lat' dir='ltr'>conviva,</span> <span class='ocrx_word' id='word_1_122' title='bbox 1110 1214 1142 1242; x_wconf 82' lang='lat' dir='ltr'>et</span> <span class='ocrx_word' id='word_1_123' title='bbox 1156 1214 1220 1242; x_wconf 78' lang='lat' dir='ltr'>tam</span> <span class='ocrx_word' id='word_1_124' title='bbox 1227 1210 1327 1249; x_wconf 82' lang='lat' dir='ltr'>facile</span> <span class='ocrx_word' id='word_1_125' title='bbox 1340 1210 1477 1249; x_wconf 74' lang='lat' dir='ltr'>reserens</span> <span class='ocrx_word' id='word_1_126' title='bbox 1490 1220 1589 1251; x_wconf 76' lang='lat' dir='ltr'>voces,</span> <span class='ocrx_word' id='word_1_127' title='bbox 1604 1206 1680 1251; x_wconf 50' lang='lat' dir='ltr'>quar</span> 
     </span>
    </p>
   </div>
   <div class='ocr_carea' id='block_1_14' title="bbox 222 1251 1680 1338">
    <p class='ocr_par' dir='ltr' id='par_1_15' title="bbox 222 1251 1680 1338">
     <span class='ocr_line' id='line_1_21' title="bbox 222 1251 1680 1294; baseline 0.002 -13"><span class='ocrx_word' id='word_1_128' title='bbox 222 1251 399 1283; x_wconf 81' lang='lat' dir='ltr'>didicerat.-</span> <span class='ocrx_word' id='word_1_129' title='bbox 431 1263 489 1293; x_wconf 82' lang='lat' dir='ltr'>quo</span> <span class='ocrx_word' id='word_1_130' title='bbox 514 1254 648 1290; x_wconf 76' lang='lat' dir='ltr'>vivente,</span> <span class='ocrx_word' id='word_1_131' title='bbox 672 1257 718 1293; x_wconf 86' lang='lat' dir='ltr'>tu,</span> <span class='ocrx_word' id='word_1_132' title='bbox 740 1263 810 1284; x_wconf 83' lang='lat' dir='ltr'>care</span> <span class='ocrx_word' id='word_1_133' title='bbox 836 1254 962 1294; x_wconf 78' lang='lat' dir='ltr'>Melior,</span> <span class='ocrx_word' id='word_1_134' title='bbox 984 1263 1141 1294; x_wconf 78' lang='lat' dir='ltr'>nunquam</span> <span class='ocrx_word' id='word_1_135' title='bbox 1163 1263 1232 1285; x_wconf 78' lang='lat' dir='ltr'>eras</span> <span class='ocrx_word' id='word_1_136' title='bbox 1245 1255 1338 1286; x_wconf 74' lang='lat' dir='ltr'>solus.</span> <span class='ocrx_word' id='word_1_137' title='bbox 1381 1255 1427 1285; x_wconf 80' lang='lat' dir='ltr'>At</span> <span class='ocrx_word' id='word_1_138' title='bbox 1441 1263 1500 1285; x_wconf 80' lang='lat' dir='ltr'>non</span> <span class='ocrx_word' id='word_1_139' title='bbox 1513 1253 1680 1285; x_wconf 74' lang='lat' dir='ltr'>inhonorus</span> 
     </span>
     <span class='ocr_line' id='line_1_22' title="bbox 223 1293 1679 1338; baseline 0.003 -15"><span class='ocrx_word' id='word_1_140' title='bbox 223 1293 364 1326; x_wconf 76' lang='lat' dir='ltr'>mittitur</span> <span class='ocrx_word' id='word_1_141' title='bbox 377 1296 418 1326; x_wconf 82' lang='lat' dir='ltr'>ad</span> <span class='ocrx_word' id='word_1_142' title='bbox 434 1296 565 1335; x_wconf 78' lang='lat' dir='ltr'>1nferos,</span> <span class='ocrx_word' id='word_1_143' title='bbox 614 1296 742 1327; x_wconf 77' lang='lat' dir='ltr'>Cineres</span> <span class='ocrx_word' id='word_1_144' title='bbox 763 1300 939 1328; x_wconf 81' lang='lat' dir='ltr'>cremantur</span> <span class='ocrx_word' id='word_1_145' title='bbox 960 1306 1030 1328; x_wconf 80' lang='lat' dir='ltr'>cum</span> <span class='ocrx_word' id='word_1_146' title='bbox 1055 1306 1172 1328; x_wconf 87' lang='lat' dir='ltr'>amomo</span> <span class='ocrx_word' id='word_1_147' title='bbox 1186 1297 1327 1338; x_wconf 73' lang='lat' dir='ltr'>Assyrio,</span> <span class='ocrx_word' id='word_1_148' title='bbox 1342 1298 1374 1328; x_wconf 82' lang='lat' dir='ltr'>et</span> <span class='ocrx_word' id='word_1_149' title='bbox 1387 1297 1491 1328; x_wconf 84' lang='lat' dir='ltr'>molles</span> <span class='ocrx_word' id='word_1_150' title='bbox 1501 1296 1616 1337; x_wconf 79' lang='lat' dir='ltr'>plumoe</span> <span class='ocrx_word' id='word_1_151' title='bbox 1629 1305 1679 1327; x_wconf 82' lang='lat' dir='ltr'>re-</span> 
     </span>
    </p>
   </div>
   <div class='ocr_carea' id='block_1_15' title="bbox 831 1381 1071 1393">
    <p class='ocr_par' dir='ltr' id='par_1_16' title="bbox 831 1381 1071 1393">
     <span class='ocr_line' id='line_1_23' title="bbox 831 1381 1071 1393; baseline 0 0"><span class='ocrx_word' id='word_1_152' title='bbox 831 1381 888 1393; x_wconf 63' lang='lat' dir='ltr'>eee</span> <span class='ocrx_word' id='word_1_153' title='bbox 893 1382 908 1393; x_wconf 75' lang='lat' dir='ltr'>e</span> <span class='ocrx_word' id='word_1_154' title='bbox 912 1382 928 1393; x_wconf 75' lang='grc' dir='ltr'><em>ο</em></span> <span class='ocrx_word' id='word_1_155' title='bbox 932 1381 1071 1393; x_wconf 48' lang='lat' dir='ltr'>effecte&amp;</span> 
     </span>
    </p>
   </div>
   <div class='ocr_carea' id='block_1_16' title="bbox 222 1432 1683 1691">
    <p class='ocr_par' dir='ltr' id='par_1_17' title="bbox 222 1432 1683 1691">
     <span class='ocr_line' id='line_1_24' title="bbox 222 1432 1679 1477; baseline 0.001 -13"><span class='ocrx_word' id='word_1_156' title='bbox 222 1432 349 1464; x_wconf 82' lang='lat' dir='ltr'>Veram</span> <span class='ocrx_word' id='word_1_157' title='bbox 360 1433 542 1466; x_wconf 88' lang='lat' dir='ltr'>lectionem</span> <span class='ocrx_word' id='word_1_158' title='bbox 558 1433 715 1466; x_wconf 86' lang='lat' dir='ltr'>defendit</span> <span class='ocrx_word' id='word_1_159' title='bbox 726 1434 886 1476; x_wconf 81' lang='lat' dir='ltr'>Baptista</span> <span class='ocrx_word' id='word_1_160' title='bbox 901 1434 986 1465; x_wconf 88' lang='lat' dir='ltr'>Pius</span> <span class='ocrx_word' id='word_1_161' title='bbox 1003 1433 1131 1467; x_wconf 81' lang='lat' dir='ltr'>Annot.</span> <span class='ocrx_word' id='word_1_162' title='bbox 1142 1435 1201 1467; x_wconf 89' lang='lat' dir='ltr'>lib.</span> <span class='ocrx_word' id='word_1_163' title='bbox 1219 1444 1261 1467; x_wconf 85' lang='lat' dir='ltr'>n.</span> <span class='ocrx_word' id='word_1_164' title='bbox 1273 1445 1350 1477; x_wconf 87' lang='lat' dir='ltr'>cap.</span> <span class='ocrx_word' id='word_1_165' title='bbox 1365 1437 1505 1468; x_wconf 72' lang='lat'>20.-32</span> <span class='ocrx_word' id='word_1_166' title='bbox 1530 1435 1540 1454; x_wconf 91' lang='lat'>‘</span> <span class='ocrx_word' id='word_1_167' title='bbox 1552 1435 1679 1469; x_wconf 81' lang='lat' dir='ltr'>Quaero</span> 
     </span>
     <span class='ocr_line' id='line_1_25' title="bbox 224 1476 1682 1520; baseline 0.001 -14"><span class='ocrx_word' id='word_1_168' title='bbox 224 1485 291 1517; x_wconf 88' lang='lat' dir='ltr'>quo</span> <span class='ocrx_word' id='word_1_169' title='bbox 309 1485 409 1508; x_wconf 85' lang='lat' dir='ltr'>sensu</span> <span class='ocrx_word' id='word_1_170' title='bbox 432 1476 607 1509; x_wconf 81' lang='lat' dir='ltr'>Psittacus</span> <span class='ocrx_word' id='word_1_171' title='bbox 634 1478 786 1508; x_wconf 83' lang='lat' dir='ltr'>reclusus</span> <span class='ocrx_word' id='word_1_172' title='bbox 802 1478 869 1509; x_wconf 76' lang='lat' dir='ltr'>«lici</span> <span class='ocrx_word' id='word_1_173' title='bbox 887 1482 1015 1518; x_wconf 78' lang='lat' dir='ltr'>potest,</span> <span class='ocrx_word' id='word_1_174' title='bbox 1039 1477 1062 1509; x_wconf 88' lang='lat' dir='ltr'>i.</span> <span class='ocrx_word' id='word_1_175' title='bbox 1079 1488 1111 1509; x_wconf 89' lang='lat' dir='ltr'>e.</span> <span class='ocrx_word' id='word_1_176' title='bbox 1140 1483 1296 1519; x_wconf 83' lang='lat' dir='ltr'>apertus.</span> <span class='ocrx_word' id='word_1_177' title='bbox 1341 1478 1453 1510; x_wconf 83' lang='lat' dir='ltr'>Cavea</span> <span class='ocrx_word' id='word_1_178' title='bbox 1476 1478 1614 1520; x_wconf 87' lang='lat' dir='ltr'>quidem</span> <span class='ocrx_word' id='word_1_179' title='bbox 1631 1487 1682 1508; x_wconf 90' lang='lat' dir='ltr'>re-</span> 
     </span>
     <span class='ocr_line' id='line_1_26' title="bbox 224 1517 1681 1562; baseline 0.001 -13"><span class='ocrx_word' id='word_1_180' title='bbox 224 1517 390 1558; x_wconf 77' lang='lat' dir='ltr'>cluditur,</span> <span class='ocrx_word' id='word_1_181' title='bbox 417 1519 475 1550; x_wconf 86' lang='lat' dir='ltr'>sed</span> <span class='ocrx_word' id='word_1_182' title='bbox 499 1530 566 1551; x_wconf 91' lang='lat' dir='ltr'>non</span> <span class='ocrx_word' id='word_1_183' title='bbox 594 1520 784 1560; x_wconf 83' lang='lat' dir='ltr'>Psittacus,</span> <span class='ocrx_word' id='word_1_184' title='bbox 809 1520 871 1551; x_wconf 85' lang='lat' dir='ltr'>nisi</span> <span class='ocrx_word' id='word_1_185' title='bbox 897 1521 1009 1551; x_wconf 85' lang='lat' dir='ltr'>cultro</span> <span class='ocrx_word' id='word_1_186' title='bbox 1025 1521 1238 1561; x_wconf 83' lang='lat' dir='ltr'>Chirurgico.</span> <span class='ocrx_word' id='word_1_187' title='bbox 1283 1522 1398 1561; x_wconf 84' lang='lat' dir='ltr'>Lege:</span> <span class='ocrx_word' id='word_1_188' title='bbox 1421 1531 1479 1562; x_wconf 82' lang='lat' dir='ltr'>quo</span> <span class='ocrx_word' id='word_1_189' title='bbox 1498 1525 1548 1561; x_wconf 76' lang='lat' dir='ltr'>tu,</span> <span class='ocrx_word' id='word_1_190' title='bbox 1566 1521 1681 1552; x_wconf 84' lang='lat' dir='ltr'>Melior</span> 
     </span>
     <span class='ocr_line' id='line_1_27' title="bbox 225 1561 1682 1603; baseline 0.002 -12"><span class='ocrx_word' id='word_1_191' title='bbox 225 1561 349 1600; x_wconf 80' lang='lat' dir='ltr'>dilecte,</span> <span class='ocrx_word' id='word_1_192' title='bbox 362 1562 485 1601; x_wconf 69' lang='lat' dir='ltr'>relicto,</span> <span class='ocrx_word' id='word_1_193' title='bbox 499 1565 555 1603; x_wconf 64' lang='lat' dir='ltr'>syc.</span> <span class='ocrx_word' id='word_1_194' title='bbox 599 1563 633 1594; x_wconf 87' lang='lat' dir='ltr'>Si</span> <span class='ocrx_word' id='word_1_195' title='bbox 659 1573 775 1594; x_wconf 86' lang='lat' dir='ltr'>omnes</span> <span class='ocrx_word' id='word_1_196' title='bbox 801 1563 856 1594; x_wconf 84' lang='lat' dir='ltr'>alii</span> <span class='ocrx_word' id='word_1_197' title='bbox 884 1563 1036 1594; x_wconf 84' lang='lat' dir='ltr'>convivae</span> <span class='ocrx_word' id='word_1_198' title='bbox 1053 1563 1214 1603; x_wconf 84' lang='lat' dir='ltr'>abierint,</span> <span class='ocrx_word' id='word_1_199' title='bbox 1229 1564 1292 1596; x_wconf 91' lang='lat' dir='ltr'>hoc</span> <span class='ocrx_word' id='word_1_200' title='bbox 1318 1570 1433 1596; x_wconf 79' lang='lat' dir='ltr'>tamea</span> <span class='ocrx_word' id='word_1_201' title='bbox 1456 1564 1591 1601; x_wconf 82' lang='lat' dir='ltr'>relicto.</span> <span class='ocrx_word' id='word_1_202' title='bbox 1612 1573 1682 1595; x_wconf 91' lang='lat' dir='ltr'>non</span> 
     </span>
     <span class='ocr_line' id='line_1_28' title="bbox 223 1604 1682 1646; baseline 0.003 -12"><span class='ocrx_word' id='word_1_203' title='bbox 223 1604 315 1635; x_wconf 86' lang='lat' dir='ltr'>solus</span> <span class='ocrx_word' id='word_1_204' title='bbox 339 1614 435 1643; x_wconf 68' lang='lat' dir='ltr'>eras-15</span> <span class='ocrx_word' id='word_1_205' title='bbox 463 1605 516 1637; x_wconf 75' lang='lat' dir='ltr'>hic</span> <span class='ocrx_word' id='word_1_206' title='bbox 530 1606 590 1637; x_wconf 88' lang='lat' dir='ltr'>tibi</span> <span class='ocrx_word' id='word_1_207' title='bbox 606 1611 681 1638; x_wconf 85' lang='lat' dir='ltr'>erat</span> <span class='ocrx_word' id='word_1_208' title='bbox 698 1615 758 1646; x_wconf 81' lang='lat' dir='ltr'>pro</span> <span class='ocrx_word' id='word_1_209' title='bbox 777 1606 876 1637; x_wconf 84' lang='lat' dir='ltr'>turba</span> <span class='ocrx_word' id='word_1_210' title='bbox 899 1611 935 1636; x_wconf 83' lang='lat' dir='ltr'>et</span> <span class='ocrx_word' id='word_1_211' title='bbox 959 1605 1141 1637; x_wconf 85' lang='lat' dir='ltr'>sodalibus.</span> <span class='ocrx_word' id='word_1_212' title='bbox 1188 1607 1266 1638; x_wconf 86' lang='lat' dir='ltr'>Nec</span> <span class='ocrx_word' id='word_1_213' title='bbox 1283 1611 1414 1638; x_wconf 78' lang='lat' dir='ltr'>metuas</span> <span class='ocrx_word' id='word_1_214' title='bbox 1430 1616 1451 1638; x_wconf 83' lang='lat' dir='ltr'>a</span> <span class='ocrx_word' id='word_1_215' title='bbox 1465 1616 1548 1638; x_wconf 87' lang='lat' dir='ltr'>sono</span> <span class='ocrx_word' id='word_1_216' title='bbox 1562 1615 1682 1645; x_wconf 81' lang='lat' dir='ltr'>vocum</span> 
     </span>
     <span class='ocr_line' id='line_1_29' title="bbox 224 1647 1683 1691; baseline 0.001 -13"><span class='ocrx_word' id='word_1_217' title='bbox 224 1647 335 1679; x_wconf 81' lang='lat' dir='ltr'>dilecte</span> <span class='ocrx_word' id='word_1_218' title='bbox 351 1647 479 1680; x_wconf 80' lang='lat' dir='ltr'>relicto:</span> <span class='ocrx_word' id='word_1_219' title='bbox 504 1650 634 1689; x_wconf 87' lang='lat' dir='ltr'>pariter</span> <span class='ocrx_word' id='word_1_220' title='bbox 649 1649 737 1680; x_wconf 87' lang='lat' dir='ltr'>enim</span> <span class='ocrx_word' id='word_1_221' title='bbox 755 1648 875 1690; x_wconf 88' lang='lat' dir='ltr'>optimi</span> <span class='ocrx_word' id='word_1_222' title='bbox 892 1647 1028 1689; x_wconf 64' lang='lat' dir='ltr'>poeta-J</span> <span class='ocrx_word' id='word_1_223' title='bbox 1044 1649 1168 1681; x_wconf 79' lang='lat' dir='ltr'>Mar-kl.</span> <span class='ocrx_word' id='word_1_224' title='bbox 1213 1649 1400 1691; x_wconf 81' lang='lat' dir='ltr'>vulgatam</span> <span class='ocrx_word' id='word_1_225' title='bbox 1416 1654 1531 1682; x_wconf 80' lang='lat' dir='ltr'>tamen</span> <span class='ocrx_word' id='word_1_226' title='bbox 1554 1649 1683 1681; x_wconf 79' lang='lat' dir='ltr'>retinet</span> 
     </span>
    </p>
   </div>
   <div class='ocr_carea' id='block_1_17' title="bbox 882 1732 1023 1766">
    <p class='ocr_par' dir='ltr' id='par_1_18' title="bbox 882 1732 1023 1766">
     <span class='ocr_line' id='line_1_30' title="bbox 882 1732 1023 1766; baseline -0.014 0"><span class='ocrx_word' id='word_1_227' title='bbox 882 1734 913 1766; x_wconf 89' lang='lat' dir='ltr'>N</span> <span class='ocrx_word' id='word_1_228' title='bbox 918 1732 1023 1766; x_wconf 80' lang='lat' dir='ltr'>OTAE</span> 
     </span>
    </p>
   </div>
   <div class='ocr_carea' id='block_1_18' title="bbox 221 1796 929 2799">
    <p class='ocr_par' dir='ltr' id='par_1_19' title="bbox 223 1796 929 1981">
     <span class='ocr_line' id='line_1_31' title="bbox 267 1796 927 1838; baseline 0.003 -10"><span class='ocrx_word' id='word_1_229' title='bbox 267 1798 309 1828; x_wconf 88' lang='grc'>25</span> <span class='ocrx_word' id='word_1_230' title='bbox 337 1796 473 1838; x_wconf 74' lang='lat' dir='ltr'>Viridis]</span> <span class='ocrx_word' id='word_1_231' title='bbox 502 1798 594 1831; x_wconf 82' lang='lat' dir='ltr'>Quia</span> <span class='ocrx_word' id='word_1_232' title='bbox 622 1798 774 1831; x_wconf 87' lang='lat' dir='ltr'>Psittaci</span> <span class='ocrx_word' id='word_1_233' title='bbox 802 1799 927 1830; x_wconf 78' lang='lat' dir='ltr'>virides</span> 
     </span>
     <span class='ocr_line' id='line_1_32' title="bbox 229 1848 928 1891; baseline 0.006 -13"><span class='ocrx_word' id='word_1_234' title='bbox 229 1852 318 1880; x_wconf 84' lang='lat' dir='ltr'>sunt.</span> <span class='ocrx_word' id='word_1_235' title='bbox 345 1848 436 1889; x_wconf 83' lang='lat' dir='ltr'>Eooe]</span> <span class='ocrx_word' id='word_1_236' title='bbox 453 1849 654 1890; x_wconf 80' lang='lat' dir='ltr'>Orientalis,</span> <span class='ocrx_word' id='word_1_237' title='bbox 670 1850 703 1881; x_wconf 88' lang='lat' dir='ltr'>id</span> <span class='ocrx_word' id='word_1_238' title='bbox 720 1855 787 1891; x_wconf 86' lang='lat' dir='ltr'>est,</span> <span class='ocrx_word' id='word_1_239' title='bbox 804 1850 928 1889; x_wconf 80' lang='lat' dir='ltr'>Indiae,</span> 
     </span>
     <span class='ocr_line' id='line_1_33' title="bbox 223 1900 929 1942; baseline 0.006 -13"><span class='ocrx_word' id='word_1_240' title='bbox 223 1908 300 1939; x_wconf 66' lang='lat' dir='ltr'>qnae</span> <span class='ocrx_word' id='word_1_241' title='bbox 329 1903 404 1930; x_wconf 85' lang='lat' dir='ltr'>tota</span> <span class='ocrx_word' id='word_1_242' title='bbox 431 1900 476 1931; x_wconf 90' lang='lat' dir='ltr'>ad</span> <span class='ocrx_word' id='word_1_243' title='bbox 499 1901 680 1933; x_wconf 81' lang='lat' dir='ltr'>Orientem</span> <span class='ocrx_word' id='word_1_244' title='bbox 712 1906 862 1942; x_wconf 82' lang='lat' dir='ltr'>spectat,</span> <span class='ocrx_word' id='word_1_245' title='bbox 890 1907 929 1933; x_wconf 84' lang='lat' dir='ltr'>nt</span> 
     </span>
     <span class='ocr_line' id='line_1_34' title="bbox 224 1947 444 1981; baseline 0.009 -2"><span class='ocrx_word' id='word_1_246' title='bbox 224 1947 274 1979; x_wconf 80' lang='lat' dir='ltr'>ait</span> <span class='ocrx_word' id='word_1_247' title='bbox 295 1948 444 1981; x_wconf 83' lang='lat' dir='ltr'>Curtius.</span> 
     </span>
    </p>

    <p class='ocr_par' dir='ltr' id='par_1_20' title="bbox 223 1999 928 2283">
     <span class='ocr_line' id='line_1_35' title="bbox 266 1999 928 2042; baseline 0.008 -13"><span class='ocrx_word' id='word_1_248' title='bbox 266 2001 310 2030; x_wconf 83' lang='lat'>26</span> <span class='ocrx_word' id='word_1_249' title='bbox 337 1999 478 2030; x_wconf 76' lang='lat' dir='ltr'>Volucris</span> <span class='ocrx_word' id='word_1_250' title='bbox 499 2001 657 2042; x_wconf 74' lang='lat' dir='ltr'>Junonia]</span> <span class='ocrx_word' id='word_1_251' title='bbox 680 2001 776 2033; x_wconf 86' lang='lat' dir='ltr'>Pavo</span> <span class='ocrx_word' id='word_1_252' title='bbox 799 2002 928 2035; x_wconf 77' lang='lat' dir='ltr'>Junoni</span> 
     </span>
     <span class='ocr_line' id='line_1_36' title="bbox 225 2050 927 2092; baseline 0.01 -13"><span class='ocrx_word' id='word_1_253' title='bbox 225 2058 334 2089; x_wconf 82' lang='lat' dir='ltr'>sacer,</span> <span class='ocrx_word' id='word_1_254' title='bbox 362 2050 396 2081; x_wconf 87' lang='lat' dir='ltr'>in</span> <span class='ocrx_word' id='word_1_255' title='bbox 421 2060 522 2092; x_wconf 85' lang='lat' dir='ltr'>quem</span> <span class='ocrx_word' id='word_1_256' title='bbox 546 2057 714 2084; x_wconf 83' lang='lat' dir='ltr'>mutatum</span> <span class='ocrx_word' id='word_1_257' title='bbox 741 2052 859 2086; x_wconf 80' lang='lat' dir='ltr'>ferunt</span> <span class='ocrx_word' id='word_1_258' title='bbox 885 2055 927 2087; x_wconf 76' lang='lat' dir='ltr'>ab</span> 
     </span>
     <span class='ocr_line' id='line_1_37' title="bbox 223 2098 928 2143; baseline 0.01 -13"><span class='ocrx_word' id='word_1_259' title='bbox 223 2098 301 2140; x_wconf 78' lang='lat' dir='ltr'>ipsa</span> <span class='ocrx_word' id='word_1_260' title='bbox 317 2098 450 2141; x_wconf 82' lang='lat' dir='ltr'>Argum</span> <span class='ocrx_word' id='word_1_261' title='bbox 465 2102 642 2134; x_wconf 81' lang='lat' dir='ltr'>custodem</span> <span class='ocrx_word' id='word_1_262' title='bbox 660 2103 729 2143; x_wconf 79' lang='lat' dir='ltr'>lus,</span> <span class='ocrx_word' id='word_1_263' title='bbox 742 2104 894 2136; x_wconf 79' lang='lat' dir='ltr'>occisum</span> <span class='ocrx_word' id='word_1_264' title='bbox 908 2115 928 2137; x_wconf 84' lang='lat' dir='ltr'>a</span> 
     </span>
     <span class='ocr_line' id='line_1_38' title="bbox 224 2150 928 2196; baseline 0.01 -16"><span class='ocrx_word' id='word_1_265' title='bbox 224 2150 416 2191; x_wconf 81' lang='lat' dir='ltr'>Mercurio,</span> <span class='ocrx_word' id='word_1_266' title='bbox 455 2152 654 2195; x_wconf 83' lang='lat' dir='ltr'>positosque</span> <span class='ocrx_word' id='word_1_267' title='bbox 689 2154 807 2186; x_wconf 82' lang='lat' dir='ltr'>oculos</span> <span class='ocrx_word' id='word_1_268' title='bbox 854 2156 928 2196; x_wconf 78' lang='lat' dir='ltr'>ejus</span> 
     </span>
     <span class='ocr_line' id='line_1_39' title="bbox 224 2199 928 2243; baseline 0.011 -13"><span class='ocrx_word' id='word_1_269' title='bbox 224 2199 258 2230; x_wconf 89' lang='lat' dir='ltr'>in</span> <span class='ocrx_word' id='word_1_270' title='bbox 299 2200 423 2242; x_wconf 79' lang='lat' dir='ltr'>cauda,</span> <span class='ocrx_word' id='word_1_271' title='bbox 468 2202 559 2234; x_wconf 78' lang='lat' dir='ltr'>unde</span> <span class='ocrx_word' id='word_1_272' title='bbox 599 2207 757 2243; x_wconf 71' lang='lat' dir='ltr'>gemmata</span> <span class='ocrx_word' id='word_1_273' title='bbox 799 2205 928 2238; x_wconf 90' lang='lat' dir='ltr'>dicitur</span> 
     </span>
     <span class='ocr_line' id='line_1_40' title="bbox 223 2251 334 2283; baseline 0.018 -2"><span class='ocrx_word' id='word_1_274' title='bbox 223 2251 334 2283; x_wconf 82' lang='lat' dir='ltr'>cauda.</span> 
     </span>
    </p>

    <p class='ocr_par' dir='ltr' id='par_1_21' title="bbox 221 2302 929 2753">
     <span class='ocr_line' id='line_1_41' title="bbox 265 2302 928 2346; baseline 0.008 -13"><span class='ocrx_word' id='word_1_275' title='bbox 265 2304 309 2333; x_wconf 79' lang='lat'>27</span> <span class='ocrx_word' id='word_1_276' title='bbox 334 2302 443 2335; x_wconf 76' lang='lat' dir='ltr'>Gelidi</span> <span class='ocrx_word' id='word_1_277' title='bbox 458 2313 519 2335; x_wconf 69' lang='lat' dir='ltr'>nou</span> <span class='ocrx_word' id='word_1_278' title='bbox 542 2304 694 2336; x_wconf 72' lang='lat' dir='ltr'>Phasidis</span> <span class='ocrx_word' id='word_1_279' title='bbox 706 2304 787 2346; x_wconf 73' lang='lat' dir='ltr'>ales]</span> <span class='ocrx_word' id='word_1_280' title='bbox 809 2305 928 2338; x_wconf 84' lang='lat' dir='ltr'>Phasi-</span> 
     </span>
     <span class='ocr_line' id='line_1_42' title="bbox 223 2355 929 2395; baseline 0.007 -12"><span class='ocrx_word' id='word_1_281' title='bbox 223 2361 321 2393; x_wconf 84' lang='lat' dir='ltr'>anus,</span> <span class='ocrx_word' id='word_1_282' title='bbox 342 2357 424 2385; x_wconf 86' lang='lat' dir='ltr'>nota</span> <span class='ocrx_word' id='word_1_283' title='bbox 446 2355 530 2395; x_wconf 84' lang='lat' dir='ltr'>avis,</span> <span class='ocrx_word' id='word_1_284' title='bbox 555 2355 597 2387; x_wconf 79' lang='lat' dir='ltr'>ad</span> <span class='ocrx_word' id='word_1_285' title='bbox 614 2365 676 2387; x_wconf 85' lang='lat' dir='ltr'>nos</span> <span class='ocrx_word' id='word_1_286' title='bbox 691 2366 712 2388; x_wconf 89' lang='lat' dir='ltr'>a</span> <span class='ocrx_word' id='word_1_287' title='bbox 727 2356 830 2388; x_wconf 82' lang='lat' dir='ltr'>Phasi</span> <span class='ocrx_word' id='word_1_288' title='bbox 849 2358 929 2389; x_wconf 87' lang='lat' dir='ltr'>Col-</span> 
     </span>
     <span class='ocr_line' id='line_1_43' title="bbox 223 2401 928 2447; baseline 0.01 -15"><span class='ocrx_word' id='word_1_289' title='bbox 223 2401 330 2433; x_wconf 83' lang='lat' dir='ltr'>chidis</span> <span class='ocrx_word' id='word_1_290' title='bbox 355 2401 471 2444; x_wconf 84' lang='lat' dir='ltr'>fluvio,</span> <span class='ocrx_word' id='word_1_291' title='bbox 487 2404 530 2436; x_wconf 84' lang='lat' dir='ltr'>ab</span> <span class='ocrx_word' id='word_1_292' title='bbox 557 2405 768 2447; x_wconf 76' lang='lat' dir='ltr'>Argonautis</span> <span class='ocrx_word' id='word_1_293' title='bbox 789 2406 928 2439; x_wconf 85' lang='lat' dir='ltr'>traduc-</span> 
     </span>
     <span class='ocr_line' id='line_1_44' title="bbox 223 2455 927 2498; baseline 0.009 -15"><span class='ocrx_word' id='word_1_294' title='bbox 223 2456 280 2491; x_wconf 77' lang='lat' dir='ltr'>ta3</span> <span class='ocrx_word' id='word_1_295' title='bbox 303 2462 382 2485; x_wconf 88' lang='lat' dir='ltr'>nam</span> <span class='ocrx_word' id='word_1_296' title='bbox 398 2464 442 2485; x_wconf 86' lang='lat' dir='ltr'>ex</span> <span class='ocrx_word' id='word_1_297' title='bbox 468 2455 531 2486; x_wconf 86' lang='lat' dir='ltr'>hac</span> <span class='ocrx_word' id='word_1_298' title='bbox 549 2458 689 2498; x_wconf 86' lang='lat' dir='ltr'>regione</span> <span class='ocrx_word' id='word_1_299' title='bbox 705 2457 738 2488; x_wconf 93' lang='lat' dir='ltr'>in</span> <span class='ocrx_word' id='word_1_300' title='bbox 755 2457 927 2489; x_wconf 80' lang='lat' dir='ltr'>Graeciam</span> 
     </span>
     <span class='ocr_line' id='line_1_45' title="bbox 222 2506 927 2545; baseline 0.01 -11"><span class='ocrx_word' id='word_1_301' title='bbox 222 2506 465 2545; x_wconf 77' lang='lat' dir='ltr'>transportatae</span> <span class='ocrx_word' id='word_1_302' title='bbox 482 2511 572 2538; x_wconf 85' lang='lat' dir='ltr'>sunt.</span> <span class='ocrx_word' id='word_1_303' title='bbox 617 2507 790 2539; x_wconf 81' lang='lat' dir='ltr'>Martialis</span> <span class='ocrx_word' id='word_1_304' title='bbox 803 2518 816 2541; x_wconf 65' lang='grc' dir='ltr'><strong>ι</strong></span> <span class='ocrx_word' id='word_1_305' title='bbox 837 2508 846 2526; x_wconf 89' lang='lat'>‘</span> <span class='ocrx_word' id='word_1_306' title='bbox 862 2507 927 2540; x_wconf 84' lang='lat' dir='ltr'>Ar-</span> 
     </span>
     <span class='ocr_line' id='line_1_46' title="bbox 223 2557 926 2602; baseline 0.006 -14"><span class='ocrx_word' id='word_1_307' title='bbox 223 2557 303 2598; x_wconf 83' lang='lat' dir='ltr'>giva</span> <span class='ocrx_word' id='word_1_308' title='bbox 325 2557 469 2598; x_wconf 79' lang='lat' dir='ltr'>primum</span> <span class='ocrx_word' id='word_1_309' title='bbox 500 2569 574 2590; x_wconf 86' lang='lat' dir='ltr'>sum</span> <span class='ocrx_word' id='word_1_310' title='bbox 591 2564 825 2602; x_wconf 75' lang='lat' dir='ltr'>transportata</span> <span class='ocrx_word' id='word_1_311' title='bbox 839 2561 926 2592; x_wconf 81' lang='lat' dir='ltr'>cari—</span> 
     </span>
     <span class='ocr_line' id='line_1_47' title="bbox 221 2606 926 2642; baseline 0.004 -3"><span class='ocrx_word' id='word_1_312' title='bbox 221 2616 290 2639; x_wconf 84' lang='lat' dir='ltr'>na:</span> <span class='ocrx_word' id='word_1_313' title='bbox 312 2606 405 2640; x_wconf 84' lang='lat' dir='ltr'>Ante</span> <span class='ocrx_word' id='word_1_314' title='bbox 420 2608 500 2640; x_wconf 80' lang='lat' dir='ltr'>mihi</span> <span class='ocrx_word' id='word_1_315' title='bbox 516 2614 635 2641; x_wconf 89' lang='lat' dir='ltr'>notum</span> <span class='ocrx_word' id='word_1_316' title='bbox 659 2611 706 2641; x_wconf 89' lang='lat' dir='ltr'>nil</span> <span class='ocrx_word' id='word_1_317' title='bbox 726 2611 790 2642; x_wconf 84' lang='lat' dir='ltr'>nisi</span> <span class='ocrx_word' id='word_1_318' title='bbox 805 2610 926 2642; x_wconf 82' lang='lat' dir='ltr'>Phasis</span> 
     </span>
     <span class='ocr_line' id='line_1_48' title="bbox 223 2657 928 2702; baseline 0.004 -13"><span class='ocrx_word' id='word_1_319' title='bbox 223 2657 322 2690; x_wconf 65' lang='lat' dir='ltr'>erat:</span> <span class='ocrx_word' id='word_1_320' title='bbox 367 2658 506 2690; x_wconf 84' lang='lat' dir='ltr'>Dicitur</span> <span class='ocrx_word' id='word_1_321' title='bbox 535 2658 656 2690; x_wconf 73' lang='lat' dir='ltr'>Phasis</span> <span class='ocrx_word' id='word_1_322' title='bbox 680 2661 819 2700; x_wconf 73' lang='lat' dir='ltr'>gelidus,</span> <span class='ocrx_word' id='word_1_323' title='bbox 847 2660 928 2702; x_wconf 88' lang='lat' dir='ltr'>quia</span> 
     </span>
     <span class='ocr_line' id='line_1_49' title="bbox 224 2708 883 2753; baseline 0.006 -14"><span class='ocrx_word' id='word_1_324' title='bbox 224 2708 359 2740; x_wconf 85' lang='lat' dir='ltr'>Colchis</span> <span class='ocrx_word' id='word_1_325' title='bbox 375 2708 408 2740; x_wconf 89' lang='lat' dir='ltr'>in</span> <span class='ocrx_word' id='word_1_326' title='bbox 423 2708 714 2749; x_wconf 82' lang='lat' dir='ltr'>septemtrionem</span> <span class='ocrx_word' id='word_1_327' title='bbox 731 2716 883 2753; x_wconf 83' lang='lat' dir='ltr'>spectat.</span> 
     </span>
    </p>

    <p class='ocr_par' dir='ltr' id='par_1_22' title="bbox 266 2757 926 2799">
     <span class='ocr_line' id='line_1_50' title="bbox 266 2757 926 2799; baseline 0.003 -9"><span class='ocrx_word' id='word_1_328' title='bbox 266 2760 309 2790; x_wconf 84' lang='lat'>28</span> <span class='ocrx_word' id='word_1_329' title='bbox 334 2757 435 2799; x_wconf 75' lang='lat' dir='ltr'>Quas]</span> <span class='ocrx_word' id='word_1_330' title='bbox 460 2757 634 2799; x_wconf 83' lang='lat' dir='ltr'>Intelligit</span> <span class='ocrx_word' id='word_1_331' title='bbox 660 2768 743 2792; x_wconf 87' lang='lat' dir='ltr'>aves</span> <span class='ocrx_word' id='word_1_332' title='bbox 770 2760 926 2792; x_wconf 87' lang='lat' dir='ltr'>Numidi-</span> 
     </span>
    </p>
   </div>
   <div class='ocr_carea' id='block_1_19' title="bbox 980 1797 1688 2799">
    <p class='ocr_par' dir='ltr' id='par_1_23' title="bbox 982 1797 1684 2033">
     <span class='ocr_line' id='line_1_51' title="bbox 982 1797 1682 1839; baseline 0 -9"><span class='ocrx_word' id='word_1_333' title='bbox 982 1809 1041 1831; x_wconf 88' lang='lat' dir='ltr'>cas</span> <span class='ocrx_word' id='word_1_334' title='bbox 1067 1809 1128 1831; x_wconf 87' lang='lat' dir='ltr'>seu</span> <span class='ocrx_word' id='word_1_335' title='bbox 1151 1799 1393 1839; x_wconf 78' lang='lat' dir='ltr'>Meleagridas.</span> <span class='ocrx_word' id='word_1_336' title='bbox 1438 1797 1595 1831; x_wconf 74' lang='lat' dir='ltr'>Humenti</span> <span class='ocrx_word' id='word_1_337' title='bbox 1611 1798 1682 1830; x_wconf 80' lang='lat' dir='ltr'>Nu-</span> 
     </span>
     <span class='ocr_line' id='line_1_52' title="bbox 982 1849 1684 1890; baseline -0.001 -10"><span class='ocrx_word' id='word_1_338' title='bbox 982 1850 1075 1881; x_wconf 80' lang='lat' dir='ltr'>midre</span> <span class='ocrx_word' id='word_1_339' title='bbox 1090 1859 1219 1890; x_wconf 79' lang='lat' dir='ltr'>rapuere</span> <span class='ocrx_word' id='word_1_340' title='bbox 1232 1849 1288 1880; x_wconf 81' lang='lat' dir='ltr'>sub</span> <span class='ocrx_word' id='word_1_341' title='bbox 1306 1849 1437 1890; x_wconf 78' lang='lat' dir='ltr'>Austro]</span> <span class='ocrx_word' id='word_1_342' title='bbox 1458 1849 1597 1881; x_wconf 86' lang='lat' dir='ltr'>Saturn.</span> <span class='ocrx_word' id='word_1_343' title='bbox 1614 1849 1684 1880; x_wconf 84' lang='lat' dir='ltr'>Ka·</span> 
     </span>
     <span class='ocr_line' id='line_1_53' title="bbox 983 1899 1683 1939; baseline -0.003 -8"><span class='ocrx_word' id='word_1_344' title='bbox 983 1900 1074 1933; x_wconf 84' lang='lat' dir='ltr'>lend.</span> <span class='ocrx_word' id='word_1_345' title='bbox 1117 1901 1233 1933; x_wconf 82' lang='lat' dir='ltr'>‘Quas</span> <span class='ocrx_word' id='word_1_346' title='bbox 1268 1899 1335 1931; x_wconf 89' lang='lat' dir='ltr'>udo</span> <span class='ocrx_word' id='word_1_347' title='bbox 1373 1899 1531 1931; x_wconf 68' lang='lat' dir='ltr'>Numida</span> <span class='ocrx_word' id='word_1_348' title='bbox 1564 1899 1683 1939; x_wconf 77' lang='lat' dir='ltr'>legunt</span> 
     </span>
     <span class='ocr_line' id='line_1_54' title="bbox 982 1947 1684 1990; baseline -0.004 -8"><span class='ocrx_word' id='word_1_349' title='bbox 982 1950 1045 1982; x_wconf 89' lang='lat' dir='ltr'>sub</span> <span class='ocrx_word' id='word_1_350' title='bbox 1084 1950 1235 1983; x_wconf 66' lang='lat' dir='ltr'>Austro!</span> <span class='ocrx_word' id='word_1_351' title='bbox 1278 1949 1443 1990; x_wconf 69' lang='lat' dir='ltr'>Numidoe]</span> <span class='ocrx_word' id='word_1_352' title='bbox 1468 1949 1565 1990; x_wconf 76' lang='lat' dir='ltr'>Gens</span> <span class='ocrx_word' id='word_1_353' title='bbox 1590 1947 1684 1980; x_wconf 80' lang='lat' dir='ltr'>Afri·</span> 
     </span>
     <span class='ocr_line' id='line_1_55' title="bbox 982 2000 1519 2033; baseline 0 -1"><span class='ocrx_word' id='word_1_354' title='bbox 982 2010 1079 2033; x_wconf 86' lang='lat' dir='ltr'>cana.</span> <span class='ocrx_word' id='word_1_355' title='bbox 1126 2000 1215 2032; x_wconf 86' lang='lat' dir='ltr'>Vide</span> <span class='ocrx_word' id='word_1_356' title='bbox 1231 2000 1303 2032; x_wconf 79' lang='lat' dir='ltr'>Sat.</span> <span class='ocrx_word' id='word_1_357' title='bbox 1318 2000 1398 2032; x_wconf 79' lang='lat' dir='ltr'>Kal.</span> <span class='ocrx_word' id='word_1_358' title='bbox 1414 2009 1448 2032; x_wconf 72' lang='grc' dir='ltr'>ν.</span> <span class='ocrx_word' id='word_1_359' title='bbox 1462 2002 1519 2032; x_wconf 79' lang='grc'>78.</span> 
     </span>
    </p>

    <p class='ocr_par' dir='ltr' id='par_1_24' title="bbox 980 2050 1684 2192">
     <span class='ocr_line' id='line_1_56' title="bbox 1025 2050 1682 2091; baseline -0.002 -9"><span class='ocrx_word' id='word_1_360' title='bbox 1025 2053 1069 2082; x_wconf 79' lang='grc'>29</span> <span class='ocrx_word' id='word_1_361' title='bbox 1092 2050 1150 2082; x_wconf 81' lang='lat' dir='ltr'>Ille</span> <span class='ocrx_word' id='word_1_362' title='bbox 1160 2052 1314 2082; x_wconf 79' lang='lat' dir='ltr'>salutator</span> <span class='ocrx_word' id='word_1_363' title='bbox 1327 2059 1624 2091; x_wconf 57' lang='lat' dir='ltr'>regunummenque</span> <span class='ocrx_word' id='word_1_364' title='bbox 1638 2050 1682 2081; x_wconf 79' lang='lat' dir='ltr'>lo-</span> 
     </span>
     <span class='ocr_line' id='line_1_57' title="bbox 980 2100 1684 2143; baseline -0.001 -10"><span class='ocrx_word' id='word_1_365' title='bbox 980 2105 1070 2133; x_wconf 80' lang='lat' dir='ltr'>cutus</span> <span class='ocrx_word' id='word_1_366' title='bbox 1101 2101 1293 2142; x_wconf 66' lang='lat' dir='ltr'>Caesareum]</span> <span class='ocrx_word' id='word_1_367' title='bbox 1314 2100 1405 2133; x_wconf 79' lang='lat' dir='ltr'>vide</span> <span class='ocrx_word' id='word_1_368' title='bbox 1434 2111 1513 2143; x_wconf 74' lang='lat' dir='ltr'>qaae</span> <span class='ocrx_word' id='word_1_369' title='bbox 1535 2100 1684 2133; x_wconf 75' lang='lat' dir='ltr'>dixi-ns</span> 
     </span>
     <span class='ocr_line' id='line_1_58' title="bbox 982 2150 1662 2192; baseline -0.001 -9"><span class='ocrx_word' id='word_1_370' title='bbox 982 2152 1024 2183; x_wconf 85' lang='lat' dir='ltr'>ad</span> <span class='ocrx_word' id='word_1_371' title='bbox 1041 2161 1175 2184; x_wconf 81' lang='lat' dir='ltr'>versum</span> <span class='ocrx_word' id='word_1_372' title='bbox 1189 2151 1376 2184; x_wconf 77' lang='lat' dir='ltr'>secundum</span> <span class='ocrx_word' id='word_1_373' title='bbox 1390 2151 1533 2192; x_wconf 75' lang='lat' dir='ltr'>hujusce</span> <span class='ocrx_word' id='word_1_374' title='bbox 1543 2150 1662 2183; x_wconf 87' lang='lat' dir='ltr'>libelli.</span> 
     </span>
    </p>

    <p class='ocr_par' dir='ltr' id='par_1_25' title="bbox 982 2201 1686 2337">
     <span class='ocr_line' id='line_1_59' title="bbox 1023 2201 1686 2244; baseline -0.003 -10"><span class='ocrx_word' id='word_1_375' title='bbox 1023 2206 1066 2235; x_wconf 77' lang='grc'>30</span> <span class='ocrx_word' id='word_1_376' title='bbox 1088 2203 1213 2244; x_wconf 75' lang='lat' dir='ltr'>Amici]</span> <span class='ocrx_word' id='word_1_377' title='bbox 1233 2202 1276 2234; x_wconf 86' lang='lat' dir='ltr'>Id</span> <span class='ocrx_word' id='word_1_378' title='bbox 1305 2207 1370 2243; x_wconf 86' lang='lat' dir='ltr'>est,</span> <span class='ocrx_word' id='word_1_379' title='bbox 1389 2202 1448 2244; x_wconf 77' lang='lat' dir='ltr'>qui</span> <span class='ocrx_word' id='word_1_380' title='bbox 1477 2202 1554 2237; x_wconf 79' lang='lat' dir='ltr'>viee</span> <span class='ocrx_word' id='word_1_381' title='bbox 1577 2201 1686 2234; x_wconf 82' lang='lat' dir='ltr'>tristis</span> 
     </span>
     <span class='ocr_line' id='line_1_60' title="bbox 982 2251 1686 2286; baseline -0.003 -1"><span class='ocrx_word' id='word_1_382' title='bbox 982 2254 1082 2286; x_wconf 88' lang='lat' dir='ltr'>amici</span> <span class='ocrx_word' id='word_1_383' title='bbox 1097 2255 1292 2286; x_wconf 85' lang='lat' dir='ltr'>consolatus</span> <span class='ocrx_word' id='word_1_384' title='bbox 1305 2258 1359 2286; x_wconf 82' lang='lat' dir='ltr'>est</span> <span class='ocrx_word' id='word_1_385' title='bbox 1370 2251 1534 2285; x_wconf 78' lang='lat' dir='ltr'>Atedium</span> <span class='ocrx_word' id='word_1_386' title='bbox 1545 2252 1582 2284; x_wconf 86' lang='lat' dir='ltr'>in</span> <span class='ocrx_word' id='word_1_387' title='bbox 1596 2261 1686 2284; x_wconf 80' lang='lat' dir='ltr'>mor·</span> 
     </span>
     <span class='ocr_line' id='line_1_61' title="bbox 982 2305 1148 2337; baseline 0 -1"><span class='ocrx_word' id='word_1_388' title='bbox 982 2309 1017 2337; x_wconf 89' lang='lat' dir='ltr'>te</span> <span class='ocrx_word' id='word_1_389' title='bbox 1033 2305 1148 2337; x_wconf 83' lang='lat' dir='ltr'>Blaesi.</span> 
     </span>
    </p>

    <p class='ocr_par' dir='ltr' id='par_1_26' title="bbox 981 2354 1684 2489">
     <span class='ocr_line' id='line_1_62' title="bbox 1025 2354 1684 2396; baseline -0.005 -8"><span class='ocrx_word' id='word_1_390' title='bbox 1025 2359 1065 2388; x_wconf 79' lang='lat'>31</span> <span class='ocrx_word' id='word_1_391' title='bbox 1092 2356 1230 2388; x_wconf 71' lang='lat' dir='ltr'>Conviva</span> <span class='ocrx_word' id='word_1_392' title='bbox 1255 2355 1348 2396; x_wconf 75' lang='lat' dir='ltr'>levis]</span> <span class='ocrx_word' id='word_1_393' title='bbox 1377 2355 1513 2396; x_wconf 76' lang='lat' dir='ltr'>Supra:</span> <span class='ocrx_word' id='word_1_394' title='bbox 1537 2354 1684 2386; x_wconf 85' lang='lat' dir='ltr'>‘Erran-</span> 
     </span>
     <span class='ocr_line' id='line_1_63' title="bbox 983 2405 1684 2449; baseline -0.003 -11"><span class='ocrx_word' id='word_1_395' title='bbox 983 2410 1121 2449; x_wconf 85' lang='lat' dir='ltr'>temque</span> <span class='ocrx_word' id='word_1_396' title='bbox 1153 2407 1237 2438; x_wconf 86' lang='lat' dir='ltr'>toris</span> <span class='ocrx_word' id='word_1_397' title='bbox 1266 2405 1390 2438; x_wconf 74' lang='lat' dir='ltr'>medioe</span> <span class='ocrx_word' id='word_1_398' title='bbox 1422 2405 1499 2447; x_wconf 81' lang='lat' dir='ltr'>plus</span> <span class='ocrx_word' id='word_1_399' title='bbox 1528 2409 1684 2446; x_wconf 81' lang='lat' dir='ltr'>tempore</span> 
     </span>
     <span class='ocr_line' id='line_1_64' title="bbox 981 2458 1117 2489; baseline -0.007 0"><span class='ocrx_word' id='word_1_400' title='bbox 981 2458 1117 2489; x_wconf 84' lang='lat' dir='ltr'>noctis.’</span> 
     </span>
    </p>

    <p class='ocr_par' dir='ltr' id='par_1_27' title="bbox 980 2504 1688 2799">
     <span class='ocr_line' id='line_1_65' title="bbox 1023 2504 1685 2548; baseline -0.005 -9"><span class='ocrx_word' id='word_1_401' title='bbox 1023 2509 1065 2539; x_wconf 78' lang='lat'>34</span> <span class='ocrx_word' id='word_1_402' title='bbox 1088 2506 1218 2548; x_wconf 73' lang='lat' dir='ltr'>Assyrio</span> <span class='ocrx_word' id='word_1_403' title='bbox 1231 2507 1350 2537; x_wconf 72' lang='lat' dir='ltr'>cineres</span> <span class='ocrx_word' id='word_1_404' title='bbox 1367 2505 1529 2537; x_wconf 66' lang='lat' dir='ltr'>adolentur</span> <span class='ocrx_word' id='word_1_405' title='bbox 1548 2504 1685 2546; x_wconf 76' lang='lat' dir='ltr'>ammo]</span> 
     </span>
     <span class='ocr_line' id='line_1_66' title="bbox 982 2554 1688 2597; baseline -0.003 -9"><span class='ocrx_word' id='word_1_406' title='bbox 982 2556 1171 2595; x_wconf 82' lang='lat' dir='ltr'>Amomum,</span> <span class='ocrx_word' id='word_1_407' title='bbox 1187 2560 1225 2588; x_wconf 89' lang='lat' dir='ltr'>ut</span> <span class='ocrx_word' id='word_1_408' title='bbox 1243 2556 1318 2597; x_wconf 86' lang='lat' dir='ltr'>jam</span> <span class='ocrx_word' id='word_1_409' title='bbox 1333 2555 1494 2595; x_wconf 83' lang='lat' dir='ltr'>diximus,</span> <span class='ocrx_word' id='word_1_410' title='bbox 1519 2559 1596 2587; x_wconf 82' lang='lat' dir='ltr'>erat</span> <span class='ocrx_word' id='word_1_411' title='bbox 1617 2554 1688 2586; x_wconf 81' lang='lat' dir='ltr'>fru-</span> 
     </span>
     <span class='ocr_line' id='line_1_67' title="bbox 981 2607 1686 2647; baseline -0.006 -7"><span class='ocrx_word' id='word_1_412' title='bbox 981 2613 1040 2640; x_wconf 85' lang='lat' dir='ltr'>tex</span> <span class='ocrx_word' id='word_1_413' title='bbox 1070 2607 1342 2643; x_wconf 85' lang='lat' dir='ltr'>odoratissimus,</span> <span class='ocrx_word' id='word_1_414' title='bbox 1367 2614 1411 2637; x_wconf 80' lang='lat' dir='ltr'>ex</span> <span class='ocrx_word' id='word_1_415' title='bbox 1437 2614 1505 2646; x_wconf 87' lang='lat' dir='ltr'>qno</span> <span class='ocrx_word' id='word_1_416' title='bbox 1533 2614 1686 2647; x_wconf 83' lang='lat' dir='ltr'>unguen-</span> 
     </span>
     <span class='ocr_line' id='line_1_68' title="bbox 982 2653 1688 2698; baseline -0.004 -8"><span class='ocrx_word' id='word_1_417' title='bbox 982 2662 1052 2690; x_wconf 86' lang='lat' dir='ltr'>tum</span> <span class='ocrx_word' id='word_1_418' title='bbox 1100 2655 1380 2698; x_wconf 80' lang='lat' dir='ltr'>pretiosissimum</span> <span class='ocrx_word' id='word_1_419' title='bbox 1427 2653 1688 2696; x_wconf 68' lang='lat' dir='ltr'>conficiebatur,</span> 
     </span>
     <span class='ocr_line' id='line_1_69' title="bbox 981 2705 1685 2751; baseline -0.003 -11"><span class='ocrx_word' id='word_1_420' title='bbox 981 2707 1141 2751; x_wconf 86' lang='lat' dir='ltr'>qnodque</span> <span class='ocrx_word' id='word_1_421' title='bbox 1169 2706 1262 2749; x_wconf 77' lang='lat' dir='ltr'>rogis</span> <span class='ocrx_word' id='word_1_422' title='bbox 1287 2710 1500 2738; x_wconf 82' lang='lat' dir='ltr'>mortuorum</span> <span class='ocrx_word' id='word_1_423' title='bbox 1522 2705 1685 2747; x_wconf 84' lang='lat' dir='ltr'>conjicie-</span> 
     </span>
     <span class='ocr_line' id='line_1_70' title="bbox 980 2755 1684 2799; baseline -0.004 -8"><span class='ocrx_word' id='word_1_424' title='bbox 980 2759 1094 2791; x_wconf 80' lang='lat' dir='ltr'>batur.</span> <span class='ocrx_word' id='word_1_425' title='bbox 1130 2756 1279 2799; x_wconf 66' lang='lat' dir='ltr'>Assyrio]</span> <span class='ocrx_word' id='word_1_426' title='bbox 1304 2755 1395 2793; x_wconf 76' lang='lat' dir='ltr'>Quia</span> <span class='ocrx_word' id='word_1_427' title='bbox 1409 2756 1445 2792; x_wconf 85' lang='lat' dir='ltr'>iu</span> <span class='ocrx_word' id='word_1_428' title='bbox 1457 2755 1599 2799; x_wconf 78' lang='lat' dir='ltr'>Assyria</span> <span class='ocrx_word' id='word_1_429' title='bbox 1611 2765 1684 2789; x_wconf 77' lang='lat' dir='ltr'>aas·</span> 
     </span>
    </p>
   </div>
  </div>
 </body>
</html>
