1800 3060
593 207 872 241 SYLVARUM
907 206 1004 238 mn.
1037 205 1088 236 ιι.
1118 195 1158 236 1.
1523 192 1608 234 191

151 309 303 365 Teque
321 311 493 363 patrum
513 305 700 360 gemitus
720 306 1018 359 superantem,
1039 304 1084 343 et
1104 298 1286 342 brachia
1305 303 1507 348 matrum,

154 377 532 431 Complexumque
550 385 698 426 rogos,
719 373 952 427 ignemque
971 369 1146 411 haurire
1165 371 1397 423 parantem

152 445 250 487 Vix
266 444 384 486 tenui
403 442 561 484 similis
579 453 746 491 comes,
766 439 1016 492 offendique
1035 435 1242 478 tenendo.

153 511 213 554 Et
230 523 346 553 nunc
364 507 493 565 (heu)
510 509 652 558 vittis,
673 512 719 550 et
737 506 892 548 frontis
908 505 1076 547 honore
1098 503 1263 552 soluto,

154 578 389 622 Infaustus
410 579 549 626 vates,
566 587 695 616 verso
714 586 813 616 mea
834 577 1018 626 pectora
1039 574 1219 612 tecum:

154 646 324 699 Plango
342 645 462 699 lyra:
488 643 564 684 en!
585 641 683 683 duri
703 640 908 682 comitem
930 639 1191 691 sociumque
1210 636 1380 678 doloris

152 713 225 768 (Si
243 711 400 761 merui,
418 711 655 762 luctusque
676 707 740 749 tui
759 706 990 748 consortia
1010 703 1150 758 sensi)

154 779 258 822 Jam
275 780 385 821 lenis
403 778 576 832 patiare
595 788 777 830 precor:
797 786 867 815 me
885 773 1065 815 fulmine
1085 772 1128 813 in
1147 772 1249 824 ipso

1552 434 1610 474 25

1551 771 1608 813 30

156 887 203 919 Et
216 890 247 919 te
260 887 317 918 vix
335 885 464 923 retinui,
484 883 558 926 puri
580 883 683 915 dolore
698 881 842 923 affectus,
864 880 1035 912 vincentem
1048 877 1186 919 gemitu
1199 882 1335 919 patrum,
1349 882 1378 910 et
1390 879 1535 919 planctus
1547 889 1613 911 ma-

154 933 249 969 trum,
262 932 295 961 et
306 929 531 969 amplexantem
546 927 682 964 Mum,
695 935 732 956 uc
746 928 778 956 te
790 923 1003 963 accingentem
1016 923 1060 953 ad
1073 922 1237 953 sorbendas
1253 920 1414 962 flammas,
1436 926 1467 953 et
1481 921 1610 963 offendi,

154 982 223 1004 cun
235 975 268 1004 te
279 970 477 1003 retraxerint.
523 970 567 1000 Et
582 979 662 1000 nunc
676 967 771 1010 (lieu)
784 967 897 1005 infelix
912 965 1025 1002 Poeta,
1040 965 1189 996 detractis
1210 964 1332 1002 insulis,
1347 968 1378 996 et
1392 969 1503 996 matu
1518 966 1612 1003 [νοη-

155 1015 210 1051 tis,
232 1015 326 1047 tundo
348 1017 447 1045 tecum
469 1021 569 1044 meum
589 1015 705 1051 pectus.
749 1009 856 1048 Lugeo
870 1009 912 1039 ad
925 1011 1050 1039 cantum
1065 1008 1153 1049 lyroe.
1201 1007 1246 1038 Et
1268 1007 1424 1047 placidus.
1447 1017 1513 1046 oro,
1528 1017 1609 1038 nunc

147 1056 238 1095 sem
250 1057 294 1099 (si
307 1057 425 1096 dignun
445 1065 523 1096 rum,
546 1058 578 1086 et
602 1053 673 1086 veni
694 1054 728 1085 in
752 1055 876 1093 partem
896 1051 946 1083 tui
964 1050 1096 1092 doloris)
1109 1050 1251 1082 comitem
1265 1053 1297 1081 et
1312 1054 1482 1082 consortem
1495 1050 1610 1082 atrocis

757 1144 998 1157 OMOO‘ONNO

155 1215 318 1258 denbrog.
360 1215 597 1255 plorantemque
623 1212 787 1244 exhibent
812 1221 928 1244 omnes
953 1209 1052 1243 codd.
1080 1219 1156 1241 cum
1180 1210 1304 1241 venet.
1322 1212 1354 1241 1.
1378 1209 1492 1241 Parm.
1510 1209 1608 1241 Rom.

157 1259 254 1291 Brit.
269 1259 405 1290 Vieent.
420 1257 524 1290 Aidd.
540 1256 651 1288 Colin.
674 1255 808 1296 Grypb.
832 1257 898 1286 διο.
923 1258 960 1286 et
976 1252 1166 1285 defendunt
1181 1252 1366 1284 Gevartius
1382 1258 1418 1284 et
1433 1251 1610 1284 Marklan-

157 1301 234 1334 dus.
275 1301 364 1333 Vide
382 1300 489 1333 Theb.
513 1309 566 1332 rx.
591 1301 667 1331 299.
692 1302 730 1329 et
757 1306 826 1330 ιιι.
854 1299 997 1328 56.-24
1018 1296 1028 1313 ⁴
1043 1295 1191 1327 Omnino
1214 1295 1278 1326 hoc
1304 1295 1381 1326 loco
1406 1294 1611 1336 legendum:

158 1343 398 1385 ,Ge-plausuque
410 1353 512 1383 rogos,
525 1343 581 1382 ξε.
602 1351 679 1372 nam
694 1350 730 1372 se
744 1340 926 1381 complexu
942 1339 1111 1371 hominem
1127 1339 1290 1374 tenuisse,
1307 1338 1387 1370 totis
1403 1347 1526 1378 nempe
1541 1338 1611 1369 suis

157 1386 299 1426 viribus,
313 1385 399 1418 dicit
411 1385 554 1417 Statius.
597 1384 653 1416 Ita
669 1383 866 1424 Pamphilus
880 1381 971 1424 apud
993 1381 1195 1413 Terentium
1224 1381 1257 1412 in
1274 1379 1430 1413 Andria!
1453 1379 1613 1412 Barth.-

157 1431 201 1461 2⁸
221 1428 367 1470 ‘Inepte
381 1427 513 1460 faciunt
529 1427 587 1469 qui
604 1426 735 1466 frondis
747 1424 883 1457 citant!
906 1425 1004 1456 Idem.
1047 1423 1135 1455 Haec
1151 1428 1206 1455 est
1221 1424 1326 1456 lectio
1341 1423 1478 1455 Crucei.
1525 1422 1613 1454 Vide

158 1471 324 1503 Gronovii
339 1471 481 1503 Eleneh.
496 1469 683 1502 Antidiatr.
698 1478 735 1509 p.
748 1470 889 1500 65.—27
913 1467 1075 1507 Infaustus
1090 1470 1176 1498 tates
1188 1477 1267 1498 texo
1282 1477 1324 1498 m.
1342 1476 1378 1507 p.
1392 1469 1492 1498 tecum
1509 1465 1614 1498 Aidd.

160 1513 269 1546 Colin.
285 1514 417 1555 Gryph.
430 1515 497 1547 &c.
540 1511 704 1551 Infaustus
728 1514 814 1543 vates
836 1519 951 1542 texens
966 1510 1056 1550 conj.
1078 1509 1206 1540 Markl.
1249 1509 1413 1548 Infaustus
1427 1512 1514 1540 tates
1527 1518 1615 1540 terso

159 1566 202 1588 ιιι.
213 1566 244 1597 ρ.
258 1559 359 1588 tecum
373 1557 491 1588 Parm.
507 1560 543 1588 et
556 1556 652 1587 Rom.
668 1554 758 1585 unde
771 1554 862 1584 idem
876 1552 1100 1584 Marklandus
1115 1563 1123 1582 ε
1147 1561 1232 1582 terso
1245 1562 1312 1583 mea
1320 1555 1448 1592 pectora
1453 1552 1542 1591 sebo,
1559 1552 1613 1582 vel

161 1597 371 1630 Pham—28
393 1599 517 1639 Plango
542 1599 611 1639 lyra
635 1601 670 1628 ut
696 1597 795 1628 Rom.
819 1601 855 1627 et
881 1600 951 1626 vet.
984 1594 1243 1634 Lindenbrogii,
1269 1596 1356 1626 unde
1384 1595 1465 1626 ille:
1489 1595 1615 1634 Pinge

160 1641 229 1683 lym
240 1652 251 1674 .·
272 1641 337 1673 uh!
356 1642 408 1682 ξε.
452 1641 587 1674 Ceterae
610 1644 696 1672 vett.
713 1639 852 1680 habent,
867 1641 897 1670 et
912 1637 988 1670 diri.
1032 1636 1239 1669 Markiando
1254 1637 1400 1670 debetur
1416 1638 1521 1669 lectio
1537 1647 1614 1669 nos-

816 1725 958 1758 NOTAE

200 1791 247 1822 2²
268 1790 507 1833 Ploruneemque
533 1791 670 1823 ωιὶιηαηι
689 1800 783 1832 supra
802 1801 861 1823 suu
911 1791 1037 1823 haurire
1047 1789 1223 1832 parantem]
1244 1788 1370 1820 Similis
1382 1789 1476 1820 locus
1489 1787 1615 1828 Lat-ry-

151 1837 269 1876 suam
294 1839 376 1880 vidi]
401 1839 458 1871 Ad
485 1845 633 1872 mentem
660 1841 860 1872 Platonico·
911 1840 974 1872 mis
987 1840 1148 1872 Etrusci:
1170 1840 1180 1857 ‘
1197 1839 1489 1880 complexumque
1503 1846 1617 1878 rogos,

161 1898 248 1930 rum,
261 1893 301 1922 ut
312 1895 428 1922 monet
444 1890 708 1933 Gevartius,qni
722 1891 861 1923 aiebant
912 1891 1234 1931 incumbentemque
1250 1888 1400 1920 favillis.'

159 1938 310 1972 monium
323 1940 507 1980 homiuum,
520 1950 560 1972 ac
577 1941 764 1982 praesertim
779 1950 860 1982 pue·

162 1999 275 2022 rorum
290 1991 419 2022 animas
439 1991 621 2032 indignari,
637 1990 727 2033 quod
741 1991 859 2023 invita:

161 2039 207 2072 de
216 2039 280 2073 hnc
293 2042 370 2074 luce
382 2041 558 2074 discedere
571 2048 752 2083 cogantur,
765 2043 861 2074 ideo-

164 2100 231 2132 que
243 2092 337 2124 circa
346 2091 467 2124 funera
480 2103 540 2125 sua
551 2094 726 2134 oberrare,
737 2098 777 2125 et
789 2095 860 2135 plo-

164 2150 252 2173 rare.
285 2142 376 2174 Vide
390 2143 604 2175 Macrobium
627 2144 661 2175 iu
684 2144 857 2176 Somnium

164 2191 332 2233 Sdpionis
356 2192 416 2223 lib.
439 2202 467 2224 1.
490 2202 567 2233 cap.
596 2195 629 2225 9.
680 2193 859 2226 Ploratum

164 2250 247 2273 vero
266 2241 355 2273 hunc
367 2242 553 2274 animarum
568 2243 651 2275 nihil
665 2244 758 2276 aliud
773 2254 860 2285 prae·

165 2295 221 2323 ter
245 2292 426 2324 stridorem
451 2292 616 2334 quendam
642 2303 717 2325 esse
744 2294 860 2326 existi-

164 2342 313 2374 mabant.
342 2342 527 2374 Petronius
540 2353 551 2375 z
572 2342 583 2359 ⁴
599 2344 691 2375 Ecce
703 2344 795 2375 inter
809 2350 862 2376 tu-

165 2392 287 2433 mulos,
322 2397 426 2434 atque
451 2402 526 2424 ossa
554 2394 709 2427 carentia
741 2394 862 2436 bustis,

165 2441 369 2476 umbra-um
383 2441 488 2474 facies
507 2443 580 2475 dire
595 2444 742 2476 stridore
757 2444 861 2476 mina-

166 2492 245 2525 tur!
289 2493 336 2525 Et
347 2492 458 2525 Theb.
473 2502 540 2525 vu.
584 2494 594 2511 ‘
609 2493 767 2526 stridunt
793 2494 863 2526 ani·

165 2551 243 2583 ma,
251 2552 453 2584 currumque
463 2543 672 2585 sequuntur!
692 2544 740 2576 Et
752 2545 862 2577 Theb.

166 2599 224 2624 lx.
264 2592 276 2610 ‘
291 2592 397 2625 Nuda
410 2598 470 2625 eut
491 2592 615 2626 flebilis
635 2594 752 2626 umbra
778 2595 863 2627 Stri-

167 2640 262 2676 debit
284 2647 416 2675 vestros
439 2643 574 2684 Tydeus
599 2644 794 2676 inhumatus
819 2644 863 2676 ad

170 2689 289 2731 ignes?

212 2744 253 2773 24
277 2741 535 2785 eon-plexumque
567 2754 669 2785 rogos,
703 2745 865 2786 ignemque

957 1945 998 1974 25
1020 1940 1156 1981 Similis]
1178 1940 1220 1971 Id
1242 1945 1309 1979 est,
1329 1938 1403 1980 pari
1428 1937 1546 1970 dolore
1568 1937 1619 1969 af-

914 1989 1037 2023 fectus.
1063 1990 1252 2032 Offendique
1261 1988 1408 2029 tenendo]
1424 1988 1511 2021 Cum
1526 1989 1618 2020 enim

914 2041 1018 2073 nimio
1044 2040 1163 2072 dolore
1190 2039 1299 2071 nostri
1319 2049 1432 2071 sumus
1454 2040 1618 2080 impotes,

909 2091 1106 2132 judicamus
1132 2091 1246 2122 hostes
1271 2099 1341 2130 eos,
1356 2090 1414 2131 qui
1439 2095 1619 2131 opponunt

915 2151 952 2173 se
969 2140 1148 2172 conatibus
1165 2139 1415 2181 desperationis
1430 2144 1568 2170 nostrae.

955 2194 998 2224 26
1026 2191 1138 2232 Victis,
1167 2193 1198 2222 et
1215 2189 1341 2229 frontis
1367 2189 1479 2220 honore
1504 2188 1619 2229 soluto]

912 2244 1028 2276 Vittas
1043 2244 1147 2284 enim,
1159 2248 1196 2275 et
1208 2251 1325 2274 omnes
1341 2241 1464 2282 capitis
1478 2246 1619 2272 ornatus

915 2294 1137 2336 deponebant
1150 2295 1184 2324 in
1200 2294 1308 2324 luctu.
1352 2292 1443 2323 Vide
1451 2291 1619 2323 Theb.v1.

915 2348 970 2377 30.
1014 2345 1161 2378 Quidam
1187 2343 1307 2383 legunt
1321 2342 1465 2382 frondis,
1488 2341 1525 2373 id
1550 2348 1620 2382 est,

915 2395 1045 2435 laurus,
1060 2403 1127 2436 quo
1141 2397 1346 2426 coronantur
1360 2392 1492 2424 Poetae.

958 2447 1000 2476 30
1024 2444 1167 2475 Fulmine
1181 2441 1310 2483 inipso]
1335 2441 1379 2473 Id
1395 2447 1463 2478 est,
1477 2442 1512 2473 in
1540 2442 1616 2483 ipso

917 2501 1055 2536 stupore
1071 2494 1211 2534 doloris,
1236 2493 1295 2535 qui
1318 2502 1381 2524 nos
1402 2493 1530 2533 obruit,
1547 2498 1619 2523 tan-

916 2555 1017 2587 quam
1047 2545 1076 2576 si
1101 2544 1243 2575 fulmine
1272 2544 1428 2585 percussi
1458 2553 1619 2575 essemus.

917 2595 1045 2627 Noster
1055 2594 1222 2636 Epicedio
1232 2594 1266 2625 in
1277 2593 1382 2625 filium
1396 2605 1404 2624 :
1427 2594 1438 2612 ‘
1450 2594 1621 2634 Dignum·

918 2655 986 2687 que
1001 2645 1083 2677 nihii
1098 2654 1194 2677 mens
1211 2644 1354 2676 fulmine
1371 2649 1466 2676 tanto
1479 2644 1620 2685 Reppe-

918 2695 987 2728 rit?
