1800 3060
780 161 1056 194 Pan-:urio-
1596 158 1653 199 17

250 258 448 303 Tandem
470 258 669 300 maximo
688 256 920 307 beneficio,
951 263 997 299 et
1030 258 1149 312 quod
1179 259 1420 302 multorum
1450 260 1565 304 Mss,
1586 263 1654 304 in-

193 325 467 375 starhabuit,
492 338 564 367 me
595 325 808 367 mactavit
834 326 1211 379 praeclarissimus
1240 333 1287 369 et
1315 329 1363 370 in
1392 328 1463 370 his
1493 329 1654 371 studiis

193 406 390 436 munus
409 392 494 435 Vir
514 392 779 434 Franciscus
798 392 942 442 Hare,
966 393 1224 450 Episcopus
1244 394 1546 452 Asaphensis;
1577 400 1654 453 qui

190 472 252 503 ex
278 460 562 504 Bibliotheca
591 460 888 503 Illustrissimi
918 460 1108 504 Comitis
1139 463 1478 508 Sunderlandiae
1509 465 1655 509 Editi-

190 541 303 571 ones
340 528 628 570 Par-mensem
665 532 709 570 et
748 528 1003 571 Romanam
1042 531 1150 573 mihi
1188 532 1478 587 impetravit3
1518 534 1653 586 hanc,

189 593 310 637 Anni
328 605 651 638 uccccnxxv.
665 609 678 648 3
698 595 836 646 illam,
858 607 1016 638 mcccc
1026 609 1242 642 nxxrn.:
1262 605 1499 656 utramque
1514 615 1573 644 ex
1587 602 1655 644 di-

191 662 335 705 versis
353 661 616 714 codicibus,
629 663 919 707 Parmensem
934 678 990 706 ex
1015 668 1202 721 optimis
1218 681 1499 723 expressam,
1520 676 1655 725 prout

190 733 376 773 testatur
394 730 455 772 N.
475 730 695 781 Heinsius
720 731 887 774 alicubi
918 732 977 774 ad
1009 733 1332 788 Claudianum;
1376 741 1421 779 et
1451 750 1521 779 res
1554 738 1656 793 ipsa

190 796 325 840 fidem
353 798 472 841 fecit.
532 798 715 854 Quippe
746 799 875 855 hujus
910 801 1055 843 solius
1087 815 1174 856 ope
1206 804 1420 847 nonnulla
1450 805 1555 848 loca
1585 818 1655 847 re-

196 865 339 917 stitui,
387 879 506 921 quae,
556 868 727 922 absque
767 867 854 911 hac
888 869 1020 920 foret,
1063 870 1190 913 nulla
1219 870 1491 926 Conjectura
1532 886 1655 916 asse-

195 933 275 987 qui
307 939 476 988 posset.
533 934 612 977 Sic
644 935 808 979 Glauc.
828 936 967 979 Ated.
1001 938 1103 981 193.
1139 951 1222 993 pro
1250 939 1475 982 volventem
1506 941 1657 983 Parm.

194 1006 414 1057 tergentem
429 1020 446 1050 ,·
474 1002 596 1058 quod
613 1016 764 1046 verum
784 1008 865 1046 est.
924 1005 1065 1048 Herc.
1085 1006 1276 1049 Surrent.
1297 1009 1368 1050 16.
1389 1022 1470 1063 pro
1494 1007 1658 1050 Ducta-

190 1067 255 1110 vit
271 1067 449 1124 scopulos
468 1070 616 1113 Parm.
639 1070 797 1114 Divisit
810 1088 823 1113 .·
852 1076 898 1115 et
914 1072 1025 1116 ibid.
1047 1075 1148 1118 152.
1181 1088 1264 1130 pro
1294 1074 1485 1118 Addiscis
1505 1077 1655 1119 Parm.

194 1134 410 1183 Adsciseu
437 1139 555 1181 unde
587 1139 676 1183 feci
697 1140 916 1184 Adsciscis.
976 1142 1050 1185 Ita
1069 1156 1152 1198 pro
1169 1158 1286 1200 geres
1310 1146 1487 1186 restitui
1515 1152 1656 1200 pater,

194 1217 254 1248 ex
274 1205 523 1257 Parmensi,
543 1220 644 1262 quae
663 1208 797 1251 habet
811 1216 915 1265 getae
928 1225 941 1250 .·
991 1223 1076 1264 pro
1097 1224 1239 1252 raram
1259 1211 1448 1268 quietem,
1470 1226 1623 1254 navam
1643 1228 1657 1254 .·

192 1285 274 1328 pro
292 1271 444 1315 nitidas
462 1273 644 1330 speculas
673 1276 824 1320 Pax-m.
848 1277 960 1319 vides
976 1294 992 1323 ,·
1031 1279 1149 1322 unde
1175 1281 1261 1323 feci
1279 1278 1425 1338 vigiles
1439 1298 1452 1321 .-
1497 1295 1578 1337 pro
1592 1281 1659 1322 Ia·

193 1339 308 1382 betete
326 1355 453 1383 manu
470 1343 641 1385 restitui
661 1344 924 1400 trepidante.-
972 1359 1057 1402 pro
1075 1346 1184 1402 fissa
1222 1347 1346 1400 buxo,
1370 1348 1497 1406 foeda
1515 1365 1528 1390 .·
1573 1363 1657 1406 pro

197 1406 316 1464 Cyda
336 1408 454 1451 labor
471 1424 692 1468 nomenque
708 1411 822 1469 ficit,
843 1414 1029 1470 Epiced.
1049 1415 1174 1458 Patr.
1194 1416 1266 1458 94.
1288 1417 1389 1460 loco
1409 1419 1658 1472 notissimo,

194 1475 451 1520 Parmensis
475 1477 694 1521 Cidaliben
711 1495 934 1538 nomenque
947 1482 1049 1536 suit
1066 1500 1082 1529 ,-
1124 1485 1242 1527 unde
1261 1485 1364 1536 feci,
1388 1485 1504 1528 Cura
1529 1486 1657 1544 Lyre,

194 1557 418 1601 nomenque
434 1545 545 1601 fuit.
604 1547 790 1602 Epiced.
820 1551 952 1592 Puer.
978 1552 1038 1594 ad
1070 1552 1144 1593 fin.
1165 1566 1247 1607 pro
1283 1552 1486 1595 Eser-cere
1515 1569 1657 1611 genas,

196 1609 347 1654 Parm.
382 1611 614 1668 Excepere‚·
649 1615 769 1669 unde
795 1617 883 1659 feci
913 1616 1142 1673 Excepisse.
1203 1619 1293 1661 Hae
1332 1624 1435 1662 sunt
1467 1623 1657 1677 egregiae

195 1679 514 1731 restitutiones,
542 1682 647 1724 huic
681 1683 794 1726 libro
823 1685 1014 1729 debitae:
1061 1688 1188 1729 mitto
1208 1689 1376 1731 multas
1395 1690 1523 1741 alias,
1545 1705 1658 1745 quas

195 1759 277 1801 per
292 1750 435 1790 totum
454 1761 572 1804 opus
592 1763 772 1805 sparsas
802 1754 992 1796 videbis.
1051 1755 1188 1798 Liber
1213 1757 1312 1812 ipse
1342 1762 1412 1799 est
1440 1759 1486 1799 in
1511 1758 1659 1810 Folio,

193 1808 585 1868 (quemadmodum
595 1819 859 1876 loquuntur)
870 1822 1119 1865 charactere
1132 1824 1416 1876 nitidissimo,
1430 1830 1475 1867 et
1486 1827 1659 1881 opinor,

196 1880 255 1923 ad
291 1883 552 1938 scripturam
592 1885 809 1929 Codicum
844 1889 963 1931 unde
1001 1890 1237 1933 desumtus
1276 1898 1362 1943 est,
1399 1893 1659 1936 accedente.

196 1947 353 2004 Magni
371 1963 475 1993 eum
493 1952 599 1995 fecit
616 1954 861 1998 Heinsius:
906 1958 1075 2011 passim
1107 1959 1233 2010 citat,
1261 1963 1306 2000 et
1334 1973 1394 2001 ex
1426 1960 1505 2002 illo
1525 1960 1660 2004 Statii

195 2016 302 2060 loca
327 2019 547 2062 emendat.
607 2021 725 2064 Mihi
761 2023 848 2066 hoc
882 2026 1110 2080 praecipue
1147 2028 1328 2068 nomine
1368 2033 1518 2082 gratus
1555 2030 1658 2081 fuit,

197 2086 319 2139 quod
345 2087 461 2130 nulli
490 2092 622 2131 antea
651 2091 900 2143 Editorum,
938 2099 1152 2148 quantum
1184 2096 1307 2146 novi,
1338 2095 1453 2137 hunc
1488 2096 1659 2138 vidisse

198 2154 470 2207 contigerat:
513 2162 560 2198 et
579 2158 723 2212 magis
754 2161 983 2215 magisque
1010 2167 1181 2215 gratus,
1210 2167 1450 2217 postquam
1471 2163 1660 2218 Conjec-

197 2223 317 2263 tutas
335 2234 461 2264 meas
482 2225 540 2265 ab
560 2225 641 2266 illo
663 2227 946 2271 confirmatas
965 2231 1285 2284 comperissem
1302 2244 1314 2282 3
1346 2243 1479 2285 quam
1500 2233 1661 2286 volup-

198 2284 336 2330 tat'em
354 2291 507 2333 multis
524 2292 569 2333 in
593 2293 708 2335 locis
727 2296 845 2349 cepi.
903 2296 977 2338 Ad
997 2297 1130 2339 finem
1148 2298 1284 2352 hujus
1307 2297 1530 2340 Editionis
1551 2300 1661 2354 legi-

197 2358 267 2398 tur
284 2356 382 2399 haec
401 2359 617 2402 notabilis
636 2361 890 2419 Epigraphe
909 2377 921 2406 ε
964 2368 978 2387 ‘
999 2365 1055 2407 P.
1077 2366 1261 2420 Papinii
1282 2366 1416 2407 Statii
1434 2367 1549 2408 liber
1565 2372 1661 2422 qnt⁹

182 2418 411 2485 explicit:
442 2422 564 2490 quai]
581 2447 668 2477 non
688 2435 835 2480 desint
853 2438 932 2493 qui
951 2439 1088 2480 velint
1116 2439 1351 2494 epistolam
1378 2453 1480 2495 quae
1503 2442 1660 2482 scribi-

198 2498 270 2539 tur
286 2498 564 2544 Abascantio
586 2503 805 2546 Priscillae
829 2505 999 2548 Marito
1019 2519 1107 2548 non
1128 2520 1228 2550 esse
1246 2509 1510 2563 principium
1529 2510 1660 2564 quin-

200 2565 250 2616 ti,
271 2567 352 2608 sed
381 2569 690 2624 interpositam
710 2572 757 2613 in
784 2578 971 2627 quart03
1013 2578 1060 2615 et
1091 2574 1230 2617 silvas
1266 2575 1411 2616 solum
1441 2577 1484 2616 in
1519 2577 1659 2618 libros

202 2637 392 2694 quatuor
410 2650 510 2678 esse
531 2638 724 2680 divisas:
758 2640 878 2694 quod
898 2641 1076 2694 quidem
1096 2646 1298 2684 constare
1312 2642 1492 2683 videtur
1510 2657 1568 2684 ex
1588 2644 1658 2685 his

202 2695 348 2744 verbis
374 2704 547 2758 poetae:
589 2705 740 2757 Quare
761 2708 889 2762 plura
921 2710 966 2750 in
1000 2709 1171 2760 Quarto
1204 2711 1424 2752 Silvarum
1461 2725 1594 2766 quam
1615 2713 1660 2752 in

287 2769 403 2810 Delph.
418 2775 450 2803 et
469 2772 543 2804 Ver.
557 2773 642 2805 Clas.
914 2775 999 2807 Stat.
1543 2779 1570 2809 B
