1800 3060
596 202 872 234 svnvsnum
908 201 1003 231 mn.
1025 200 1078 232 11.
1108 190 1149 231 1.

140 297 281 341 Nulla
298 308 422 338 soror
439 295 645 345 flammis,
665 295 788 337 nulla
807 294 1142 348 assurgentibus
1163 293 1314 348 hydris

1505 192 1593 234 211

1504 295 1591 338 185

138 364 358 407 Terrebit:
389 363 497 417 quin
511 363 609 416 ipse
628 363 773 406 avidae
795 367 900 404 trux
918 362 1075 403 navita
1089 362 1258 415 cymbae

141 430 324 474 Interius
342 429 512 472 steriles
532 429 668 483 ripas,
682 432 725 471 et
743 429 901 471 adusta
925 429 1094 470 subibit

138 497 323 547 littora,
340 508 396 537 ne
414 508 549 550 puero
568 495 679 537 dura
698 495 955 538 ascendisse
975 495 1187 538 facultas.

139 563 262 615 Quid
280 562 386 605 mihi
405 563 614 616 gaudenti
634 563 781 617 proles
801 562 1003 617 Cyllenia
1022 562 1150 616 virga

137 631 361 674 Nuntiat?
390 635 516 671 estne
537 629 707 683 aliquid
723 634 814 672 tam
833 642 956 671 saevo
975 629 1020 670 in
1036 633 1234 682 tempore
1253 628 1406 672 laetum
1421 630 1441 670 ‘l
1502 630 1587 674 190

138 697 337 740 Noverat
354 696 553 750 effigiem,
571 697 866 750 generosique
887 695 1027 738 ardua
1047 695 1186 738 Blaesi

139 764 230 806 Ora
248 777 369 818 puer,
387 763 489 805 dum
509 776 633 816 saepe
649 763 769 805 domi
783 775 903 805 nova
922 768 1045 805 serta
1063 763 1274 816 ligantem

136 831 204 873 Te
222 830 356 882 videt,
377 835 422 872 et
442 830 611 872 similes
630 834 862 884 tergentem
883 835 1065 885 pectore
1085 843 1228 872 curas.

135 945 242 978 Fannia
255 945 411 978 terrebunt
422 945 652 985 illumsocibiu,
665 949 720 976 sut
729 945 839 977 erectis
851 944 1006 984 anguibus
1014 954 1025 974 .·
1047 943 1122 984 quin
1132 943 1197 985 ipse
1210 941 1361 991 terribilis
1368 944 1466 974 nanto
1480 950 1584 972 uvaroe

135 988 251 1030 cymba
267 988 398 1020 §ambit
414 988 540 1029 propias
560 988 731 1026 insoecunda
753 988 874 1026 littora,
897 990 928 1018 et
951 990 1050 1017 tostus
1071 987 1158 1026 ripas

1161 1011 1168 1022 ,
1183 995 1220 1016 ne
1236 986 1269 1015 di
1348 985 1355 991 '
1383 985 1427 1016 sit
1441 993 1584 1015 asceam

133 1040 237 1072 puero.
282 1031 368 1066 Quid
379 1030 496 1062 soboles
512 1031 654 1072 Cyllenia
667 1030 743 1061 milti
758 1031 883 1061 nuntiat
897 1031 967 1060 laeto
982 1029 1109 1059 caduceo
1119 1032 1132 1059 ?
1155 1029 1253 1058 Estne
1266 1027 1386 1067 aliquid
1397 1027 1534 1066 jucundi
1549 1025 1584 1057 in

134 1077 201 1105 tm
212 1072 319 1106 acerbo
332 1076 486 1114 tenpore?
508 1073 619 1111 Infans
631 1076 759 1103 nomae
774 1072 941 1111 imaginem
953 1074 983 1102 et
997 1071 1110 1102 celsum
1131 1071 1249 1102 cultum
1264 1070 1366 1108 sortis
1381 1069 1495 1107 Bloesi,
1508 1070 1583 1099 dum

133 1125 215 1157 sape
227 1115 310 1147 domi
321 1114 443 1147 viderat
455 1119 487 1147 te
500 1125 567 1147 eum
581 1115 670 1146 novis
682 1115 778 1146 sertis
791 1117 998 1150 coronantem,
1021 1118 1052 1145 et
1075 1123 1143 1145 eum
1163 1114 1235 1154 pm·
1254 1122 1291 1144 nc
1312 1122 1346 1143 se
1360 1121 1466 1143 umore
1478 1120 1583 1152 prose·

750 1196 990 1209 mmm

135 1263 214 1286 un.
257 1253 375 1286 Lectio
390 1257 508 1286 nostra
527 1257 582 1285 est
595 1263 638 1285 ex
650 1252 864 1285 correctione
881 1250 1198 1283 Marklandi.-1so
1221 1249 1319 1282 Rom.
1334 1248 1436 1280 avide
1447 1248 1515 1279 dux
1529 1256 1586 1278 n«-

135 1297 203 1328 m'te
213 1295 447 1338 cymba—19³
470 1296 585 1327 Parin.
601 1300 637 1327 et
653 1296 793 1327 Venett.
815 1298 847 1326 et
862 1294 979 1325 similes
1003 1297 1175 1333 tergentem
1195 1296 1319 1333 pectore
1332 1300 1435 1323 curas.
1478 1292 1489 1308 ⁸
1507 1289 1587 1320 Hoc

134 1345 187 1370 est
200 1337 457 1380 detergentem;
473 1342 634 1380 tanquam
649 1343 742 1370 serta
755 1338 814 1368 illa
829 1338 864 1368 in
877 1336 1003 1368 doloris
1018 1337 1177 1367 solatium
1191 1335 1351 1376 ligentur.
1389 1334 1448 1366 Sic
1466 1332 1586 1373 primm

136 1380 214 1413 edd.
229 1389 292 1413 nec
306 1380 430 1413 mutari
443 1381 561 1413 debuit
581 1382 635 1412 in:
657 1382 828 1414 volventem
851 1382 974 1420 pectore
987 1377 1101 1411 curas!
1147 1377 1270 1410 Heius.
1285 1377 1432 1408 Advers.
1449 1375 1509 1408 lib.
1526 1382 1586 1407 111.

787 1463 930 1497 NOTAE

178 1532 240 1562 185
261 1530 359 1562 Nulla
372 1539 459 1562 soror
463 1530 618 1572 flammis,
630 1530 714 1561 nulla
727 1539 829 1561 emr-

885 1528 1004 1560 video:
1028 1526 1222 1568 Virginium
1234 1525 1371 1568 cogito:
1395 1523 1588 1566 Virginium

133 1579 282 1620 gentio-u
291 1580 414 1622 hydris]
437 1580 554 1612 Furias
569 1579 741 1621 intelligit,
754 1589 829 1621 quae
877 1576 950 1618 jam
968 1578 1060 1608 vanis
1084 1575 1299 1616 imaginibus,
1316 1574 1514 1606 recentibus
1537 1577 1589 1605 ta-

136 1628 230 1662 faee-
251 1629 287 1662 in
313 1629 466 1661 mnibus
491 1629 627 1670 habent,
646 1634 682 1660 et
703 1638 830 1670 angues

137 1689 201 1721 pro
215 1679 392 1721 capillitio.

180 1731 244 1762 186
262 1729 374 1760 Avidoe
387 1732 464 1760 trux
472 1729 580 1760 nonita
589 1727 721 1771 cymba]
744 1727 831 1760 cha·

135 1787 210 1811 ron.
229 1778 478 1820 Avidoeeymboe]
494 1779 584 1812 Quia
594 1787 710 1810 omnes
722 1783 831 1811 trans-

135 1827 245 1861 mittit
258 1828 294 1861 in
307 1827 454 1860 Inferos.
612 1851 614 1853 v

179 1881 242 1912 1⁸⁷
264 1878 397 1911 &eriles
421 1878 523 1920 ripas]
550 1878 644 1910 Nihil
672 1878 762 1911 enim
796 1879 830 1910 in

136 1927 260 1960 Inferis
279 1929 439 1970 gignitur.
468 1928 595 1961 Adusta
610 1928 750 1969 Littera]
774 1929 830 1961 Ob

136 1977 512 2020 pyriphlegethontem,
527 1979 585 2020 qui
599 1978 758 2011 ardentes
774 1989 831 2011 un-

138 2027 199 2059 das
214 2028 350 2059 volvere
366 2027 503 2060 dicitur.

184 2080 244 2109 189
266 2078 376 2109 Ptoles
402 2077 559 2119 Cyllenia]
579 2079 773 2111 Mercurius
798 2080 832 2111 in

138 2127 279 2168 Cyllene
288 2131 404 2159 monte
415 2126 573 2159 Arcadiae
585 2128 732 2169 genitus.
761 2129 833 2160 Vir-

135 2176 197 2218 ga]
224 2177 366 2217 virgam
401 2177 491 2208 enim
526 2176 596 2209 fert
628 2178 832 2211 Mercurius.

138 2225 228 2258 Vide
242 2226 350 2259 Theb.
365 2236 392 2258 1.
406 2229 481 2259 ³⁰6.

182 2278 240 2308 191
278 2276 438 2318 Effigiem]
473 2277 620 2309 Veteres
655 2276 831 2309 defuncto-

138 2335 212 2358 rum
225 2326 288 2358 sibi
302 2335 457 2359 euroram
470 2326 634 2367 imagines
659 2327 782 2358 amoris
797 2331 834 2358 et

137 2377 310 2409 memorias
338 2386 418 2418 ergo
453 2376 518 2408 sibi
546 2376 622 2408 fieri
654 2377 833 2418 curabant,

136 2426 386 2469 servabantque
405 2426 508 2467 domi,
523 2431 558 2459 et
575 2426 716 2459 floribus
737 2437 835 2460 coro-

137 2476 256 2518 nisque
280 2476 458 2510 ornabant.
503 2477 571 2510 Qui
593 2478 704 2510 cultus
719 2478 831 2509 Mani·

138 2534 195 2557 nm
205 2529 282 2558 erat
291 2526 497 2558 notissimus.
540 2526 693 2558 Seneca:
717 2528 727 2544 ‘
745 2528 832 2559 Ima-

138 2575 232 2616 ‘ines
245 2575 339 2608 nobis
354 2577 536 2608 amicorum
553 2576 718 2617 juenndae
740 2582 831 2617 sunt,

139 2633 216 2666 qne
230 2626 425 2658 memoriam
449 2630 626 2667 renovant,
641 2632 678 2659 et
700 2626 832 2658 deside-

141 2673 227 2705 rium
247 2675 409 2707 absentiae
434 2675 522 2708 falso
543 2686 583 2708 ac
597 2677 688 2708 inani
710 2678 832 2709 solatio

139 2721 276 2756 levant:
313 2724 444 2757 Plinius
457 2725 515 2758 lib.
530 2726 593 2768 Ep.
618 2728 628 2744 ‘
641 2727 832 2769 virginium

884 1636 975 1665 meu,
992 1626 1106 1666 audio,
1122 1626 1291 1667 alloquor,
1305 1623 1432 1657 teneo!
1456 1622 1586 1663 Ardua]

885 1677 975 1710 Quia
991 1675 1082 1709 forte
1098 1676 1232 1707 Blaesus
1246 1676 1328 1707 altae
1343 1678 1419 1706 erat
1429 1678 1588 1712 staturae,

885 1728 938 1758 vel
954 1727 1034 1769 quia
1048 1727 1082 1758 in
1100 1727 1171 1758 alto
1193 1727 1270 1758 loco
1294 1724 1406 1766 posita
1427 1724 1498 1764 ejus
1514 1722 1587 1754 effi-

885 1777 968 1818 gies.
1012 1776 1132 1816 Bloesi]
1162 1775 1265 1807 Hunc
1292 1775 1441 1806 Blaesum
1468 1774 1588 1805 volunt

883 1827 1091 1867 interpretes
1102 1824 1204 1857 fuisse
1218 1834 1359 1866 puerum
1373 1833 1473 1865 quem
1486 1824 1588 1856 unice

884 1876 1053 1918 diligebat
1086 1876 1226 1907 Melior.
1270 1874 1339 1906 Sed
1381 1883 1451 1904 non
1483 1872 1587 1904 facile

884 1927 966 1958 milii
990 1925 1217 1967 persuaserim
1237 1925 1327 1956 bunc
1356 1924 1507 1955 Blaesum
1533 1921 1588 1955 fu-

885 1978 951 2008 isse
986 1977 1147 2007 libertum
1177 1975 1346 2014 Melioris,
1375 1973 1435 2005 sed
1473 1973 1586 2014 potins

886 2027 1029 2060 amicum
1045 2026 1274 2058 carissimum:
1300 2034 1377 2056 nam
1400 2024 1495 2054 illum
1520 2025 1586 2055 Ps-

887 2077 998 2118 pinius
1018 2075 1108 2107 infra
1130 2075 1263 2106 inducit
1289 2074 1517 2106 ambulantem
1534 2073 1587 2104 in-

887 2131 942 2158 ter
954 2134 1112 2167 proceres
1130 2126 1310 2165 Romanos,
1319 2129 1356 2155 et
1365 2124 1487 2155 seriem
1503 2124 1587 2156 Qui-

886 2176 971 2215 rini;
1003 2174 1095 2216 quod
1121 2175 1164 2206 de
1195 2175 1320 2206 liberto
1346 2183 1414 2204 non
1444 2172 1588 2205 dixisset

887 2227 1055 2267 Papinius
1096 2226 1214 2258 decori
1258 2224 1585 2256 observantissimus.

888 2277 987 2308 Adde
1014 2276 1104 2318 quod
1126 2276 1314 2317 epithetum
1339 2274 1422 2306 illud
1442 2275 1588 2314 ἕρπει-οη·

884 2332 1055 2368 repugnat
1090 2328 1168 2359 huic
1206 2326 1347 2359 notioni.
1390 2326 1496 2358 Forte
1531 2330 1588 2358 est

884 2378 943 2408 ille
964 2377 1089 2410 Junius
1105 2378 1253 2417 Blaesus,
1271 2386 1372 2418 quem
1385 2377 1585 2418 occidijus-

885 2427 930 2459 sit
943 2428 1114 2459 Vitellius.
1138 2427 1287 2459 Consule
1298 2427 1466 2459 Tacitum.
1491 2428 1585 2468 Lege

886 2476 920 2507 M
928 2477 1039 2508 artial.
1055 2477 1113 2508 lib.
1130 2486 1211 2509 vrn-
1234 2478 1353 2519 Epigr.
1375 2480 1429 2510 38.
1445 2477 1488 2509 ad
1509 2477 1586 2508 Me·

883 2526 1018 2566 liorem,
1031 2527 1064 2557 in
1080 2537 1146 2568 quo
1161 2527 1312 2559 celebrat
1326 2527 1402 2568 ejus
1417 2527 1585 2569 pietatem

886 2577 920 2608 in
936 2578 1099 2610 Blaesum.

930 2630 992 2659 193
1016 2627 1143 2659 Similes
1155 2627 1262 2668 cums]
1282 2628 1325 2659 Id
1351 2632 1417 2667 est,
1439 2626 1584 2658 similem

886 2675 1061 2718 affectum,
1084 2678 1226 2709 similem
1254 2686 1417 2715 amorem,
1442 2685 1511 2716 quo
1534 2685 1583 2715 se,

886 2727 1020 2759 seilicet
1065 2727 1257 2768 Glauciam,
1303 2725 1584 2768 prosequebatur.
