1800 3060
221 202 306 244 326

719 216 760 247 P.
795 216 983 247 PAPlNll
1019 217 1183 249 STATII

219 309 360 365 Inque
380 310 597 353 hominem
618 312 806 354 surrexit
823 312 977 368 hyems
995 326 1006 355 z
1030 319 1136 356 tunc
1156 315 1309 357 nubila
1330 315 1494 367 Pleias,

223 378 516 434 Oleniumque
539 392 700 434 pecus:
733 382 868 423 solito
890 387 992 424 tunc
1013 381 1140 437 pejor
1162 382 1318 425 Orion.

216 446 245 488 J
250 452 350 488 usta
370 461 555 502 queror:
594 448 705 503 fugit
724 462 830 491 ecce
852 463 990 504 vagas
1010 451 1117 493 ratis
1139 454 1239 494 aeta
1260 465 1339 506 per
1359 452 1503 494 undas

217 514 447 557 Paulatim
468 517 623 568 minor,
644 520 689 559 et
709 518 840 572 longe
862 520 1090 561 servantia
1107 520 1244 564 vincit

217 583 422 634 Lumina,
445 587 508 626 tot
529 585 682 638 gracili
702 586 824 641 ligno
840 588 1077 642 complexa
1096 588 1287 638 timores,

1616 588 1673 631 80

215 651 370 706 Teque
390 664 526 706 super
541 653 747 708 reliquos,
770 659 829 707 te,
849 655 990 697 nostri
1008 656 1168 710 pignus
1191 657 1358 699 amoris

216 722 471 776 Portatura‚
494 723 648 766 Celer:
680 736 793 778 quos
807 737 926 766 nunc
944 737 1027 778 ego
1046 728 1223 779 pectore
1246 738 1442 775 somnos,

214 792 402 844 Quosve
423 806 582 848 queam
599 792 794 846 perferre
813 793 940 834 dies'l
972 793 1073 847 quis
1094 796 1255 835 cuncta
1275 794 1458 848 paventi

215 859 427 912 Nuntius,
449 874 506 903 an
521 861 647 903 facili
666 865 711 903 te
733 860 1062 915 praetermiserit
1082 860 1198 902 unda

217 928 391 971 Lucani
407 929 564 972 rabida
586 942 666 971 ora
686 928 848 971 maris?
878 941 985 971 num
1007 933 1134 970 torva
1156 927 1403 983 Charybdis

1614 928 1671 971 85

211 1057 360 1086 rexerunt
376 1055 408 1086 in
425 1055 589 1087 hominem.
633 1054 719 1087 Tunc
734 1054 853 1093 Pleias,
874 1053 1014 1095 haedique
1032 1053 1138 1086 Olenii
1152 1052 1330 1086 excitarunt
1344 1056 1549 1095 tempestates.
1586 1053 1671 1086 Tunc

215 1097 315 1129 Orion
329 1098 420 1130 solito
437 1099 508 1138 fuit
530 1099 711 1138 malignior.
755 1097 874 1129 Merito
889 1106 1010 1138 queror.
1054 1098 1134 1129 Ecce
1158 1097 1246 1128 navis
1270 1097 1352 1129 volat
1381 1097 1469 1138 pulsa
1493 1107 1549 1138 per
1572 1106 1672 1137 vagas

211 1149 319 1180 aquas,
337 1142 492 1182 paulatim
505 1143 681 1174 decrescens
694 1140 776 1180 visu,
790 1151 827 1172 ac
840 1140 931 1180 longe
947 1140 1104 1182 effugiens
1117 1141 1212 1172 lassat
1225 1143 1398 1181 spectantes
1413 1140 1525 1179 oculos,
1539 1143 1586 1172 lot
1599 1150 1670 1172 con·

212 1183 314 1215 tineus
342 1187 441 1216 metus
469 1184 501 1216 in
526 1185 611 1216 tenui
636 1186 733 1225 ligno,
757 1187 787 1215 et
808 1187 926 1225 proeter
948 1186 1064 1215 ceteros
1085 1186 1210 1215 vectura
1225 1187 1269 1223 te,
1299 1183 1400 1224 Celer,
1423 1183 1539 1224 pignus
1554 1185 1669 1214 nostroe

211 1226 371 1260 nnzn‘citioe.
418 1227 518 1264 Quem
533 1238 612 1259 nunc
625 1238 682 1268 ego
697 1237 834 1259 somnum
846 1228 950 1258 animo
973 1236 1078 1268 capere
1094 1226 1221 1268 passim,
1246 1236 1319 1267 quos
1341 1226 1406 1258 dies
1427 1227 1580 1258 tolerare?
1613 1225 1670 1258 Me

212 1271 314 1301 omnia
330 1271 471 1308 timente,
486 1272 555 1313 quis
569 1270 740 1311 nuntiabit,
755 1281 796 1302 an
801 1270 929 1310 furiosa
943 1280 997 1301 ora
1009 1269 1130 1302 Lucani
1144 1269 1241 1301 maris
1255 1273 1286 1301 te
1297 1269 1534 1312 proetervexerit
1546 1269 1670 1311 placida

825 1366 864 1379 00
867 1366 1064 1378 eone-000„

210 1434 435 1467 Marklandus
452 1444 514 1476 pro
527 1433 770 1466 Ameana—80
785 1434 949 1466 Heinsius
965 1433 1007 1465 ad
1020 1431 1122 1466 Ovid.
1137 1431 1242 1464 Pont.
1257 1441 1283 1464 ι.
1299 1433 1350 1463 10.
1365 1434 1418 1464 39.
1435 1435 1512 1472 post
1525 1430 1667 1463 citatum

209 1478 300 1510 hunc
324 1478 449 1517 locum,
472 1480 481 1496 ‘
495 1477 730 1517 Praestiterit,'
744 1478 866 1519 inquit,
893 1476 1062 1509 ‘fortasse
1076 1476 1194 1516 fragili
1211 1485 1311 1517 quam
1325 1476 1452 1514 gracili,
1475 1475 1565 1516 quod
1581 1483 1672 1506 nuuc

209 1521 469 1554 circumfertur:
487 1532 563 1553 cnm
579 1522 630 1553 liae
647 1520 725 1553 duae
742 1531 843 1552 voces
859 1521 1050 1562 promiscue
1066 1520 1099 1550 in
1117 1519 1262 1551 vetustis
1278 1519 1380 1551 codd.
1396 1516 1666 1550 confundantur:

208 1575 402 1608 quanquam
428 1571 465 1596 et
491 1565 662 1606 scriptura
683 1565 824 1605 vulgata
846 1564 930 1596 satis
955 1562 1133 1595 commode
1153 1572 1189 1594 se
1210 1561 1335 1593 habet?
1378 1560 1432 1593 ef.
1450 1561 1536 1592 Hor.
1553 1569 1578 1594 ι.
1594 1559 1665 1593 od.

208 1610 240 1640 3.
265 1611 402 1641 10.-81
429 1609 557 1649 Quaque
581 1617 674 1649 super·
698 1607 832 1648 reliquos
857 1610 900 1647 te,
923 1609 977 1648 isc.
999 1606 1114 1637 Parm.
1162 1606 1322 1646 Quamque
1334 1614 1428 1646 super
1440 1604 1574 1645 reliquos
1587 1607 1617 1635 et
1631 1603 1666 1635 in

208 1651 277 1683 suis
292 1652 393 1683 codd.
419 1651 552 1683 invenit
566 1650 741 1683 Domitius
758 1650 982 1690 Calderinus3
1006 1649 1097 1680 unde
1114 1649 1171 1680 ille
1185 1659 1194 1680 ε
1220 1649 1356 1688 Quaeque
1369 1657 1462 1688 super·
1475 1647 1608 1688 reliquos
1621 1650 1666 1685 te,

207 1695 263 1734 ᾄτ.
287 1695 296 1713 ‘
311 1695 423 1728 Quem
450 1700 587 1727 secutus
612 1694 734 1726 merito
758 1693 891 1733 Aldus;
914 1697 1042 1724 secutae
1070 1697 1150 1723 sunt
1176 1695 1212 1723 et
1236 1696 1362 1723 ceterae
1390 1691 1559 1722 editiones
1574 1699 1665 1722 nunc

208 1743 343 1770 veteres
359 1742 396 1770 et
411 1747 519 1770 novae.
563 1737 678 1769 Possis
694 1736 841 1769 faciliori
855 1745 1010 1768 sermone
1025 1736 1139 1776 legere
1154 1745 1162 1766 ε
1184 1744 1276 1775 super·
1289 1735 1434 1776 reliquas,
1455 1743 1525 1775 prae
1541 1733 1665 1766 ceteris

206 1780 371 1813 navibus!
393 1781 508 1813 Barth.
556 1781 658 1822 Teque
682 1789 774 1821 super
795 1780 928 1820 reliquos
952 1783 1004 1811 est
1026 1778 1195 1810 correctio
1210 1777 1502 1809 Marklandi.—84
1527 1776 1667 1808 Nunciet

207 1823 311 1856 Aldd.
327 1824 437 1857 Colin.
454 1824 588 1866 Gryph.
605 1828 670 1855 dcc.
696 1823 836 1855 Nuncius
858 1823 1009 1854 Floreut.
1037 1822 1134 1853 Rom.
1161 1826 1198 1852 et
1213 1821 1339 1852 venet.
1355 1823 1388 1852 2.
1406 1819 1496 1860 duod
1513 1819 1665 1860 reposuit

207 1867 414 1900 Gronovius.
450 1867 520 1899 Pro
526 1867 623 1906 facili
639 1866 967 1905 Parm.sacilis.-85
984 1865 1055 1897 Pro
1070 1868 1159 1896 torta
1175 1863 1350 1906 Charybdis
1365 1863 1486 1896 Heins-
1501 1862 1543 1894 ad
1561 1862 1664 1895 Ovid.

865 1953 1007 1986 NOTAE

234 2023 276 2052 76
292 2019 416 2060 Pleias]
429 2019 557 2059 Pleias,
570 2028 630 2050 seu
643 2018 817 2058 Pleiades,
830 2019 909 2050 stel-

204 2073 247 2104 1ae
279 2073 313 2103 in
340 2072 467 2111 Tauro,
498 2070 590 2102 sidus
628 2073 907 2112 tempestuosum.

205 2124 296 2156 Vide
310 2123 417 2156 Theb.
433 2132 458 2155 1.
474 2125 528 2154 26.

247 2178 290 2207 77
316 2174 518 2214 Oleniumque
531 2171 637 2214 pecus]
660 2171 834 2213 Capellam
855 2170 905 2202 in-

202 2227 289 2267 nuit,
324 2226 415 2258 sidus
449 2227 728 2265 tempestuosum.
762 2222 907 2254 Olenium

202 2278 343 2316 dicitur,
370 2277 450 2318 quia
474 2285 578 2316 capra
602 2274 805 2314 Amalfiraea,
829 2283 905 2315 quae

200 2328 324 2362 Jovem
340 2326 500 2359 uberibus
518 2327 642 2358 aluisse
654 2325 782 2357 dicitur
797 2333 906 2366 prope

204 2379 354 2411 Olenum
373 2378 512 2410 Achaiae
528 2365 705 2419 oppidum,
720 2377 754 2407 in
774 2376 837 2408 hoe
862 2376 906 2407 si-

198 2431 264 2462 dus
294 2438 461 2461 conversa
487 2433 552 2461 est.
595 2427 685 2459 Vide
711 2427 820 2459 Theb.
847 2435 905 2459 ιιι.

201 2484 255 2513 25.
281 2479 395 2520 orion]
433 2479 535 2511 Sidus
562 2478 665 2510 etiam
696 2482 903 2519 tempestuo-

201 2542 286 2565 sum.
330 2530 421 2562 Vide
435 2529 542 2561 Theb.
559 2537 624 2560 vn.

243 2586 286 2615 ⁷9
309 2581 470 2614 Paulatim
497 2580 613 2620 minor]
636 2581 689 2612 Ea
709 2579 812 2620 enim,
826 2589 903 2622 quae

202 2634 370 2667 recedunt
384 2643 403 2664 a
419 2636 537 2664 nostro
555 2632 640 2669 visu,
657 2631 820 2672 paulatim
845 2630 903 2662 mi·

201 2695 284 2716 nora
299 2689 480 2726 apparent,
494 2681 573 2724 quia
588 2682 650 2712 sub
663 2682 848 2713 minoribus
864 2691 903 2713 ae

201 2734 390 2768 minoribus
403 2741 541 2774 semper
555 2731 684 2772 angulis
702 2732 872 2763 videntur.

246 2789 288 2818 80
314 2786 374 2818 Tot
390 2784 530 2826 timores]
555 2782 613 2815 Ob
636 2782 729 2814 varia
751 2782 904 2824 pericula

964 2018 1084 2060 quibus
1099 2017 1300 2058 navigantes
1315 2021 1546 2058 exponuntur.

1006 2072 1046 2100 81
1071 2069 1173 2110 Teque
1186 2068 1357 2111 [Quoeque]
1381 2068 1668 2112 Corrige,Teque,·

964 2131 1029 2152 una
1045 2121 1133 2152 enim
1149 2125 1186 2152 et
1208 2120 1278 2152 sola
1303 2120 1396 2152 navis
1412 2125 1479 2162 est,
1500 2116 1566 2153 uon
1589 2123 1662 2164 plu·

962 2181 1031 2204 res.

1004 2226 1046 2255 82
1085 2224 1170 2260 Quos
1194 2233 1275 2254 nunc
1299 2234 1357 2264 ego
1381 2226 1506 2265 pectore
1532 2234 1663 2266 somnos,

964 2274 1085 2310 Quosve
1099 2285 1207 2316 queam
1231 2274 1373 2316 perferre
1395 2274 1478 2316 dies]
1506 2273 1661 2307 Effectus

961 2325 994 2356 hi
1010 2326 1192 2357 anxietatis
1210 2335 1362 2367 summae,
1377 2335 1416 2358 ac
1433 2326 1574 2358 timoris.

1001 2379 1043 2408 84
1069 2377 1224 2418 Nuntius]
1247 2378 1353 2409 Bene.
1381 2378 1515 2410 Nuntiet
1533 2378 1660 2410 habent

958 2427 1089 2468 priores
1105 2427 1284 2460 editiones,

1000 2479 1040 2508 85
1066 2477 1189 2508 Lucani
1212 2477 1322 2509 rabida
1343 2488 1398 2510 ora
1422 2478 1533 2519 maris]
1558 2478 1655 2510 Mare

958 2527 1048 2558 enini
1060 2527 1103 2559 ad
1115 2537 1207 2559 oram
1217 2529 1375 2560 Lucaniae
1388 2530 1534 2570 regionis
1547 2529 1657 2563 Italiae

960 2582 1226 2618 tempestuosum
1238 2582 1302 2611 est.
1329 2579 1516 2622 Charybdis]
1534 2580 1654 2613 Po’e'tae

958 2628 1130 2661 finxerunt
1148 2639 1223 2661 esse
1243 2630 1448 2672 Charybdim
1470 2636 1658 2665 monstrum

959 2682 1126 2725 quoddam
1150 2683 1185 2714 in
1211 2682 1299 2715 freto
1326 2684 1544 2724 Mamertino,
1567 2685 1657 2727 quod

961 2738 1014 2764 ter
1030 2732 1228 2765 absorberet
1246 2738 1365 2775 terque
1389 2739 1468 2775 post
1483 2739 1658 2768 eructaret

958 2782 1083 2815 fluctus
1109 2783 1224 2816 maris.
1269 2784 1357 2816 Vide
1382 2783 1504 2826 virgil.
1526 2785 1656 2818 AEueid.
