<?xml version="1.0" encoding="UTF-8"?>
<!DOCTYPE html PUBLIC "-//W3C//DTD XHTML 1.0 Transitional//EN"
    "http://www.w3.org/TR/xhtml1/DTD/xhtml1-transitional.dtd">
<html xmlns="http://www.w3.org/1999/xhtml" xml:lang="en" lang="en">
 <head>
  <title>
</title>
<meta http-equiv="Content-Type" content="text/html;charset=utf-8" />
  <meta name='ocr-system' content='tesseract 3.04.00' />
  <meta name='ocr-capabilities' content='ocr_page ocr_carea ocr_par ocr_line ocrx_word'/>
</head>
<body>
  <div class='ocr_page' id='page_1' title='image "./operaomniaexedit01statuoft/operaomniaexedit01statuoft_0150.png"; bbox 0 0 1800 3060; ppageno 0'>
   <div class='ocr_carea' id='block_1_1' title="bbox 199 181 1159 223">
    <p class='ocr_par' dir='ltr' id='par_1_1' title="bbox 199 181 1159 223">
     <span class='ocr_line' id='line_1_1' title="bbox 199 181 1159 223; baseline -0.004 0"><span class='ocrx_word' id='word_1_1' title='bbox 199 181 281 223; x_wconf 79' lang='lat'><strong>140</strong></span> <span class='ocrx_word' id='word_1_2' title='bbox 689 189 730 219; x_wconf 82' lang='lat' dir='ltr'><strong>P.</strong></span> <span class='ocrx_word' id='word_1_3' title='bbox 763 188 957 220; x_wconf 74' lang='lat' dir='ltr'><strong>PArmu</strong></span> <span class='ocrx_word' id='word_1_4' title='bbox 991 187 1159 220; x_wconf 68' lang='lat' dir='ltr'><strong>s‘rA&#39;rn</strong></span> 
     </span>
    </p>
   </div>
   <div class='ocr_carea' id='block_1_2' title="bbox 194 283 1355 542">
    <p class='ocr_par' dir='ltr' id='par_1_2' title="bbox 194 283 1355 473">
     <span class='ocr_line' id='line_1_2' title="bbox 195 283 1355 338; baseline -0.003 -10"><span class='ocrx_word' id='word_1_5' title='bbox 195 286 287 328; x_wconf 90' lang='lat' dir='ltr'><strong>Seu</strong></span> <span class='ocrx_word' id='word_1_6' title='bbox 304 284 388 327; x_wconf 87' lang='lat' dir='ltr'><strong>tibi</strong></span> <span class='ocrx_word' id='word_1_7' title='bbox 407 283 655 326; x_wconf 86' lang='lat' dir='ltr'><strong>Pindaricis</strong></span> <span class='ocrx_word' id='word_1_8' title='bbox 674 285 848 327; x_wconf 83' lang='lat' dir='ltr'><strong>animus</strong></span> <span class='ocrx_word' id='word_1_9' title='bbox 869 284 1131 327; x_wconf 87' lang='lat' dir='ltr'><strong>contendere</strong></span> <span class='ocrx_word' id='word_1_10' title='bbox 1153 283 1355 338; x_wconf 85' lang='lat' dir='ltr'><strong>plectris,</strong></span> 
     </span>
     <span class='ocr_line' id='line_1_3' title="bbox 194 351 1184 407; baseline -0.003 -11"><span class='ocrx_word' id='word_1_11' title='bbox 194 355 301 396; x_wconf 89' lang='lat' dir='ltr'><strong>Sive</strong></span> <span class='ocrx_word' id='word_1_12' title='bbox 322 353 481 407; x_wconf 85' lang='lat' dir='ltr'><strong>chelyn</strong></span> <span class='ocrx_word' id='word_1_13' title='bbox 500 351 634 394; x_wconf 85' lang='lat' dir='ltr'><strong>tollas</strong></span> <span class='ocrx_word' id='word_1_14' title='bbox 653 351 793 394; x_wconf 84' lang='lat' dir='ltr'><strong>heroa</strong></span> <span class='ocrx_word' id='word_1_15' title='bbox 813 353 872 395; x_wconf 84' lang='lat' dir='ltr'><strong>ad</strong></span> <span class='ocrx_word' id='word_1_16' title='bbox 889 354 1064 403; x_wconf 87' lang='lat' dir='ltr'><strong>robora,</strong></span> <span class='ocrx_word' id='word_1_17' title='bbox 1087 352 1184 394; x_wconf 88' lang='lat' dir='ltr'><strong>sive</strong></span> 
     </span>
     <span class='ocr_line' id='line_1_4' title="bbox 194 420 1195 473; baseline -0.004 -9"><span class='ocrx_word' id='word_1_18' title='bbox 194 421 425 464; x_wconf 83' lang='lat' dir='ltr'><strong>Liventem</strong></span> <span class='ocrx_word' id='word_1_19' title='bbox 447 420 639 462; x_wconf 84' lang='lat' dir='ltr'><strong>Satiram</strong></span> <span class='ocrx_word' id='word_1_20' title='bbox 659 420 783 473; x_wconf 87' lang='lat' dir='ltr'><strong>nigra</strong></span> <span class='ocrx_word' id='word_1_21' title='bbox 804 420 1004 473; x_wconf 81' lang='lat' dir='ltr'><strong>rubigine</strong></span> <span class='ocrx_word' id='word_1_22' title='bbox 1023 420 1195 461; x_wconf 85' lang='lat' dir='ltr'><strong>turbes:</strong></span> 
     </span>
    </p>

    <p class='ocr_par' dir='ltr' id='par_1_3' title="bbox 194 487 1282 542">
     <span class='ocr_line' id='line_1_5' title="bbox 194 487 1282 542; baseline -0.003 -11"><span class='ocrx_word' id='word_1_23' title='bbox 194 490 288 531; x_wconf 89' lang='lat' dir='ltr'><strong>Seu</strong></span> <span class='ocrx_word' id='word_1_24' title='bbox 309 489 390 531; x_wconf 84' lang='lat' dir='ltr'><strong>tibi</strong></span> <span class='ocrx_word' id='word_1_25' title='bbox 409 501 500 530; x_wconf 92' lang='lat' dir='ltr'><strong>non</strong></span> <span class='ocrx_word' id='word_1_26' title='bbox 520 488 611 531; x_wconf 86' lang='lat' dir='ltr'><strong>alta</strong></span> <span class='ocrx_word' id='word_1_27' title='bbox 632 488 915 542; x_wconf 85' lang='lat' dir='ltr'><strong>splendescat</strong></span> <span class='ocrx_word' id='word_1_28' title='bbox 936 487 1145 542; x_wconf 83' lang='lat' dir='ltr'><strong>Epistola</strong></span> <span class='ocrx_word' id='word_1_29' title='bbox 1164 500 1282 529; x_wconf 89' lang='lat' dir='ltr'><strong>cura.</strong></span> 
     </span>
    </p>
   </div>
   <div class='ocr_carea' id='block_1_3' title="bbox 193 612 1658 699">
    <p class='ocr_par' dir='ltr' id='par_1_4' title="bbox 193 612 1658 699">
     <span class='ocr_line' id='line_1_6' title="bbox 194 612 1658 658; baseline -0.002 -11"><span class='ocrx_word' id='word_1_30' title='bbox 194 615 299 656; x_wconf 73' lang='lat' dir='ltr'><strong>quiere</strong></span> <span class='ocrx_word' id='word_1_31' title='bbox 314 617 394 658; x_wconf 83' lang='lat' dir='ltr'><strong>lyra.</strong></span> <span class='ocrx_word' id='word_1_32' title='bbox 440 615 506 648; x_wconf 84' lang='lat' dir='ltr'><strong>Seu</strong></span> <span class='ocrx_word' id='word_1_33' title='bbox 520 615 580 647; x_wconf 82' lang='lat' dir='ltr'><strong>libi</strong></span> <span class='ocrx_word' id='word_1_34' title='bbox 600 624 685 646; x_wconf 85' lang='lat' dir='ltr'><strong>mens</strong></span> <span class='ocrx_word' id='word_1_35' title='bbox 700 618 758 654; x_wconf 81' lang='lat' dir='ltr'><strong>est,</strong></span> <span class='ocrx_word' id='word_1_36' title='bbox 770 615 913 646; x_wconf 83' lang='lat' dir='ltr'><strong>aemularz&#39;</strong></span> <span class='ocrx_word' id='word_1_37' title='bbox 933 615 1086 655; x_wconf 81' lang='lat' dir='ltr'><strong>plectrum</strong></span> <span class='ocrx_word' id='word_1_38' title='bbox 1110 613 1257 654; x_wconf 80' lang='lat' dir='ltr'><strong>Pindari,</strong></span> <span class='ocrx_word' id='word_1_39' title='bbox 1272 614 1337 645; x_wconf 83' lang='lat' dir='ltr'><strong>sive</strong></span> <span class='ocrx_word' id='word_1_40' title='bbox 1351 613 1435 645; x_wconf 76' lang='lat' dir='ltr'><strong>tollis</strong></span> <span class='ocrx_word' id='word_1_41' title='bbox 1448 613 1601 645; x_wconf 78' lang='lat' dir='ltr'><strong>citharam</strong></span> <span class='ocrx_word' id='word_1_42' title='bbox 1615 612 1658 644; x_wconf 78' lang='lat' dir='ltr'><strong>ad</strong></span> 
     </span>
     <span class='ocr_line' id='line_1_7' title="bbox 193 655 1658 699; baseline -0.002 -10"><span class='ocrx_word' id='word_1_43' title='bbox 193 657 500 697; x_wconf 78' lang='lat' dir='ltr'><strong>celebrandossorles</strong></span> <span class='ocrx_word' id='word_1_44' title='bbox 511 658 648 699; x_wconf 79' lang='lat' dir='ltr'><strong>Hero&#39;e&#39;s,</strong></span> <span class='ocrx_word' id='word_1_45' title='bbox 658 658 723 690; x_wconf 81' lang='lat' dir='ltr'><strong>sive</strong></span> <span class='ocrx_word' id='word_1_46' title='bbox 737 658 846 698; x_wconf 79' lang='lat' dir='ltr'><strong>tingas</strong></span> <span class='ocrx_word' id='word_1_47' title='bbox 859 658 1033 689; x_wconf 82' lang='lat' dir='ltr'><strong>mordacem</strong></span> <span class='ocrx_word' id='word_1_48' title='bbox 1047 656 1178 688; x_wconf 82' lang='lat' dir='ltr'><strong>satiram</strong></span> <span class='ocrx_word' id='word_1_49' title='bbox 1200 659 1272 688; x_wconf 81' lang='lat' dir='ltr'><strong>atra</strong></span> <span class='ocrx_word' id='word_1_50' title='bbox 1286 657 1441 699; x_wconf 80' lang='lat' dir='ltr'><strong>rubigine,</strong></span> <span class='ocrx_word' id='word_1_51' title='bbox 1460 657 1526 688; x_wconf 78' lang='lat' dir='ltr'><strong>sive</strong></span> <span class='ocrx_word' id='word_1_52' title='bbox 1539 655 1658 688; x_wconf 79' lang='lat' dir='ltr'><strong>scribas</strong></span> 
     </span>
    </p>
   </div>
   <div class='ocr_carea' id='block_1_4' title="bbox 809 753 868 767">
    <p class='ocr_par' dir='ltr' id='par_1_5' title="bbox 809 753 868 767">
     <span class='ocr_line' id='line_1_8' title="bbox 809 753 868 767; baseline -0.017 0"><span class='ocrx_word' id='word_1_53' title='bbox 809 753 868 767; x_wconf 68' lang='lat' dir='ltr'><strong>m</strong></span> 
     </span>
    </p>
   </div>
   <div class='ocr_carea' id='block_1_5' title="bbox 869 753 1007 766">
    <p class='ocr_par' dir='ltr' id='par_1_6' title="bbox 869 753 1007 766">
     <span class='ocr_line' id='line_1_9' title="bbox 869 753 1007 766; baseline 0 2294"><span class='ocrx_word' id='word_1_54' title='bbox 869 753 1007 766; x_wconf 95' lang='lat' dir='ltr'><strong> </strong></span> 
     </span>
    </p>
   </div>
   <div class='ocr_carea' id='block_1_6' title="bbox 1009 753 1048 766">
    <p class='ocr_par' dir='ltr' id='par_1_7' title="bbox 1009 753 1048 766">
     <span class='ocr_line' id='line_1_10' title="bbox 1009 753 1048 766; baseline 0 0"><span class='ocrx_word' id='word_1_55' title='bbox 1009 753 1048 766; x_wconf 64' lang='lat' dir='ltr'><strong>‘O</strong></span> 
     </span>
    </p>
   </div>
   <div class='ocr_carea' id='block_1_7' title="bbox 191 817 1666 1246">
    <p class='ocr_par' dir='ltr' id='par_1_8' title="bbox 191 817 1666 1246">
     <span class='ocr_line' id='line_1_11' title="bbox 194 817 1656 860; baseline -0.001 -10"><span class='ocrx_word' id='word_1_56' title='bbox 194 821 493 860; x_wconf 64' lang='lat' dir='ltr'><strong>doctumque—101</strong></span> <span class='ocrx_word' id='word_1_57' title='bbox 518 818 929 851; x_wconf 75' lang='lat' dir='ltr'><strong>Sitibivenet.1.-102</strong></span> <span class='ocrx_word' id='word_1_58' title='bbox 952 817 1052 850; x_wconf 83' lang='lat' dir='ltr'><strong>Urat.</strong></span> <span class='ocrx_word' id='word_1_59' title='bbox 1079 818 1176 851; x_wconf 87' lang='lat' dir='ltr'><strong>Leid.</strong></span> <span class='ocrx_word' id='word_1_60' title='bbox 1202 818 1285 850; x_wconf 88' lang='lat' dir='ltr'><strong>Par.</strong></span> <span class='ocrx_word' id='word_1_61' title='bbox 1310 821 1347 850; x_wconf 79' lang='lat' dir='ltr'><strong>et</strong></span> <span class='ocrx_word' id='word_1_62' title='bbox 1372 818 1450 850; x_wconf 86' lang='lat' dir='ltr'><strong>edd.</strong></span> <span class='ocrx_word' id='word_1_63' title='bbox 1477 827 1585 860; x_wconf 86' lang='lat' dir='ltr'><strong>usque</strong></span> <span class='ocrx_word' id='word_1_64' title='bbox 1612 817 1656 849; x_wconf 86' lang='lat' dir='ltr'><strong>ad</strong></span> 
     </span>
     <span class='ocr_line' id='line_1_12' title="bbox 194 860 1666 903; baseline -0.001 -9"><span class='ocrx_word' id='word_1_65' title='bbox 194 862 322 894; x_wconf 89' lang='lat' dir='ltr'><strong>Aldum</strong></span> <span class='ocrx_word' id='word_1_66' title='bbox 338 871 456 893; x_wconf 89' lang='lat' dir='ltr'><strong>omnes</strong></span> <span class='ocrx_word' id='word_1_67' title='bbox 478 862 599 903; x_wconf 80' lang='lat' dir='ltr'><strong>chelyn,</strong></span> <span class='ocrx_word' id='word_1_68' title='bbox 621 861 675 893; x_wconf 90' lang='lat' dir='ltr'><strong>vel</strong></span> <span class='ocrx_word' id='word_1_69' title='bbox 701 861 813 893; x_wconf 83' lang='lat' dir='ltr'><strong>chelim</strong></span> <span class='ocrx_word' id='word_1_70' title='bbox 835 860 941 896; x_wconf 76' lang='lat' dir='ltr'><strong>tollis,-</strong></span> <span class='ocrx_word' id='word_1_71' title='bbox 965 861 1194 902; x_wconf 84' lang='lat' dir='ltr'><strong>Lindenbrog.</strong></span> <span class='ocrx_word' id='word_1_72' title='bbox 1218 866 1255 893; x_wconf 86' lang='lat' dir='ltr'><strong>et</strong></span> <span class='ocrx_word' id='word_1_73' title='bbox 1281 861 1420 894; x_wconf 79' lang='lat' dir='ltr'><strong>Gruter.</strong></span> <span class='ocrx_word' id='word_1_74' title='bbox 1447 862 1666 892; x_wconf 54' lang='lat' dir='ltr'><strong>tollam-103</strong></span> 
     </span>
     <span class='ocr_line' id='line_1_13' title="bbox 196 901 1657 944; baseline -0.002 -7"><span class='ocrx_word' id='word_1_75' title='bbox 196 905 410 937; x_wconf 83' lang='lat' dir='ltr'><strong>Forcellinus</strong></span> <span class='ocrx_word' id='word_1_76' title='bbox 424 905 458 936; x_wconf 90' lang='lat' dir='ltr'><strong>in</strong></span> <span class='ocrx_word' id='word_1_77' title='bbox 475 906 559 936; x_wconf 86' lang='lat' dir='ltr'><strong>Lex.</strong></span> <span class='ocrx_word' id='word_1_78' title='bbox 576 904 638 935; x_wconf 83' lang='lat' dir='ltr'><strong>sub</strong></span> <span class='ocrx_word' id='word_1_79' title='bbox 656 914 687 935; x_wconf 92' lang='lat' dir='ltr'><strong>v.</strong></span> <span class='ocrx_word' id='word_1_80' title='bbox 701 904 711 921; x_wconf 94' lang='lat'>‘</span> <span class='ocrx_word' id='word_1_81' title='bbox 723 902 861 941; x_wconf 56' lang='lat' dir='ltr'><strong>Satira?</strong></span> <span class='ocrx_word' id='word_1_82' title='bbox 884 901 988 934; x_wconf 82' lang='lat' dir='ltr'><strong>affert</strong></span> <span class='ocrx_word' id='word_1_83' title='bbox 1002 904 1130 941; x_wconf 64' lang='lat' dir='ltr'><strong>earinis,-</strong></span> <span class='ocrx_word' id='word_1_84' title='bbox 1155 904 1298 935; x_wconf 86' lang='lat' dir='ltr'><strong>Gevart.</strong></span> <span class='ocrx_word' id='word_1_85' title='bbox 1323 904 1414 944; x_wconf 84' lang='lat' dir='ltr'><strong>Guy.</strong></span> <span class='ocrx_word' id='word_1_86' title='bbox 1437 907 1473 934; x_wconf 86' lang='lat' dir='ltr'><strong>et</strong></span> <span class='ocrx_word' id='word_1_87' title='bbox 1487 904 1530 935; x_wconf 88' lang='lat' dir='ltr'><strong>V.</strong></span> <span class='ocrx_word' id='word_1_88' title='bbox 1553 903 1597 934; x_wconf 90' lang='lat' dir='ltr'><strong>D.</strong></span> <span class='ocrx_word' id='word_1_89' title='bbox 1622 904 1657 934; x_wconf 91' lang='lat' dir='ltr'><strong>in</strong></span> 
     </span>
     <span class='ocr_line' id='line_1_14' title="bbox 194 945 1658 988; baseline -0.001 -9"><span class='ocrx_word' id='word_1_90' title='bbox 194 948 344 988; x_wconf 84' lang='lat' dir='ltr'><strong>exempl.</strong></span> <span class='ocrx_word' id='word_1_91' title='bbox 361 948 460 979; x_wconf 88' lang='lat' dir='ltr'><strong>Gott.</strong></span> <span class='ocrx_word' id='word_1_92' title='bbox 481 947 574 988; x_wconf 86' lang='lat' dir='ltr'><strong>conj.</strong></span> <span class='ocrx_word' id='word_1_93' title='bbox 600 950 725 988; x_wconf 80' lang='lat' dir='ltr'><strong>turpes,-</strong></span> <span class='ocrx_word' id='word_1_94' title='bbox 748 946 876 978; x_wconf 85' lang='lat' dir='ltr'><strong>Markl.</strong></span> <span class='ocrx_word' id='word_1_95' title='bbox 900 945 1020 986; x_wconf 75' lang='lat' dir='ltr'><strong>lingas.</strong></span> <span class='ocrx_word' id='word_1_96' title='bbox 1066 946 1196 978; x_wconf 81' lang='lat' dir='ltr'><strong>Omnes</strong></span> <span class='ocrx_word' id='word_1_97' title='bbox 1219 946 1310 987; x_wconf 83' lang='lat' dir='ltr'><strong>libri,</strong></span> <span class='ocrx_word' id='word_1_98' title='bbox 1332 946 1435 978; x_wconf 84' lang='lat' dir='ltr'><strong>etiam</strong></span> <span class='ocrx_word' id='word_1_99' title='bbox 1451 946 1548 978; x_wconf 83' lang='lat' dir='ltr'><strong>Vatt.</strong></span> <span class='ocrx_word' id='word_1_100' title='bbox 1576 955 1658 977; x_wconf 90' lang='lat' dir='ltr'><strong>con-</strong></span> 
     </span>
     <span class='ocr_line' id='line_1_15' title="bbox 194 988 1657 1029; baseline -0.002 -7"><span class='ocrx_word' id='word_1_101' title='bbox 194 990 346 1022; x_wconf 88' lang='lat' dir='ltr'><strong>sentiunt</strong></span> <span class='ocrx_word' id='word_1_102' title='bbox 361 990 396 1021; x_wconf 89' lang='lat' dir='ltr'><strong>in</strong></span> <span class='ocrx_word' id='word_1_103' title='bbox 412 989 516 1022; x_wconf 89' lang='lat' dir='ltr'><strong>verbo</strong></span> <span class='ocrx_word' id='word_1_104' title='bbox 530 990 649 1021; x_wconf 77' lang='lat' dir='ltr'><strong>turbes.</strong></span> <span class='ocrx_word' id='word_1_105' title='bbox 694 989 737 1020; x_wconf 87' lang='lat' dir='ltr'><strong>P.</strong></span> <span class='ocrx_word' id='word_1_106' title='bbox 754 989 863 1021; x_wconf 91' lang='lat' dir='ltr'><strong>Scriv.</strong></span> <span class='ocrx_word' id='word_1_107' title='bbox 878 993 915 1020; x_wconf 87' lang='lat' dir='ltr'><strong>et</strong></span> <span class='ocrx_word' id='word_1_108' title='bbox 930 993 1011 1029; x_wconf 85' lang='lat' dir='ltr'><strong>post</strong></span> <span class='ocrx_word' id='word_1_109' title='bbox 1026 998 1103 1021; x_wconf 88' lang='lat' dir='ltr'><strong>eum</strong></span> <span class='ocrx_word' id='word_1_110' title='bbox 1121 989 1167 1022; x_wconf 88' lang='lat' dir='ltr'><strong>N.</strong></span> <span class='ocrx_word' id='word_1_111' title='bbox 1184 988 1307 1021; x_wconf 86' lang='lat' dir='ltr'><strong>Heius.</strong></span> <span class='ocrx_word' id='word_1_112' title='bbox 1331 989 1366 1021; x_wconf 91' lang='lat' dir='ltr'><strong>in</strong></span> <span class='ocrx_word' id='word_1_113' title='bbox 1391 989 1516 1029; x_wconf 86' lang='lat' dir='ltr'><strong>Syllog.</strong></span> <span class='ocrx_word' id='word_1_114' title='bbox 1545 988 1657 1028; x_wconf 87' lang='lat' dir='ltr'><strong>Epist.</strong></span> 
     </span>
     <span class='ocr_line' id='line_1_16' title="bbox 193 1030 1658 1074; baseline -0.003 -9"><span class='ocrx_word' id='word_1_115' title='bbox 193 1033 291 1065; x_wconf 89' lang='lat' dir='ltr'><strong>Tom.</strong></span> <span class='ocrx_word' id='word_1_116' title='bbox 306 1041 357 1064; x_wconf 78' lang='lat' dir='ltr'><strong>xv.</strong></span> <span class='ocrx_word' id='word_1_117' title='bbox 374 1043 408 1074; x_wconf 89' lang='lat' dir='ltr'><strong>p.</strong></span> <span class='ocrx_word' id='word_1_118' title='bbox 424 1035 501 1065; x_wconf 80' lang='lat'><strong>423.</strong></span> <span class='ocrx_word' id='word_1_119' title='bbox 527 1033 629 1064; x_wconf 89' lang='lat' dir='ltr'><strong>Tom.</strong></span> <span class='ocrx_word' id='word_1_120' title='bbox 646 1041 683 1063; x_wconf 89' lang='lat' dir='ltr'><strong>v.</strong></span> <span class='ocrx_word' id='word_1_121' title='bbox 709 1041 744 1072; x_wconf 89' lang='lat' dir='ltr'><strong>p.</strong></span> <span class='ocrx_word' id='word_1_122' title='bbox 760 1033 836 1063; x_wconf 79' lang='grc'><strong>534.</strong></span> <span class='ocrx_word' id='word_1_123' title='bbox 860 1035 897 1063; x_wconf 89' lang='lat' dir='ltr'><strong>et</strong></span> <span class='ocrx_word' id='word_1_124' title='bbox 919 1030 1069 1064; x_wconf 83' lang='lat' dir='ltr'><strong>Advers.</strong></span> <span class='ocrx_word' id='word_1_125' title='bbox 1096 1041 1132 1072; x_wconf 86' lang='lat' dir='ltr'><strong>p.</strong></span> <span class='ocrx_word' id='word_1_126' title='bbox 1157 1034 1233 1064; x_wconf 79' lang='lat'><strong>60⁷.</strong></span> <span class='ocrx_word' id='word_1_127' title='bbox 1262 1031 1356 1073; x_wconf 90' lang='lat' dir='ltr'><strong>conj.</strong></span> <span class='ocrx_word' id='word_1_128' title='bbox 1378 1031 1494 1071; x_wconf 76' lang='lat' dir='ltr'><strong>vibres,</strong></span> <span class='ocrx_word' id='word_1_129' title='bbox 1515 1035 1552 1063; x_wconf 89' lang='lat' dir='ltr'><strong>et</strong></span> <span class='ocrx_word' id='word_1_130' title='bbox 1577 1031 1658 1062; x_wconf 84' lang='lat' dir='ltr'><strong>alibi</strong></span> 
     </span>
     <span class='ocr_line' id='line_1_17' title="bbox 191 1073 1658 1117; baseline -0.001 -9"><span class='ocrx_word' id='word_1_131' title='bbox 191 1085 302 1108; x_wconf 79' lang='lat' dir='ltr'><strong>curves</strong></span> <span class='ocrx_word' id='word_1_132' title='bbox 311 1086 324 1114; x_wconf 90' lang='lat'><em>;</em></span> <span class='ocrx_word' id='word_1_133' title='bbox 347 1075 494 1117; x_wconf 85' lang='lat' dir='ltr'><strong>Hopfius</strong></span> <span class='ocrx_word' id='word_1_134' title='bbox 507 1085 634 1116; x_wconf 80' lang='lat' dir='ltr'><strong>purges,</strong></span> <span class='ocrx_word' id='word_1_135' title='bbox 655 1074 746 1116; x_wconf 89' lang='lat' dir='ltr'><strong>quod</strong></span> <span class='ocrx_word' id='word_1_136' title='bbox 763 1075 960 1106; x_wconf 84' lang='lat' dir='ltr'><strong>Burmanno</strong></span> <span class='ocrx_word' id='word_1_137' title='bbox 970 1074 1047 1106; x_wconf 89' lang='lat' dir='ltr'><strong>Sec.</strong></span> <span class='ocrx_word' id='word_1_138' title='bbox 1062 1074 1106 1106; x_wconf 90' lang='lat' dir='ltr'><strong>ad</strong></span> <span class='ocrx_word' id='word_1_139' title='bbox 1121 1073 1261 1106; x_wconf 86' lang='lat' dir='ltr'><strong>Authol.</strong></span> <span class='ocrx_word' id='word_1_140' title='bbox 1278 1075 1351 1107; x_wconf 77' lang='lat' dir='ltr'><strong>Lat.</strong></span> <span class='ocrx_word' id='word_1_141' title='bbox 1366 1074 1461 1107; x_wconf 87' lang='lat' dir='ltr'><strong>Tom.</strong></span> <span class='ocrx_word' id='word_1_142' title='bbox 1479 1083 1521 1106; x_wconf 83' lang='grc' dir='ltr'><strong>ιι.</strong></span> <span class='ocrx_word' id='word_1_143' title='bbox 1539 1084 1572 1114; x_wconf 82' lang='lat' dir='ltr'><strong>p.</strong></span> <span class='ocrx_word' id='word_1_144' title='bbox 1583 1076 1658 1106; x_wconf 79' lang='grc'><strong>677.</strong></span> 
     </span>
     <span class='ocr_line' id='line_1_18' title="bbox 194 1117 1657 1160; baseline -0.003 -9"><span class='ocrx_word' id='word_1_145' title='bbox 194 1120 379 1160; x_wconf 80' lang='lat' dir='ltr'><strong>genuinam</strong></span> <span class='ocrx_word' id='word_1_146' title='bbox 393 1118 600 1159; x_wconf 80' lang='lat' dir='ltr'><strong>scripturam</strong></span> <span class='ocrx_word' id='word_1_147' title='bbox 614 1117 745 1149; x_wconf 84' lang='lat' dir='ltr'><strong>referre</strong></span> <span class='ocrx_word' id='word_1_148' title='bbox 760 1117 954 1149; x_wconf 87' lang='lat' dir='ltr'><strong>videbatur.</strong></span> <span class='ocrx_word' id='word_1_149' title='bbox 1000 1117 1158 1150; x_wconf 85' lang='lat' dir='ltr'><strong>Gevartii</strong></span> <span class='ocrx_word' id='word_1_150' title='bbox 1183 1117 1456 1149; x_wconf 81' lang='lat' dir='ltr'><strong>emendationem</strong></span> <span class='ocrx_word' id='word_1_151' title='bbox 1471 1117 1505 1148; x_wconf 90' lang='lat' dir='ltr'><strong>iu</strong></span> <span class='ocrx_word' id='word_1_152' title='bbox 1523 1121 1657 1148; x_wconf 86' lang='lat' dir='ltr'><strong>textum</strong></span> 
     </span>
     <span class='ocr_line' id='line_1_19' title="bbox 191 1159 1658 1194; baseline -0.002 -1"><span class='ocrx_word' id='word_1_153' title='bbox 191 1160 331 1194; x_wconf 82' lang='lat' dir='ltr'><strong>admisit</strong></span> <span class='ocrx_word' id='word_1_154' title='bbox 347 1160 626 1193; x_wconf 61' lang='lat' dir='ltr'><strong>flandum—104</strong></span> <span class='ocrx_word' id='word_1_155' title='bbox 649 1160 714 1192; x_wconf 88' lang='lat' dir='ltr'><strong>Seu</strong></span> <span class='ocrx_word' id='word_1_156' title='bbox 729 1159 789 1192; x_wconf 81' lang='lat' dir='ltr'><strong>tibi</strong></span> <span class='ocrx_word' id='word_1_157' title='bbox 804 1169 865 1191; x_wconf 81' lang='lat' dir='ltr'><strong>non</strong></span> <span class='ocrx_word' id='word_1_158' title='bbox 879 1161 946 1191; x_wconf 82' lang='lat' dir='ltr'><strong>alta</strong></span> <span class='ocrx_word' id='word_1_159' title='bbox 961 1159 1160 1192; x_wconf 86' lang='lat' dir='ltr'><strong>emendavit</strong></span> <span class='ocrx_word' id='word_1_160' title='bbox 1173 1160 1300 1193; x_wconf 84' lang='lat' dir='ltr'><strong>Markl.</strong></span> <span class='ocrx_word' id='word_1_161' title='bbox 1344 1160 1410 1192; x_wconf 82' lang='lat' dir='ltr'><strong>Seu</strong></span> <span class='ocrx_word' id='word_1_162' title='bbox 1433 1164 1488 1191; x_wconf 75' lang='lat' dir='ltr'><strong>tua</strong></span> <span class='ocrx_word' id='word_1_163' title='bbox 1509 1170 1570 1191; x_wconf 81' lang='lat' dir='ltr'><strong>non</strong></span> <span class='ocrx_word' id='word_1_164' title='bbox 1591 1160 1658 1190; x_wconf 80' lang='lat' dir='ltr'><strong>alta</strong></span> 
     </span>
     <span class='ocr_line' id='line_1_20' title="bbox 194 1202 1659 1246; baseline -0.002 -8"><span class='ocrx_word' id='word_1_165' title='bbox 194 1204 340 1238; x_wconf 82' lang='lat' dir='ltr'><strong>Gevart.</strong></span> <span class='ocrx_word' id='word_1_166' title='bbox 384 1204 449 1237; x_wconf 82' lang='lat' dir='ltr'><strong>Seu</strong></span> <span class='ocrx_word' id='word_1_167' title='bbox 463 1208 519 1236; x_wconf 81' lang='lat' dir='ltr'><strong>lua</strong></span> <span class='ocrx_word' id='word_1_168' title='bbox 532 1213 593 1236; x_wconf 75' lang='lat' dir='ltr'><strong>non</strong></span> <span class='ocrx_word' id='word_1_169' title='bbox 604 1203 669 1237; x_wconf 85' lang='lat' dir='ltr'><strong>alia</strong></span> <span class='ocrx_word' id='word_1_170' title='bbox 684 1212 801 1235; x_wconf 87' lang='lat' dir='ltr'><strong>omnes</strong></span> <span class='ocrx_word' id='word_1_171' title='bbox 813 1202 914 1235; x_wconf 86' lang='lat' dir='ltr'><strong>codd.</strong></span> <span class='ocrx_word' id='word_1_172' title='bbox 928 1207 965 1235; x_wconf 90' lang='lat' dir='ltr'><strong>et</strong></span> <span class='ocrx_word' id='word_1_173' title='bbox 980 1202 1061 1236; x_wconf 87' lang='lat' dir='ltr'><strong>edd.</strong></span> <span class='ocrx_word' id='word_1_174' title='bbox 1079 1206 1164 1236; x_wconf 88' lang='lat' dir='ltr'><strong>vett.</strong></span> <span class='ocrx_word' id='word_1_175' title='bbox 1186 1202 1280 1246; x_wconf 87' lang='lat' dir='ltr'><strong>quod</strong></span> <span class='ocrx_word' id='word_1_176' title='bbox 1296 1203 1472 1236; x_wconf 76' lang='lat' dir='ltr'><strong>revocavit</strong></span> <span class='ocrx_word' id='word_1_177' title='bbox 1487 1202 1659 1235; x_wconf 78' lang='lat' dir='ltr'><strong>nandius.</strong></span> 
     </span>
    </p>
   </div>
   <div class='ocr_carea' id='block_1_8' title="bbox 858 1298 1000 1332">
    <p class='ocr_par' dir='ltr' id='par_1_9' title="bbox 858 1298 1000 1332">
     <span class='ocr_line' id='line_1_21' title="bbox 858 1298 1000 1332; baseline -0.014 0"><span class='ocrx_word' id='word_1_178' title='bbox 858 1298 1000 1332; x_wconf 83' lang='lat' dir='ltr'><strong>NOTAE</strong></span> 
     </span>
    </p>
   </div>
   <div class='ocr_carea' id='block_1_9' title="bbox 191 1367 904 2776">
    <p class='ocr_par' dir='ltr' id='par_1_10' title="bbox 192 1367 904 1959">
     <span class='ocr_line' id='line_1_22' title="bbox 192 1367 898 1412; baseline -0.007 -8"><span class='ocrx_word' id='word_1_179' title='bbox 192 1370 254 1405; x_wconf 78' lang='lat' dir='ltr'><strong>ris·-</strong></span> <span class='ocrx_word' id='word_1_180' title='bbox 295 1369 487 1411; x_wconf 78' lang='lat' dir='ltr'><strong>Dictumque</strong></span> <span class='ocrx_word' id='word_1_181' title='bbox 509 1370 581 1412; x_wconf 83' lang='lat' dir='ltr'><strong>lyra</strong></span> <span class='ocrx_word' id='word_1_182' title='bbox 596 1368 713 1410; x_wconf 71' lang='lat' dir='ltr'><strong>maiore</strong></span> <span class='ocrx_word' id='word_1_183' title='bbox 731 1367 898 1409; x_wconf 77' lang='lat' dir='ltr'><strong>Catillum]</strong></span> 
     </span>
     <span class='ocr_line' id='line_1_23' title="bbox 195 1418 900 1456; baseline -0.006 -3"><span class='ocrx_word' id='word_1_184' title='bbox 195 1419 340 1454; x_wconf 85' lang='lat' dir='ltr'><strong>Catillus</strong></span> <span class='ocrx_word' id='word_1_185' title='bbox 361 1431 448 1452; x_wconf 85' lang='lat' dir='ltr'><strong>unus</strong></span> <span class='ocrx_word' id='word_1_186' title='bbox 463 1431 482 1453; x_wconf 91' lang='lat' dir='ltr'><strong>e</strong></span> <span class='ocrx_word' id='word_1_187' title='bbox 497 1420 736 1453; x_wconf 83' lang='lat' dir='ltr'><strong>conditoribus</strong></span> <span class='ocrx_word' id='word_1_188' title='bbox 751 1418 900 1456; x_wconf 82' lang='lat' dir='ltr'><strong>Tiburis,</strong></span> 
     </span>
     <span class='ocr_line' id='line_1_24' title="bbox 208 1468 900 1510; baseline -0.009 -5"><span class='ocrx_word' id='word_1_189' title='bbox 208 1476 304 1505; x_wconf 86' lang='lat' dir='ltr'><strong>rater</strong></span> <span class='ocrx_word' id='word_1_190' title='bbox 337 1471 474 1504; x_wconf 85' lang='lat' dir='ltr'><strong>Tiburti</strong></span> <span class='ocrx_word' id='word_1_191' title='bbox 505 1475 543 1503; x_wconf 91' lang='lat' dir='ltr'><strong>et</strong></span> <span class='ocrx_word' id='word_1_192' title='bbox 568 1469 722 1510; x_wconf 79' lang='lat' dir='ltr'><strong>Coracis,</strong></span> <span class='ocrx_word' id='word_1_193' title='bbox 749 1473 786 1501; x_wconf 92' lang='lat' dir='ltr'><strong>et</strong></span> <span class='ocrx_word' id='word_1_194' title='bbox 811 1468 900 1500; x_wconf 83' lang='lat' dir='ltr'><strong>filius</strong></span> 
     </span>
     <span class='ocr_line' id='line_1_25' title="bbox 193 1519 899 1565; baseline -0.004 -10"><span class='ocrx_word' id='word_1_195' title='bbox 193 1522 407 1565; x_wconf 82' lang='lat' dir='ltr'><strong>Amphiarai.</strong></span> <span class='ocrx_word' id='word_1_196' title='bbox 464 1521 556 1563; x_wconf 80' lang='lat' dir='ltr'><strong>Lyra</strong></span> <span class='ocrx_word' id='word_1_197' title='bbox 583 1519 716 1561; x_wconf 69' lang='lat' dir='ltr'><strong>maiore]</strong></span> <span class='ocrx_word' id='word_1_198' title='bbox 741 1519 899 1561; x_wconf 85' lang='lat' dir='ltr'><strong>Virgilio.</strong></span> 
     </span>
     <span class='ocr_line' id='line_1_26' title="bbox 193 1569 900 1615; baseline -0.006 -9"><span class='ocrx_word' id='word_1_199' title='bbox 193 1572 435 1615; x_wconf 85' lang='lat' dir='ltr'><strong>Respexitque</strong></span> <span class='ocrx_word' id='word_1_200' title='bbox 486 1572 547 1604; x_wconf 84' lang='lat' dir='ltr'><strong>hos</strong></span> <span class='ocrx_word' id='word_1_201' title='bbox 591 1580 709 1603; x_wconf 84' lang='lat' dir='ltr'><strong>versus</strong></span> <span class='ocrx_word' id='word_1_202' title='bbox 750 1569 900 1610; x_wconf 83' lang='lat' dir='ltr'><strong>Virgilii.</strong></span> 
     </span>
     <span class='ocr_line' id='line_1_27' title="bbox 194 1620 904 1665; baseline -0.007 -8"><span class='ocrx_word' id='word_1_203' title='bbox 194 1624 205 1642; x_wconf 92' lang='lat'>‘</span> <span class='ocrx_word' id='word_1_204' title='bbox 216 1625 302 1657; x_wconf 90' lang='lat' dir='ltr'><strong>Tum</strong></span> <span class='ocrx_word' id='word_1_205' title='bbox 319 1623 445 1665; x_wconf 85' lang='lat' dir='ltr'><strong>gemini</strong></span> <span class='ocrx_word' id='word_1_206' title='bbox 458 1621 585 1655; x_wconf 84' lang='lat' dir='ltr'><strong>fratres</strong></span> <span class='ocrx_word' id='word_1_207' title='bbox 601 1620 763 1654; x_wconf 80' lang='lat' dir='ltr'><strong>Tiburtia</strong></span> <span class='ocrx_word' id='word_1_208' title='bbox 776 1620 904 1652; x_wconf 85' lang='lat' dir='ltr'><strong>moenia</strong></span> 
     </span>
     <span class='ocr_line' id='line_1_28' title="bbox 192 1672 902 1717; baseline -0.006 -10"><span class='ocrx_word' id='word_1_209' title='bbox 192 1675 365 1717; x_wconf 90' lang='lat' dir='ltr'><strong>linquunt,</strong></span> <span class='ocrx_word' id='word_1_210' title='bbox 380 1674 509 1706; x_wconf 79' lang='lat' dir='ltr'><strong>Fratris</strong></span> <span class='ocrx_word' id='word_1_211' title='bbox 526 1673 662 1706; x_wconf 85' lang='lat' dir='ltr'><strong>Tiburti</strong></span> <span class='ocrx_word' id='word_1_212' title='bbox 677 1672 811 1704; x_wconf 82' lang='lat' dir='ltr'><strong>dictam</strong></span> <span class='ocrx_word' id='word_1_213' title='bbox 819 1681 902 1713; x_wconf 83' lang='lat' dir='ltr'><strong>cog-</strong></span> 
     </span>
     <span class='ocr_line' id='line_1_29' title="bbox 193 1724 900 1766; baseline -0.007 -8"><span class='ocrx_word' id='word_1_214' title='bbox 193 1726 333 1759; x_wconf 85' lang='lat' dir='ltr'><strong>nomine</strong></span> <span class='ocrx_word' id='word_1_215' title='bbox 347 1729 500 1766; x_wconf 83' lang='lat' dir='ltr'><strong>gentem,</strong></span> <span class='ocrx_word' id='word_1_216' title='bbox 510 1724 738 1765; x_wconf 80' lang='lat' dir='ltr'><strong>Catillusque,</strong></span> <span class='ocrx_word' id='word_1_217' title='bbox 753 1731 900 1764; x_wconf 84' lang='lat' dir='ltr'><strong>acerque</strong></span> 
     </span>
     <span class='ocr_line' id='line_1_30' title="bbox 194 1772 900 1816; baseline -0.007 -7"><span class='ocrx_word' id='word_1_218' title='bbox 194 1776 301 1810; x_wconf 78' lang='lat' dir='ltr'><strong>Coras</strong></span> <span class='ocrx_word' id='word_1_219' title='bbox 339 1774 471 1816; x_wconf 78' lang='lat' dir='ltr'><strong>Argiva</strong></span> <span class='ocrx_word' id='word_1_220' title='bbox 496 1772 687 1815; x_wconf 67' lang='lat' dir='ltr'><strong>juventus!</strong></span> <span class='ocrx_word' id='word_1_221' title='bbox 731 1772 781 1804; x_wconf 89' lang='lat' dir='ltr'><strong>Hi</strong></span> <span class='ocrx_word' id='word_1_222' title='bbox 809 1773 900 1804; x_wconf 88' lang='lat' dir='ltr'><strong>enim</strong></span> 
     </span>
     <span class='ocr_line' id='line_1_31' title="bbox 194 1823 900 1866; baseline -0.006 -7"><span class='ocrx_word' id='word_1_223' title='bbox 194 1830 266 1859; x_wconf 87' lang='lat' dir='ltr'><strong>tres</strong></span> <span class='ocrx_word' id='word_1_224' title='bbox 294 1825 421 1858; x_wconf 82' lang='lat' dir='ltr'><strong>fratres</strong></span> <span class='ocrx_word' id='word_1_225' title='bbox 448 1825 579 1857; x_wconf 88' lang='lat' dir='ltr'><strong>relictis</strong></span> <span class='ocrx_word' id='word_1_226' title='bbox 610 1823 728 1866; x_wconf 82' lang='lat' dir='ltr'><strong>Argis,</strong></span> <span class='ocrx_word' id='word_1_227' title='bbox 757 1823 900 1856; x_wconf 91' lang='lat' dir='ltr'><strong>consilio</strong></span> 
     </span>
     <span class='ocr_line' id='line_1_32' title="bbox 195 1875 904 1916; baseline -0.004 -8"><span class='ocrx_word' id='word_1_228' title='bbox 195 1876 288 1909; x_wconf 89' lang='lat' dir='ltr'><strong>OEcli</strong></span> <span class='ocrx_word' id='word_1_229' title='bbox 319 1876 388 1916; x_wconf 81' lang='lat' dir='ltr'><strong>avi,</strong></span> <span class='ocrx_word' id='word_1_230' title='bbox 415 1875 452 1908; x_wconf 89' lang='lat' dir='ltr'><strong>in</strong></span> <span class='ocrx_word' id='word_1_231' title='bbox 480 1875 618 1907; x_wconf 85' lang='lat' dir='ltr'><strong>Italiam</strong></span> <span class='ocrx_word' id='word_1_232' title='bbox 648 1879 831 1915; x_wconf 87' lang='lat' dir='ltr'><strong>venerunt,</strong></span> <span class='ocrx_word' id='word_1_233' title='bbox 867 1878 904 1906; x_wconf 85' lang='lat' dir='ltr'><strong>et</strong></span> 
     </span>
     <span class='ocr_line' id='line_1_33' title="bbox 193 1925 559 1959; baseline -0.005 0"><span class='ocrx_word' id='word_1_234' title='bbox 193 1926 425 1959; x_wconf 83' lang='lat' dir='ltr'><strong>condiderunt</strong></span> <span class='ocrx_word' id='word_1_235' title='bbox 439 1925 559 1958; x_wconf 87' lang='lat' dir='ltr'><strong>Tibur.</strong></span> 
     </span>
    </p>

    <p class='ocr_par' dir='ltr' id='par_1_11' title="bbox 191 1974 903 2776">
     <span class='ocr_line' id='line_1_34' title="bbox 238 1974 903 2017; baseline -0.005 -8"><span class='ocrx_word' id='word_1_236' title='bbox 238 1980 300 2009; x_wconf 87' lang='grc'><strong>101</strong></span> <span class='ocrx_word' id='word_1_237' title='bbox 323 1976 510 2009; x_wconf 72' lang='lat' dir='ltr'><strong>Pindaricis</strong></span> <span class='ocrx_word' id='word_1_238' title='bbox 527 1974 673 2017; x_wconf 74' lang='lat' dir='ltr'><strong>plectris]</strong></span> <span class='ocrx_word' id='word_1_239' title='bbox 696 1974 738 2007; x_wconf 90' lang='lat' dir='ltr'><strong>Id</strong></span> <span class='ocrx_word' id='word_1_240' title='bbox 754 1979 820 2015; x_wconf 81' lang='lat' dir='ltr'><strong>est,</strong></span> <span class='ocrx_word' id='word_1_241' title='bbox 836 1975 903 2016; x_wconf 87' lang='lat' dir='ltr'><strong>Ly-</strong></span> 
     </span>
     <span class='ocr_line' id='line_1_35' title="bbox 191 2025 902 2067; baseline -0.007 -6"><span class='ocrx_word' id='word_1_242' title='bbox 191 2028 286 2061; x_wconf 88' lang='lat' dir='ltr'><strong>ricis.</strong></span> <span class='ocrx_word' id='word_1_243' title='bbox 330 2027 525 2060; x_wconf 87' lang='lat' dir='ltr'><strong>Pindaricis</strong></span> <span class='ocrx_word' id='word_1_244' title='bbox 559 2035 654 2067; x_wconf 84' lang='lat' dir='ltr'><strong>vero,</strong></span> <span class='ocrx_word' id='word_1_245' title='bbox 693 2035 714 2057; x_wconf 83' lang='lat' dir='ltr'><strong>a</strong></span> <span class='ocrx_word' id='word_1_246' title='bbox 749 2025 902 2057; x_wconf 83' lang='lat' dir='ltr'><strong>Pindaro</strong></span> 
     </span>
     <span class='ocr_line' id='line_1_36' title="bbox 192 2076 901 2120; baseline -0.006 -7"><span class='ocrx_word' id='word_1_247' title='bbox 192 2079 356 2113; x_wconf 84' lang='lat' dir='ltr'><strong>Thebano</strong></span> <span class='ocrx_word' id='word_1_248' title='bbox 371 2083 465 2120; x_wconf 82' lang='lat' dir='ltr'><strong>vate,</strong></span> <span class='ocrx_word' id='word_1_249' title='bbox 478 2078 681 2120; x_wconf 81' lang='lat' dir='ltr'><strong>Lyricorum</strong></span> <span class='ocrx_word' id='word_1_250' title='bbox 698 2076 791 2119; x_wconf 83' lang='lat' dir='ltr'><strong>apud</strong></span> <span class='ocrx_word' id='word_1_251' title='bbox 802 2076 901 2110; x_wconf 88' lang='lat' dir='ltr'><strong>Grae·</strong></span> 
     </span>
     <span class='ocr_line' id='line_1_37' title="bbox 194 2128 901 2173; baseline -0.006 -9"><span class='ocrx_word' id='word_1_252' title='bbox 194 2141 252 2164; x_wconf 86' lang='lat' dir='ltr'><strong>cos</strong></span> <span class='ocrx_word' id='word_1_253' title='bbox 282 2131 385 2164; x_wconf 80' lang='lat' dir='ltr'><strong>facile</strong></span> <span class='ocrx_word' id='word_1_254' title='bbox 411 2130 594 2173; x_wconf 84' lang='lat' dir='ltr'><strong>principe:</strong></span> <span class='ocrx_word' id='word_1_255' title='bbox 618 2128 711 2161; x_wconf 86' lang='lat' dir='ltr'><strong>uude</strong></span> <span class='ocrx_word' id='word_1_256' title='bbox 737 2132 775 2161; x_wconf 91' lang='lat' dir='ltr'><strong>et</strong></span> <span class='ocrx_word' id='word_1_257' title='bbox 802 2129 812 2147; x_wconf 90' lang='lat'>‘</span> <span class='ocrx_word' id='word_1_258' title='bbox 828 2129 901 2160; x_wconf 87' lang='lat' dir='ltr'><strong>olor</strong></span> 
     </span>
     <span class='ocr_line' id='line_1_38' title="bbox 192 2178 900 2224; baseline -0.007 -9"><span class='ocrx_word' id='word_1_259' title='bbox 192 2181 387 2224; x_wconf 81' lang='lat' dir='ltr'><strong>Dyrcaeus’</strong></span> <span class='ocrx_word' id='word_1_260' title='bbox 420 2190 482 2213; x_wconf 83' lang='lat' dir='ltr'><strong>seu</strong></span> <span class='ocrx_word' id='word_1_261' title='bbox 515 2178 749 2212; x_wconf 84' lang='lat' dir='ltr'><strong>‘Thebanus’</strong></span> <span class='ocrx_word' id='word_1_262' title='bbox 786 2178 900 2211; x_wconf 85' lang='lat' dir='ltr'><strong>dictus</strong></span> 
     </span>
     <span class='ocr_line' id='line_1_39' title="bbox 193 2229 900 2272; baseline -0.008 -6"><span class='ocrx_word' id='word_1_263' title='bbox 193 2237 246 2266; x_wconf 85' lang='lat' dir='ltr'><strong>est</strong></span> <span class='ocrx_word' id='word_1_264' title='bbox 271 2232 405 2265; x_wconf 68' lang='lat' dir='ltr'><strong>Poetis.</strong></span> <span class='ocrx_word' id='word_1_265' title='bbox 449 2231 595 2272; x_wconf 85' lang='lat' dir='ltr'><strong>Claruit,</strong></span> <span class='ocrx_word' id='word_1_266' title='bbox 622 2235 661 2262; x_wconf 87' lang='lat' dir='ltr'><strong>ut</strong></span> <span class='ocrx_word' id='word_1_267' title='bbox 685 2229 806 2262; x_wconf 82' lang='lat' dir='ltr'><strong>scribit</strong></span> <span class='ocrx_word' id='word_1_268' title='bbox 832 2230 900 2261; x_wconf 88' lang='lat' dir='ltr'><strong>Eu-</strong></span> 
     </span>
     <span class='ocr_line' id='line_1_40' title="bbox 193 2281 903 2324; baseline -0.008 -7"><span class='ocrx_word' id='word_1_269' title='bbox 193 2285 307 2317; x_wconf 84' lang='lat' dir='ltr'><strong>sebius</strong></span> <span class='ocrx_word' id='word_1_270' title='bbox 329 2287 384 2317; x_wconf 80' lang='lat'><strong>76.</strong></span> <span class='ocrx_word' id='word_1_271' title='bbox 408 2281 632 2324; x_wconf 81' lang='lat' dir='ltr'><strong>Olympiade,</strong></span> <span class='ocrx_word' id='word_1_272' title='bbox 655 2291 724 2323; x_wconf 87' lang='lat' dir='ltr'><strong>quo</strong></span> <span class='ocrx_word' id='word_1_273' title='bbox 747 2284 903 2321; x_wconf 88' lang='lat' dir='ltr'><strong>tempore</strong></span> 
     </span>
     <span class='ocr_line' id='line_1_41' title="bbox 193 2330 902 2374; baseline -0.008 -7"><span class='ocrx_word' id='word_1_274' title='bbox 193 2335 230 2368; x_wconf 91' lang='lat' dir='ltr'><strong>in</strong></span> <span class='ocrx_word' id='word_1_275' title='bbox 246 2344 351 2367; x_wconf 89' lang='lat' dir='ltr'><strong>scena</strong></span> <span class='ocrx_word' id='word_1_276' title='bbox 364 2332 512 2366; x_wconf 89' lang='lat' dir='ltr'><strong>florebat</strong></span> <span class='ocrx_word' id='word_1_277' title='bbox 533 2332 713 2374; x_wconf 84' lang='lat' dir='ltr'><strong>AEschylus</strong></span> <span class='ocrx_word' id='word_1_278' title='bbox 733 2330 902 2370; x_wconf 50' lang='lat' dir='ltr'><strong>Athenin</strong></span> 
     </span>
     <span class='ocr_line' id='line_1_42' title="bbox 193 2382 903 2428; baseline -0.007 -10"><span class='ocrx_word' id='word_1_279' title='bbox 193 2395 262 2428; x_wconf 85' lang='lat' dir='ltr'><strong>quo</strong></span> <span class='ocrx_word' id='word_1_280' title='bbox 274 2385 378 2418; x_wconf 87' lang='lat' dir='ltr'><strong>etiam</strong></span> <span class='ocrx_word' id='word_1_281' title='bbox 393 2389 549 2426; x_wconf 86' lang='lat' dir='ltr'><strong>tempore</strong></span> <span class='ocrx_word' id='word_1_282' title='bbox 561 2383 699 2418; x_wconf 74' lang='lat' dir='ltr'><strong>Xerxes</strong></span> <span class='ocrx_word' id='word_1_283' title='bbox 714 2382 903 2416; x_wconf 85' lang='lat' dir='ltr'><strong>Persarum</strong></span> 
     </span>
     <span class='ocr_line' id='line_1_43' title="bbox 193 2432 900 2477; baseline -0.007 -8"><span class='ocrx_word' id='word_1_284' title='bbox 193 2446 257 2470; x_wconf 81' lang='lat' dir='ltr'><strong>rex</strong></span> <span class='ocrx_word' id='word_1_285' title='bbox 277 2435 408 2477; x_wconf 80' lang='lat' dir='ltr'><strong>magnis</strong></span> <span class='ocrx_word' id='word_1_286' title='bbox 425 2439 519 2467; x_wconf 88' lang='lat' dir='ltr'><strong>terra</strong></span> <span class='ocrx_word' id='word_1_287' title='bbox 534 2435 689 2476; x_wconf 87' lang='lat' dir='ltr'><strong>marique</strong></span> <span class='ocrx_word' id='word_1_288' title='bbox 706 2433 813 2475; x_wconf 86' lang='lat' dir='ltr'><strong>copiis</strong></span> <span class='ocrx_word' id='word_1_289' title='bbox 828 2432 900 2465; x_wconf 89' lang='lat' dir='ltr'><strong>bel-</strong></span> 
     </span>
     <span class='ocr_line' id='line_1_44' title="bbox 191 2483 899 2526; baseline -0.008 -6"><span class='ocrx_word' id='word_1_290' title='bbox 191 2488 264 2520; x_wconf 88' lang='lat' dir='ltr'><strong>lum</strong></span> <span class='ocrx_word' id='word_1_291' title='bbox 290 2485 437 2520; x_wconf 84' lang='lat' dir='ltr'><strong>Graeciae</strong></span> <span class='ocrx_word' id='word_1_292' title='bbox 462 2485 589 2518; x_wconf 88' lang='lat' dir='ltr'><strong>intulit.</strong></span> <span class='ocrx_word' id='word_1_293' title='bbox 634 2486 686 2517; x_wconf 88' lang='lat' dir='ltr'><strong>Ex</strong></span> <span class='ocrx_word' id='word_1_294' title='bbox 702 2485 777 2526; x_wconf 85' lang='lat' dir='ltr'><strong>ejus</strong></span> <span class='ocrx_word' id='word_1_295' title='bbox 792 2483 899 2523; x_wconf 83' lang='lat' dir='ltr'><strong>libris,</strong></span> 
     </span>
     <span class='ocr_line' id='line_1_45' title="bbox 193 2534 900 2581; baseline -0.007 -11"><span class='ocrx_word' id='word_1_296' title='bbox 193 2537 286 2581; x_wconf 85' lang='lat' dir='ltr'><strong>quod</strong></span> <span class='ocrx_word' id='word_1_297' title='bbox 302 2537 394 2569; x_wconf 81' lang='lat' dir='ltr'><strong>ultra</strong></span> <span class='ocrx_word' id='word_1_298' title='bbox 406 2539 458 2569; x_wconf 85' lang='grc'><strong>17.</strong></span> <span class='ocrx_word' id='word_1_299' title='bbox 482 2536 629 2576; x_wconf 83' lang='lat' dir='ltr'><strong>fecerat,</strong></span> <span class='ocrx_word' id='word_1_300' title='bbox 652 2540 786 2568; x_wconf 80' lang='lat' dir='ltr'><strong>restant</strong></span> <span class='ocrx_word' id='word_1_301' title='bbox 800 2534 900 2566; x_wconf 87' lang='lat' dir='ltr'><strong>nobis</strong></span> 
     </span>
     <span class='ocr_line' id='line_1_46' title="bbox 194 2584 900 2629; baseline -0.008 -7"><span class='ocrx_word' id='word_1_302' title='bbox 194 2589 303 2622; x_wconf 85' lang='lat' dir='ltr'><strong>solum</strong></span> <span class='ocrx_word' id='word_1_303' title='bbox 326 2586 469 2629; x_wconf 80' lang='lat' dir='ltr'><strong>Hymni,</strong></span> <span class='ocrx_word' id='word_1_304' title='bbox 485 2586 545 2629; x_wconf 89' lang='lat' dir='ltr'><strong>qui</strong></span> <span class='ocrx_word' id='word_1_305' title='bbox 571 2596 661 2620; x_wconf 78' lang='lat' dir='ltr'><strong>nuuc</strong></span> <span class='ocrx_word' id='word_1_306' title='bbox 686 2586 722 2618; x_wconf 90' lang='lat' dir='ltr'><strong>in</strong></span> <span class='ocrx_word' id='word_1_307' title='bbox 750 2584 900 2618; x_wconf 77' lang='lat' dir='ltr'><strong>omnium</strong></span> 
     </span>
     <span class='ocr_line' id='line_1_47' title="bbox 193 2633 900 2677; baseline -0.008 -5"><span class='ocrx_word' id='word_1_308' title='bbox 193 2639 350 2672; x_wconf 86' lang='lat' dir='ltr'><strong>manibus</strong></span> <span class='ocrx_word' id='word_1_309' title='bbox 379 2643 416 2670; x_wconf 92' lang='lat' dir='ltr'><strong>et</strong></span> <span class='ocrx_word' id='word_1_310' title='bbox 451 2645 511 2669; x_wconf 92' lang='lat' dir='ltr'><strong>ore</strong></span> <span class='ocrx_word' id='word_1_311' title='bbox 542 2640 733 2676; x_wconf 83' lang='lat' dir='ltr'><strong>versantur,</strong></span> <span class='ocrx_word' id='word_1_312' title='bbox 756 2644 840 2677; x_wconf 84' lang='lat' dir='ltr'><strong>quos</strong></span> <span class='ocrx_word' id='word_1_313' title='bbox 864 2633 900 2666; x_wconf 89' lang='lat' dir='ltr'><strong>in</strong></span> 
     </span>
     <span class='ocr_line' id='line_1_48' title="bbox 192 2687 900 2730; baseline -0.011 -5"><span class='ocrx_word' id='word_1_314' title='bbox 192 2691 356 2724; x_wconf 83' lang='lat' dir='ltr'><strong>honorem</strong></span> <span class='ocrx_word' id='word_1_315' title='bbox 373 2698 504 2729; x_wconf 84' lang='lat' dir='ltr'><strong>eorum,</strong></span> <span class='ocrx_word' id='word_1_316' title='bbox 517 2688 575 2730; x_wconf 86' lang='lat' dir='ltr'><strong>qui</strong></span> <span class='ocrx_word' id='word_1_317' title='bbox 591 2689 746 2720; x_wconf 86' lang='lat' dir='ltr'><strong>vicerant</strong></span> <span class='ocrx_word' id='word_1_318' title='bbox 768 2687 803 2719; x_wconf 90' lang='lat' dir='ltr'><strong>in</strong></span> <span class='ocrx_word' id='word_1_319' title='bbox 817 2695 900 2728; x_wconf 87' lang='lat' dir='ltr'><strong>qua·</strong></span> 
     </span>
     <span class='ocr_line' id='line_1_49' title="bbox 195 2736 900 2776; baseline -0.01 0"><span class='ocrx_word' id='word_1_320' title='bbox 195 2746 273 2776; x_wconf 81' lang='lat' dir='ltr'><strong>tuor</strong></span> <span class='ocrx_word' id='word_1_321' title='bbox 302 2739 546 2774; x_wconf 82' lang='lat' dir='ltr'><strong>certaminibus</strong></span> <span class='ocrx_word' id='word_1_322' title='bbox 569 2738 784 2775; x_wconf 77' lang='lat' dir='ltr'><strong>Graecorum,</strong></span> <span class='ocrx_word' id='word_1_323' title='bbox 806 2736 900 2770; x_wconf 86' lang='lat' dir='ltr'><strong>vario</strong></span> 
     </span>
    </p>
   </div>
   <div class='ocr_carea' id='block_1_10' title="bbox 951 1367 1661 2775">
    <p class='ocr_par' dir='ltr' id='par_1_12' title="bbox 953 1367 1661 2260">
     <span class='ocr_line' id='line_1_50' title="bbox 955 1367 1659 1410; baseline -0.001 -11"><span class='ocrx_word' id='word_1_324' title='bbox 955 1377 1084 1409; x_wconf 81' lang='lat' dir='ltr'><strong>genere</strong></span> <span class='ocrx_word' id='word_1_325' title='bbox 1105 1367 1293 1400; x_wconf 70' lang='lat' dir='ltr'><strong>carminum</strong></span> <span class='ocrx_word' id='word_1_326' title='bbox 1317 1367 1519 1410; x_wconf 85' lang='lat' dir='ltr'><strong>composuit.</strong></span> <span class='ocrx_word' id='word_1_327' title='bbox 1564 1367 1659 1400; x_wconf 85' lang='lat' dir='ltr'><strong>Reli-</strong></span> 
     </span>
     <span class='ocr_line' id='line_1_51' title="bbox 955 1418 1658 1460; baseline 0 -10"><span class='ocrx_word' id='word_1_328' title='bbox 955 1428 1022 1460; x_wconf 80' lang='lat' dir='ltr'><strong>qua</strong></span> <span class='ocrx_word' id='word_1_329' title='bbox 1036 1418 1111 1460; x_wconf 89' lang='lat' dir='ltr'><strong>ejus</strong></span> <span class='ocrx_word' id='word_1_330' title='bbox 1123 1427 1229 1460; x_wconf 84' lang='lat' dir='ltr'><strong>opera</strong></span> <span class='ocrx_word' id='word_1_331' title='bbox 1249 1418 1385 1460; x_wconf 87' lang='lat' dir='ltr'><strong>perdita</strong></span> <span class='ocrx_word' id='word_1_332' title='bbox 1408 1424 1498 1451; x_wconf 87' lang='lat' dir='ltr'><strong>sunt.</strong></span> <span class='ocrx_word' id='word_1_333' title='bbox 1540 1418 1658 1460; x_wconf 81' lang='lat' dir='ltr'><strong>Scrip-</strong></span> 
     </span>
     <span class='ocr_line' id='line_1_52' title="bbox 953 1468 1660 1511; baseline 0.001 -11"><span class='ocrx_word' id='word_1_334' title='bbox 953 1472 1046 1500; x_wconf 79' lang='lat' dir='ltr'><strong>serat</strong></span> <span class='ocrx_word' id='word_1_335' title='bbox 1069 1468 1231 1509; x_wconf 83' lang='lat' dir='ltr'><strong>Paeanes,</strong></span> <span class='ocrx_word' id='word_1_336' title='bbox 1252 1468 1512 1511; x_wconf 83' lang='lat' dir='ltr'><strong>Dithyrambos,</strong></span> <span class='ocrx_word' id='word_1_337' title='bbox 1531 1469 1660 1510; x_wconf 79' lang='lat' dir='ltr'><strong>Soulia,</strong></span> 
     </span>
     <span class='ocr_line' id='line_1_53' title="bbox 954 1518 1657 1561; baseline 0.001 -10"><span class='ocrx_word' id='word_1_338' title='bbox 954 1518 1156 1561; x_wconf 83' lang='lat' dir='ltr'><strong>Epitaphia,</strong></span> <span class='ocrx_word' id='word_1_339' title='bbox 1168 1519 1343 1560; x_wconf 73' lang='lat' dir='ltr'><strong>Emomia,</strong></span> <span class='ocrx_word' id='word_1_340' title='bbox 1353 1520 1520 1560; x_wconf 82' lang='lat' dir='ltr'><strong>Threnos,</strong></span> <span class='ocrx_word' id='word_1_341' title='bbox 1533 1520 1657 1552; x_wconf 81' lang='lat' dir='ltr'><strong>Proso-</strong></span> 
     </span>
     <span class='ocr_line' id='line_1_54' title="bbox 954 1569 1659 1611; baseline 0.003 -10"><span class='ocrx_word' id='word_1_342' title='bbox 954 1569 1025 1611; x_wconf 85' lang='lat' dir='ltr'><strong>dia,</strong></span> <span class='ocrx_word' id='word_1_343' title='bbox 1049 1569 1247 1610; x_wconf 83' lang='lat' dir='ltr'><strong>Parthenia,</strong></span> <span class='ocrx_word' id='word_1_344' title='bbox 1273 1570 1545 1608; x_wconf 75' lang='lat' dir='ltr'><strong>Enthronismos,</strong></span> <span class='ocrx_word' id='word_1_345' title='bbox 1570 1571 1659 1603; x_wconf 89' lang='lat' dir='ltr'><strong>Bac-</strong></span> 
     </span>
     <span class='ocr_line' id='line_1_55' title="bbox 954 1620 1657 1663; baseline 0 -10"><span class='ocrx_word' id='word_1_346' title='bbox 954 1620 1065 1662; x_wconf 86' lang='lat' dir='ltr'><strong>chica,</strong></span> <span class='ocrx_word' id='word_1_347' title='bbox 1103 1620 1411 1662; x_wconf 81' lang='lat' dir='ltr'><strong>Daphnepherica,</strong></span> <span class='ocrx_word' id='word_1_348' title='bbox 1451 1621 1657 1663; x_wconf 87' lang='lat' dir='ltr'><strong>Hyporche-</strong></span> 
     </span>
     <span class='ocr_line' id='line_1_56' title="bbox 955 1671 1660 1713; baseline 0 -10"><span class='ocrx_word' id='word_1_349' title='bbox 955 1675 1060 1712; x_wconf 88' lang='lat' dir='ltr'><strong>mata,</strong></span> <span class='ocrx_word' id='word_1_350' title='bbox 1076 1671 1243 1703; x_wconf 81' lang='lat' dir='ltr'><strong>Dramata</strong></span> <span class='ocrx_word' id='word_1_351' title='bbox 1256 1671 1402 1712; x_wconf 78' lang='lat' dir='ltr'><strong>tragica,</strong></span> <span class='ocrx_word' id='word_1_352' title='bbox 1423 1681 1499 1713; x_wconf 88' lang='lat' dir='ltr'><strong>quae</strong></span> <span class='ocrx_word' id='word_1_353' title='bbox 1511 1671 1554 1705; x_wconf 89' lang='lat' dir='ltr'><strong>ab</strong></span> <span class='ocrx_word' id='word_1_354' title='bbox 1569 1672 1660 1704; x_wconf 90' lang='lat' dir='ltr'><strong>Her-</strong></span> 
     </span>
     <span class='ocr_line' id='line_1_57' title="bbox 954 1721 1658 1764; baseline -0.001 -9"><span class='ocrx_word' id='word_1_355' title='bbox 954 1731 1111 1764; x_wconf 80' lang='lat' dir='ltr'><strong>mogene,</strong></span> <span class='ocrx_word' id='word_1_356' title='bbox 1134 1721 1193 1754; x_wconf 86' lang='lat' dir='ltr'><strong>ubi</strong></span> <span class='ocrx_word' id='word_1_357' title='bbox 1223 1721 1267 1754; x_wconf 92' lang='lat' dir='ltr'><strong>de</strong></span> <span class='ocrx_word' id='word_1_358' title='bbox 1301 1722 1467 1754; x_wconf 88' lang='lat' dir='ltr'><strong>sermonis</strong></span> <span class='ocrx_word' id='word_1_359' title='bbox 1495 1724 1658 1755; x_wconf 86' lang='lat' dir='ltr'><strong>castitate</strong></span> 
     </span>
     <span class='ocr_line' id='line_1_58' title="bbox 955 1772 1659 1815; baseline -0.003 -9"><span class='ocrx_word' id='word_1_360' title='bbox 955 1774 1043 1815; x_wconf 82' lang='lat' dir='ltr'><strong>agit,</strong></span> <span class='ocrx_word' id='word_1_361' title='bbox 1079 1772 1179 1805; x_wconf 87' lang='lat' dir='ltr'><strong>valde</strong></span> <span class='ocrx_word' id='word_1_362' title='bbox 1215 1772 1408 1806; x_wconf 84' lang='lat' dir='ltr'><strong>laudantur.</strong></span> <span class='ocrx_word' id='word_1_363' title='bbox 1465 1774 1659 1814; x_wconf 78' lang='lat' dir='ltr'><strong>scripserat</strong></span> 
     </span>
     <span class='ocr_line' id='line_1_59' title="bbox 955 1822 1661 1864; baseline -0.001 -9"><span class='ocrx_word' id='word_1_364' title='bbox 955 1823 1039 1855; x_wconf 87' lang='lat' dir='ltr'><strong>item</strong></span> <span class='ocrx_word' id='word_1_365' title='bbox 1054 1823 1310 1864; x_wconf 74' lang='lat' dir='ltr'><strong>Epigrammata</strong></span> <span class='ocrx_word' id='word_1_366' title='bbox 1320 1822 1440 1863; x_wconf 72' lang='lat' dir='ltr'><strong>Epicu,</strong></span> <span class='ocrx_word' id='word_1_367' title='bbox 1451 1827 1488 1854; x_wconf 90' lang='lat' dir='ltr'><strong>et</strong></span> <span class='ocrx_word' id='word_1_368' title='bbox 1504 1822 1546 1855; x_wconf 86' lang='lat' dir='ltr'><strong>ad</strong></span> <span class='ocrx_word' id='word_1_369' title='bbox 1561 1823 1661 1855; x_wconf 82' lang='lat' dir='ltr'><strong>Grae-</strong></span> 
     </span>
     <span class='ocr_line' id='line_1_60' title="bbox 956 1871 1659 1912; baseline -0.001 -7"><span class='ocrx_word' id='word_1_370' title='bbox 956 1881 1015 1905; x_wconf 87' lang='lat' dir='ltr'><strong>cos</strong></span> <span class='ocrx_word' id='word_1_371' title='bbox 1031 1871 1189 1904; x_wconf 86' lang='lat' dir='ltr'><strong>oratione</strong></span> <span class='ocrx_word' id='word_1_372' title='bbox 1204 1871 1315 1903; x_wconf 81' lang='lat' dir='ltr'><strong>soluta</strong></span> <span class='ocrx_word' id='word_1_373' title='bbox 1329 1871 1606 1912; x_wconf 77' lang='lat' dir='ltr'><strong>Admonitiones,</strong></span> <span class='ocrx_word' id='word_1_374' title='bbox 1622 1878 1659 1905; x_wconf 88' lang='lat' dir='ltr'><strong>et</strong></span> 
     </span>
     <span class='ocr_line' id='line_1_61' title="bbox 955 1922 1660 1955; baseline -0.001 0"><span class='ocrx_word' id='word_1_375' title='bbox 955 1924 1063 1955; x_wconf 83' lang='lat' dir='ltr'><strong>multa</strong></span> <span class='ocrx_word' id='word_1_376' title='bbox 1079 1922 1156 1955; x_wconf 83' lang='lat' dir='ltr'><strong>alia.</strong></span> <span class='ocrx_word' id='word_1_377' title='bbox 1199 1922 1299 1954; x_wconf 85' lang='lat' dir='ltr'><strong>Vixit</strong></span> <span class='ocrx_word' id='word_1_378' title='bbox 1321 1931 1428 1954; x_wconf 84' lang='lat' dir='ltr'><strong>annos</strong></span> <span class='ocrx_word' id='word_1_379' title='bbox 1443 1926 1496 1955; x_wconf 88' lang='grc'><strong>55.</strong></span> <span class='ocrx_word' id='word_1_380' title='bbox 1541 1922 1660 1955; x_wconf 87' lang='lat' dir='ltr'><strong>Conti-</strong></span> 
     </span>
     <span class='ocr_line' id='line_1_62' title="bbox 957 1972 1658 2016; baseline 0.003 -11"><span class='ocrx_word' id='word_1_381' title='bbox 957 1974 1008 2016; x_wconf 85' lang='lat' dir='ltr'><strong>git</strong></span> <span class='ocrx_word' id='word_1_382' title='bbox 1033 1978 1148 2005; x_wconf 88' lang='lat' dir='ltr'><strong>autem</strong></span> <span class='ocrx_word' id='word_1_383' title='bbox 1173 1972 1239 2014; x_wconf 85' lang='lat' dir='ltr'><strong>ipsi</strong></span> <span class='ocrx_word' id='word_1_384' title='bbox 1265 1972 1367 2013; x_wconf 84' lang='lat' dir='ltr'><strong>mori,</strong></span> <span class='ocrx_word' id='word_1_385' title='bbox 1389 1977 1428 2004; x_wconf 84' lang='lat' dir='ltr'><strong>ut</strong></span> <span class='ocrx_word' id='word_1_386' title='bbox 1451 1977 1658 2014; x_wconf 79' lang='lat' dir='ltr'><strong>optaverat:</strong></span> 
     </span>
     <span class='ocr_line' id='line_1_63' title="bbox 955 2023 1660 2065; baseline -0.004 -8"><span class='ocrx_word' id='word_1_387' title='bbox 955 2034 1034 2057; x_wconf 90' lang='lat' dir='ltr'><strong>cum</strong></span> <span class='ocrx_word' id='word_1_388' title='bbox 1060 2023 1150 2055; x_wconf 91' lang='lat' dir='ltr'><strong>enim</strong></span> <span class='ocrx_word' id='word_1_389' title='bbox 1175 2023 1347 2064; x_wconf 87' lang='lat' dir='ltr'><strong>petiisset,</strong></span> <span class='ocrx_word' id='word_1_390' title='bbox 1387 2023 1499 2065; x_wconf 89' lang='lat' dir='ltr'><strong>inquit</strong></span> <span class='ocrx_word' id='word_1_391' title='bbox 1523 2024 1660 2065; x_wconf 66' lang='lat' dir='ltr'><strong>Sindus,</strong></span> 
     </span>
     <span class='ocr_line' id='line_1_64' title="bbox 955 2072 1659 2116; baseline -0.001 -10"><span class='ocrx_word' id='word_1_392' title='bbox 955 2079 994 2107; x_wconf 85' lang='lat' dir='ltr'><strong>ut</strong></span> <span class='ocrx_word' id='word_1_393' title='bbox 1009 2073 1098 2116; x_wconf 88' lang='lat' dir='ltr'><strong>quod</strong></span> <span class='ocrx_word' id='word_1_394' title='bbox 1123 2073 1290 2115; x_wconf 88' lang='lat' dir='ltr'><strong>optimum</strong></span> <span class='ocrx_word' id='word_1_395' title='bbox 1311 2072 1346 2104; x_wconf 83' lang='lat' dir='ltr'><strong>iu</strong></span> <span class='ocrx_word' id='word_1_396' title='bbox 1371 2073 1445 2105; x_wconf 85' lang='lat' dir='ltr'><strong>vita</strong></span> <span class='ocrx_word' id='word_1_397' title='bbox 1467 2079 1572 2114; x_wconf 85' lang='lat' dir='ltr'><strong>esset,</strong></span> <span class='ocrx_word' id='word_1_398' title='bbox 1593 2075 1659 2106; x_wconf 85' lang='lat' dir='ltr'><strong>sibi</strong></span> 
     </span>
     <span class='ocr_line' id='line_1_65' title="bbox 954 2123 1659 2166; baseline -0.001 -8"><span class='ocrx_word' id='word_1_399' title='bbox 954 2125 1106 2165; x_wconf 88' lang='lat' dir='ltr'><strong>daretur,</strong></span> <span class='ocrx_word' id='word_1_400' title='bbox 1116 2123 1231 2157; x_wconf 81' lang='lat' dir='ltr'><strong>subito</strong></span> <span class='ocrx_word' id='word_1_401' title='bbox 1243 2127 1396 2156; x_wconf 76' lang='lat' dir='ltr'><strong>mortuus</strong></span> <span class='ocrx_word' id='word_1_402' title='bbox 1405 2129 1458 2156; x_wconf 81' lang='lat' dir='ltr'><strong>est</strong></span> <span class='ocrx_word' id='word_1_403' title='bbox 1469 2124 1585 2166; x_wconf 83' lang='lat' dir='ltr'><strong>capite</strong></span> <span class='ocrx_word' id='word_1_404' title='bbox 1598 2135 1659 2166; x_wconf 91' lang='lat' dir='ltr'><strong>po-</strong></span> 
     </span>
     <span class='ocr_line' id='line_1_66' title="bbox 954 2174 1659 2217; baseline -0.001 -8"><span class='ocrx_word' id='word_1_405' title='bbox 954 2176 1022 2209; x_wconf 90' lang='lat' dir='ltr'><strong>sito</strong></span> <span class='ocrx_word' id='word_1_406' title='bbox 1039 2185 1144 2217; x_wconf 87' lang='lat' dir='ltr'><strong>super</strong></span> <span class='ocrx_word' id='word_1_407' title='bbox 1157 2174 1323 2216; x_wconf 80' lang='lat' dir='ltr'><strong>gremium</strong></span> <span class='ocrx_word' id='word_1_408' title='bbox 1340 2174 1450 2216; x_wconf 86' lang='lat' dir='ltr'><strong>pueri,</strong></span> <span class='ocrx_word' id='word_1_409' title='bbox 1468 2185 1536 2217; x_wconf 92' lang='lat' dir='ltr'><strong>quo</strong></span> <span class='ocrx_word' id='word_1_410' title='bbox 1557 2176 1659 2211; x_wconf 84' lang='lat' dir='ltr'><strong>unice</strong></span> 
     </span>
     <span class='ocr_line' id='line_1_67' title="bbox 954 2225 1206 2260; baseline -0.004 0"><span class='ocrx_word' id='word_1_411' title='bbox 954 2225 1206 2260; x_wconf 80' lang='lat' dir='ltr'><strong>delectabatur.</strong></span> 
     </span>
    </p>

    <p class='ocr_par' dir='ltr' id='par_1_13' title="bbox 955 2277 1658 2419">
     <span class='ocr_line' id='line_1_68' title="bbox 1002 2277 1658 2319; baseline -0.003 -8"><span class='ocrx_word' id='word_1_412' title='bbox 1002 2281 1066 2310; x_wconf 79' lang='lat'><strong>102</strong></span> <span class='ocrx_word' id='word_1_413' title='bbox 1087 2278 1162 2311; x_wconf 79' lang='lat' dir='ltr'><strong>Sive</strong></span> <span class='ocrx_word' id='word_1_414' title='bbox 1183 2277 1293 2319; x_wconf 79' lang='lat' dir='ltr'><strong>chelyn</strong></span> <span class='ocrx_word' id='word_1_415' title='bbox 1313 2277 1405 2309; x_wconf 73' lang='lat' dir='ltr'><strong>tona·</strong></span> <span class='ocrx_word' id='word_1_416' title='bbox 1427 2277 1522 2309; x_wconf 81' lang='lat' dir='ltr'><strong>heroa</strong></span> <span class='ocrx_word' id='word_1_417' title='bbox 1545 2278 1586 2308; x_wconf 81' lang='lat' dir='ltr'><strong>ad</strong></span> <span class='ocrx_word' id='word_1_418' title='bbox 1608 2287 1658 2309; x_wconf 84' lang='lat' dir='ltr'><strong>ro-</strong></span> 
     </span>
     <span class='ocr_line' id='line_1_69' title="bbox 956 2328 1658 2370; baseline -0.003 -9"><span class='ocrx_word' id='word_1_419' title='bbox 956 2329 1046 2370; x_wconf 86' lang='lat' dir='ltr'><strong>bora]</strong></span> <span class='ocrx_word' id='word_1_420' title='bbox 1068 2329 1109 2360; x_wconf 92' lang='lat' dir='ltr'><strong>Id</strong></span> <span class='ocrx_word' id='word_1_421' title='bbox 1127 2332 1193 2369; x_wconf 83' lang='lat' dir='ltr'><strong>est,</strong></span> <span class='ocrx_word' id='word_1_422' title='bbox 1216 2328 1288 2360; x_wconf 85' lang='lat' dir='ltr'><strong>sive</strong></span> <span class='ocrx_word' id='word_1_423' title='bbox 1315 2328 1459 2360; x_wconf 82' lang='lat' dir='ltr'><strong>extollas</strong></span> <span class='ocrx_word' id='word_1_424' title='bbox 1484 2328 1590 2369; x_wconf 88' lang='lat' dir='ltr'><strong>lyram</strong></span> <span class='ocrx_word' id='word_1_425' title='bbox 1614 2328 1658 2359; x_wconf 88' lang='lat' dir='ltr'><strong>ad</strong></span> 
     </span>
     <span class='ocr_line' id='line_1_70' title="bbox 955 2377 1623 2419; baseline -0.001 -8"><span class='ocrx_word' id='word_1_426' title='bbox 955 2378 1179 2412; x_wconf 82' lang='lat' dir='ltr'><strong>celebrandos</strong></span> <span class='ocrx_word' id='word_1_427' title='bbox 1195 2378 1330 2410; x_wconf 82' lang='lat' dir='ltr'><strong>Heroas</strong></span> <span class='ocrx_word' id='word_1_428' title='bbox 1345 2378 1496 2410; x_wconf 80' lang='lat' dir='ltr'><strong>carmine</strong></span> <span class='ocrx_word' id='word_1_429' title='bbox 1511 2377 1623 2419; x_wconf 85' lang='lat' dir='ltr'><strong>epico.</strong></span> 
     </span>
    </p>

    <p class='ocr_par' dir='ltr' id='par_1_14' title="bbox 953 2427 1659 2672">
     <span class='ocr_line' id='line_1_71' title="bbox 1000 2427 1659 2468; baseline 0 -7"><span class='ocrx_word' id='word_1_430' title='bbox 1000 2432 1061 2461; x_wconf 82' lang='lat'><strong>103</strong></span> <span class='ocrx_word' id='word_1_431' title='bbox 1076 2429 1239 2461; x_wconf 79' lang='lat' dir='ltr'><strong>Livenlem</strong></span> <span class='ocrx_word' id='word_1_432' title='bbox 1252 2427 1395 2460; x_wconf 80' lang='lat' dir='ltr'><strong>Satiram</strong></span> <span class='ocrx_word' id='word_1_433' title='bbox 1407 2428 1506 2468; x_wconf 78' lang='lat' dir='ltr'><strong>nigra·</strong></span> <span class='ocrx_word' id='word_1_434' title='bbox 1514 2428 1659 2468; x_wconf 80' lang='lat' dir='ltr'><strong>rubigine</strong></span> 
     </span>
     <span class='ocr_line' id='line_1_72' title="bbox 954 2478 1658 2521; baseline -0.001 -9"><span class='ocrx_word' id='word_1_435' title='bbox 954 2480 1058 2512; x_wconf 75' lang='lat' dir='ltr'><strong>turbes</strong></span> <span class='ocrx_word' id='word_1_436' title='bbox 1069 2478 1208 2520; x_wconf 70' lang='lat' dir='ltr'><strong>[turpes]</strong></span> <span class='ocrx_word' id='word_1_437' title='bbox 1223 2479 1426 2520; x_wconf 72' lang='lat' dir='ltr'><strong>Turpes‚hoc</strong></span> <span class='ocrx_word' id='word_1_438' title='bbox 1439 2479 1582 2510; x_wconf 85' lang='lat' dir='ltr'><strong>verbum</strong></span> <span class='ocrx_word' id='word_1_439' title='bbox 1597 2489 1658 2521; x_wconf 86' lang='lat' dir='ltr'><strong>op·</strong></span> 
     </span>
     <span class='ocr_line' id='line_1_73' title="bbox 954 2529 1658 2570; baseline -0.001 -7"><span class='ocrx_word' id='word_1_440' title='bbox 954 2531 1036 2563; x_wconf 87' lang='lat' dir='ltr'><strong>time</strong></span> <span class='ocrx_word' id='word_1_441' title='bbox 1051 2529 1211 2562; x_wconf 88' lang='lat' dir='ltr'><strong>convenit</strong></span> <span class='ocrx_word' id='word_1_442' title='bbox 1225 2539 1301 2562; x_wconf 88' lang='lat' dir='ltr'><strong>cum</strong></span> <span class='ocrx_word' id='word_1_443' title='bbox 1315 2529 1411 2569; x_wconf 75' lang='lat' dir='ltr'><strong>nigra</strong></span> <span class='ocrx_word' id='word_1_444' title='bbox 1424 2529 1582 2570; x_wconf 78' lang='lat' dir='ltr'><strong>rubigine,</strong></span> <span class='ocrx_word' id='word_1_445' title='bbox 1597 2540 1658 2562; x_wconf 85' lang='lat' dir='ltr'><strong>seu</strong></span> 
     </span>
     <span class='ocr_line' id='line_1_74' title="bbox 953 2579 1657 2622; baseline -0.001 -8"><span class='ocrx_word' id='word_1_446' title='bbox 953 2579 1195 2621; x_wconf 83' lang='lat' dir='ltr'><strong>mordacitate,</strong></span> <span class='ocrx_word' id='word_1_447' title='bbox 1223 2589 1292 2622; x_wconf 82' lang='lat' dir='ltr'><strong>qua</strong></span> <span class='ocrx_word' id='word_1_448' title='bbox 1329 2580 1478 2612; x_wconf 84' lang='lat' dir='ltr'><strong>Satiram</strong></span> <span class='ocrx_word' id='word_1_449' title='bbox 1511 2580 1657 2613; x_wconf 86' lang='lat' dir='ltr'><strong>tinctam</strong></span> 
     </span>
     <span class='ocr_line' id='line_1_75' title="bbox 953 2634 1195 2672; baseline -0.021 -6"><span class='ocrx_word' id='word_1_450' title='bbox 953 2640 1027 2666; x_wconf 76' lang='lat' dir='ltr'><strong>esse</strong></span> <span class='ocrx_word' id='word_1_451' title='bbox 1042 2634 1195 2672; x_wconf 86' lang='lat' dir='ltr'><strong>oportet.</strong></span> 
     </span>
    </p>

    <p class='ocr_par' dir='ltr' id='par_1_15' title="bbox 951 2677 1657 2775">
     <span class='ocr_line' id='line_1_76' title="bbox 997 2677 1657 2720; baseline -0.003 -6"><span class='ocrx_word' id='word_1_452' title='bbox 997 2683 1061 2714; x_wconf 84' lang='grc'><strong>104</strong></span> <span class='ocrx_word' id='word_1_453' title='bbox 1084 2680 1158 2712; x_wconf 83' lang='lat' dir='ltr'><strong>Non</strong></span> <span class='ocrx_word' id='word_1_454' title='bbox 1173 2680 1241 2712; x_wconf 78' lang='lat' dir='ltr'><strong>alta</strong></span> <span class='ocrx_word' id='word_1_455' title='bbox 1253 2677 1344 2719; x_wconf 83' lang='lat' dir='ltr'><strong>cura]</strong></span> <span class='ocrx_word' id='word_1_456' title='bbox 1367 2679 1553 2720; x_wconf 78' lang='lat' dir='ltr'><strong>Eleganter</strong></span> <span class='ocrx_word' id='word_1_457' title='bbox 1568 2678 1657 2712; x_wconf 89' lang='lat' dir='ltr'><strong>dixit</strong></span> 
     </span>
     <span class='ocr_line' id='line_1_77' title="bbox 951 2730 1657 2775; baseline -0.006 -7"><span class='ocrx_word' id='word_1_458' title='bbox 951 2742 1014 2768; x_wconf 73' lang='lat' dir='ltr'><strong>nou</strong></span> <span class='ocrx_word' id='word_1_459' title='bbox 1025 2733 1092 2766; x_wconf 79' lang='lat' dir='ltr'><strong>alta</strong></span> <span class='ocrx_word' id='word_1_460' title='bbox 1105 2741 1192 2775; x_wconf 76' lang='lat' dir='ltr'><strong>cura,</strong></span> <span class='ocrx_word' id='word_1_461' title='bbox 1217 2730 1307 2774; x_wconf 88' lang='lat' dir='ltr'><strong>quod</strong></span> <span class='ocrx_word' id='word_1_462' title='bbox 1330 2731 1496 2773; x_wconf 79' lang='lat' dir='ltr'><strong>Epistoloe</strong></span> <span class='ocrx_word' id='word_1_463' title='bbox 1519 2731 1657 2773; x_wconf 82' lang='lat' dir='ltr'><strong>plebeio</strong></span> 
     </span>
    </p>
   </div>
  </div>
 </body>
</html>
