1800 3060
176 209 231 251 12
766 218 1041 250 PRAErArm.

175 314 424 356 concedat‘l
475 325 604 354 nemo
640 314 783 364 certe3
825 312 914 353 nisi
953 313 1005 364 si·
1027 311 1128 366 quis
1163 314 1252 353 tam
1286 311 1422 355 durus
1455 314 1632 369 reperiri

175 385 325 436 queat,
345 385 395 422 ut
412 380 605 422 fateatur
634 392 681 420 se
712 383 864 421 vetera
884 383 928 420 et
948 380 1065 420 falsa
1095 392 1228 433 quam
1248 381 1444 423 recentia
1462 387 1509 424 et
1528 396 1633 426 vera

174 447 333 489 malle:
365 447 492 501 cujus
513 446 842 487 sinisteritatem
862 459 945 499 pro
969 445 1138 499 judicio
1160 447 1399 499 suspicere,
1419 461 1490 490 nae
1509 454 1632 492 esset

173 515 387 556 indicium
407 513 565 555 mentis
585 513 784 563 infirmae,
804 516 847 554 et
866 513 1065 554 veritatis
1084 514 1260 554 numine
1277 527 1431 568 parum
1452 522 1630 560 contac-

174 587 247 624 tae.
306 583 320 603 ‘
342 581 566 623 Revereor
600 594 709 622 sane
743 578 816 635 (ut
846 581 920 622 ille
953 581 1033 631 ait,
1069 580 1127 622 ad
1159 581 1336 623 Livium
1369 593 1518 625 XXIV.
1538 585 1631 639 25.)

172 648 362 691 Veteres
383 649 567 700 Libros3
597 648 660 689 ita
681 652 828 689 tamen
849 653 900 690 ut
918 648 1092 689 illorum
1116 648 1384 702 scripturam
1403 663 1630 706 nunquam

172 718 431 770 praevertam
463 715 504 756 ei
526 727 659 768 quam
682 715 809 768 ipsos
828 718 1035 756 auctores
1054 715 1286 769 reliquisse
1307 716 1515 759 credibile
1535 718 1632 762 est.’

173 781 369 833 Quando
388 782 520 835 igitur
539 783 583 823 in
603 782 796 823 Textum
812 782 1000 822 admitto
1021 779 1361 838 Parthenopeque
1379 797 1460 837 pro
1481 783 1630 840 quor

171 855 210 890 et
228 848 321 890 inde
333 865 348 894 ,·
391 848 440 890 Si
460 850 636 905 conjunx
657 863 737 904 pro
763 847 892 904 Sylva
913 863 1025 892 una,-
1068 847 1220 904 Meque
1238 849 1406 891 habitus
1425 865 1629 908 moresque
1667 879 1670 881 Δ

170 930 251 970 pro
275 916 413 972 Atque
433 915 512 958 tibi
529 930 732 972 moresque
747 930 762 960 ,·
796 915 988 971 lacrymis
1006 929 1087 970 pro
1115 914 1239 957 oculis
1255 932 1271 962 ;
1317 916 1527 959 decoravit
1544 932 1628 974 pro

164 984 382 1037 peraravit
393 1000 409 1029 ,·
453 987 499 1025 et
531 989 708 1025 centum
743 983 835 1025 alia
869 983 1068 1038 ejusdem
1100 983 1305 1026 audaciae
1332 989 1376 1026 et
1402 986 1627 1040 veritatis;

170 1051 299 1101 scito,
322 1051 495 1100 Lector,
513 1064 583 1092 me
605 1051 719 1092 adeo
739 1064 825 1092 non
845 1054 996 1105 petere
1015 1050 1206 1101 veniam,
1227 1056 1277 1093 ut
1293 1052 1424 1094 etiam
1445 1052 1524 1095 tibi
1542 1054 1626 1096 im-

168 1124 332 1173 putem.
390 1117 540 1172 Atque
559 1118 726 1159 utinam
754 1119 853 1172 pari
885 1118 1147 1160 certitudine
1176 1121 1320 1172 (paene
1341 1119 1626 1164 Mathemati-

169 1184 245 1240 ca)
274 1186 321 1226 in
348 1187 507 1228 ceteris
537 1184 794 1227 difficilibus
826 1185 938 1228 locis
957 1185 1124 1227 versari
1159 1187 1432 1240 potuissem!
1477 1189 1626 1232 omnia

168 1266 257 1294 uno
273 1253 424 1294 ordine
445 1253 714 1303 habuissem,
746 1252 947 1294 Catienis
977 1252 1097 1294 mille
1119 1253 1321 1296 ducentis
1341 1256 1624 1300 reclamanti·

168 1321 264 1361 bus.
325 1319 448 1371 Quid
470 1321 587 1362 enim
621 1320 753 1362 refert
772 1334 799 1362 a
831 1333 922 1375 qua
947 1324 1070 1375 parte
1101 1322 1266 1373 veniat,
1296 1323 1428 1365 modo
1446 1325 1624 1376 venerit,

168 1388 364 1429 veritas?
409 1388 566 1430 eadem
597 1394 669 1430 est
702 1389 816 1438 Dea,
849 1389 946 1430 sive
980 1401 1008 1430 a
1039 1401 1110 1430 me
1143 1392 1187 1430 et
1217 1389 1406 1441 Cruceo,
1436 1392 1533 1434 sive
1563 1392 1623 1434 ab

169 1455 360 1497 Heinsio
381 1459 424 1497 et
456 1455 684 1498 Gronovio
704 1456 748 1497 in
767 1456 912 1497 lucem
930 1455 1200 1510 proferatur;
1230 1456 1318 1498 nisi
1334 1458 1624 1514 nobismetip-

168 1523 232 1565 sis
254 1528 346 1565 tam
375 1523 556 1578 maligni
577 1529 623 1566 et
641 1523 781 1579 iniqui
794 1523 974 1578 judices
993 1536 1092 1565 esse
1111 1523 1332 1575 volumus,
1351 1528 1402 1567 ut
1419 1525 1544 1580 quod
1564 1527 1622 1569 ab

167 1591 268 1633 aliis
299 1591 540 1647 profectum
570 1604 652 1645 pro
683 1603 787 1632 vero
818 1590 966 1632 statim
997 1590 1396 1644 amplecteremur3
1436 1593 1496 1643 id,
1515 1594 1624 1648 quia

166 1663 360 1701 nostrum
382 1664 468 1710 est,
487 1659 600 1701 inter
631 1659 766 1701 dubia
783 1659 1065 1714 rejiciamus:
1095 1672 1194 1713 quae
1224 1659 1404 1713 quidem
1421 1659 1623 1702 diffiden-

167 1727 230 1769 tia
252 1740 280 1769 ει
308 1727 480 1782 judicio
515 1732 561 1768 et
590 1739 697 1770 vero
730 1727 929 1782 profectu
960 1739 1087 1781 aeque
1118 1727 1249 1781 longe
1269 1732 1440 1771 remota
1459 1730 1543 1779 est,
1563 1741 1619 1777 ac

167 1795 423 1849 oppositum
444 1793 543 1848 ejus
569 1792 764 1848 φιλαυτία.
828 1793 946 1836 Haec
977 1806 1152 1848 semper
1180 1794 1267 1835 sibi
1290 1794 1540 1848 applaudit,
1559 1800 1621 1847 et,

165 1862 271 1903 licet
290 1861 482 1912 fallatur,
502 1875 594 1903 rem
620 1863 735 1903 bene
763 1866 934 1916 gestam
961 1865 1184 1904 autumat:
1223 1861 1302 1903 illa
1321 1874 1494 1916 semper
1511 1875 1620 1917 pen-

166 1929 240 1971 det
259 1934 305 1970 et
324 1928 507 1970 fluctuat
529 1929 665 1970 etiam
686 1930 730 1970 in
749 1929 884 1981 veris3
916 1934 1036 1971 certe
1066 1933 1212 1970 autem
1245 1933 1334 1970 tam
1354 1933 1517 1983 peccat
1542 1930 1620 1984 qui

165 1996 272 2038 nihil
292 1996 428 2038 credit
445 2010 575 2050 quam
597 1997 673 2050 qui
693 1996 875 2038 omnia:
916 1999 961 2037 et
990 1995 1030 2037 si
1060 1996 1116 2037 ab
1148 1995 1353 2038 alterutro
1383 1995 1526 2050 perire
1545 2010 1620 2039 ne-

167 2077 293 2105 cesse
314 2064 384 2113 sit,
399 2064 569 2105 felicior
588 2064 761 2104 videtur
781 2075 878 2104 sors
898 2062 1030 2118 copia
1048 2075 1178 2117 quam
1197 2061 1312 2103 fame
1332 2063 1619 2117 pereuntium.

166 2131 257 2173 Sed
289 2131 476 2172 mediam
507 2131 622 2172 viam
653 2131 819 2172 insistit
841 2130 1085 2185 judicium3
1132 2139 1275 2184 neque
1306 2130 1424 2172 ultra
1454 2129 1619 2172 Verum

165 2197 455 2253 progreditur,
475 2211 615 2252 neque
636 2199 748 2241 citra
769 2198 933 2240 deficit.

225 2265 330 2307 Non
361 2269 508 2307 tamen
539 2265 646 2306 mihi
676 2266 722 2306 in
755 2265 837 2307 hac
864 2268 988 2318 parte
1009 2263 1310 2319 conjecturali,
1331 2276 1436 2318 quae
1457 2264 1620 2318 cuique

164 2331 361 2373 maxime
381 2331 679 2382 adblanditur,
701 2345 874 2386 semper
909 2331 1101 2373 indulsi:
1133 2331 1213 2373 sed
1239 2331 1503 2386 ubicumque
1523 2335 1616 2373 erat

165 2399 432 2440 dubitationi
453 2399 598 2449 locus,
620 2399 930 2454 Conjecturam
952 2399 1009 2440 ad
1034 2399 1167 2440 imam
1197 2397 1407 2451 paginam
1427 2399 1616 2452 plerum-

166 2479 253 2520 que
274 2466 462 2507 detrusi:
506 2467 620 2507 unde
640 2473 769 2520 petas
800 2468 922 2517 licet,
944 2467 982 2508 si
1002 2479 1091 2508 non
1112 2466 1259 2521 ipsum
1283 2465 1490 2515 Statium,
1512 2478 1614 2507 sen-

166 2546 266 2575 sum
286 2536 433 2573 tamen
452 2533 630 2586 vulgato
650 2534 884 2588 potiorem,
917 2537 960 2575 et
993 2534 1120 2588 quus
1151 2533 1198 2573 in
1231 2532 1366 2574 Notis
1398 2533 1615 2575 rationem

164 2600 366 2651 reddam3
398 2611 512 2653 quas
536 2601 641 2654 quia
669 2614 759 2642 non
788 2602 927 2642 otium
956 2605 1033 2642 aut
1054 2601 1226 2642 animus
1245 2599 1327 2640 tibi
1346 2598 1457 2641 forte
1477 2599 1613 2642 fuerit

165 2667 437 2717 consulendi,
465 2668 602 2709 statui
622 2667 706 2709 hoc
726 2673 860 2721 pacto
883 2667 1086 2709 decidere
1107 2680 1206 2708 cum
1228 2665 1402 2707 deliciis
1423 2671 1470 2707 et
1488 2666 1612 2708 fasti-

165 2734 240 2776 dio
260 2738 363 2775 tuos
411 2733 553 2775 Extra
572 2733 652 2776 hos
674 2734 783 2776 fines
804 2737 840 2778 si
860 2748 930 2778 me
961 2738 1219 2789 evagantem
1244 2746 1436 2789 unquam
1457 2732 1610 2788 depre-
