1800 3060
236 204 323 245 364
739 219 777 247 P.
812 219 1002 248 PAP1N11
1037 219 1201 250 s'rA'rn

239 311 345 352 Non
367 315 484 353 totus
505 312 677 365 rapiere
698 315 860 362 tamen,
881 326 959 354 nec
980 314 1133 355 funera
1160 315 1327 356 mittam
1613 315 1699 356 195

239 378 460 430 Longius:
494 378 567 419 hic
588 390 757 428 manes,
778 380 849 420 hic
870 380 985 421 intra
1005 384 1124 421 tecta
1145 382 1320 422 tenebo.

237 445 306 486 Tu
329 448 491 494 custos,
511 444 803 499 dominusque
824 446 960 498 laris3
991 448 1072 487 tibi
1089 453 1251 489 cuncta
1273 453 1449 489 tuorum

240 512 488 554 Parebunt:
518 525 600 566 ego
622 513 702 553 rite
721 514 875 564 minor,
897 527 1160 568 semperque
1179 514 1399 556 secundus

238 577 460 620 Assiduas
480 579 632 620 libabo
654 580 796 633 dapes
818 585 861 621 et
879 580 1045 634 pocula
1066 581 1208 622 sacris

241 646 465 696 Manibus,
486 646 738 701 effigiesque
760 648 905 689 colam
923 662 933 689 :
966 653 1011 689 te
1033 648 1185 690 lucida
1207 661 1335 698 saxa,

239 713 305 755 Te
326 714 514 754 similem
537 713 684 755 doctae
707 714 863 755 referet
880 715 985 755 mihi
1006 715 1122 756 linea
1143 728 1255 756 cerae
1272 729 1281 756 :

239 780 372 822 Nunc
395 782 516 831 ebur,
536 787 581 823 et
600 781 769 822 fulvum
791 782 936 824 vultus
957 783 1197 825 imitabitur
1217 795 1387 824 aurum.

239 847 352 889 Inde
375 850 491 890 viam
512 862 696 899 morum,
718 849 948 902 longaeque
969 851 1180 891 examina
1203 850 1323 899 vitae,

238 915 502 970 Affatusque
522 917 639 970 pios,
658 916 967 970 monituraque
987 917 1164 957 somnia
1185 929 1385 970 poscam.

1611 649 1696 701 200

237 1041 293 1062 nec
307 1032 433 1063 mittam
447 1032 570 1072 longius
584 1033 741 1073 exequias.
787 1033 854 1064 Hic
869 1043 974 1065 manes
985 1037 1068 1073 tuos,
1082 1034 1133 1065 hic
1146 1034 1232 1065 intra
1247 1035 1370 1066 domum
1382 1034 1501 1066 tenebo.
1533 1034 1578 1066 Tu
1593 1038 1696 1067 udos

237 1077 268 1105 et
282 1075 424 1106 dominus
438 1077 574 1113 oedium;
598 1086 700 1107 omnes
716 1076 764 1106 tui
776 1076 835 1107 tibi
849 1077 1005 1108 serviem:
1039 1087 1095 1116 ego
1112 1077 1188 1116 jure
1202 1077 1344 1116 inferior,
1357 1081 1388 1109 et
1402 1087 1520 1118 semper
1533 1079 1695 1118 secundus,

236 1116 367 1157 offeram
372 1117 501 1157 Jugnter
512 1118 595 1149 cibos
613 1121 645 1149 et
669 1121 804 1149 crateres
816 1123 879 1149 tuoe
901 1120 1028 1156 umbrae,
1051 1123 1083 1151 et
1105 1120 1272 1151 venerabor
1286 1124 1373 1151 tuam
1396 1120 1574 1160 imaginem.
1619 1120 1695 1152 Fut-

234 1159 347 1198 gentia
361 1170 516 1192 marmora
538 1164 570 1192 et
593 1161 674 1192 linea
696 1162 809 1200 peritae
834 1171 914 1193 cerae
938 1165 969 1193 te
985 1162 1062 1193 mihi
1085 1162 1370 1202 repraesentabunt:
1403 1172 1483 1194 nunc
1505 1162 1594 1198 ebur.
1613 1172 1696 1194 nune

229 1202 355 1239 fulvum
369 1213 480 1234 auram
494 1203 646 1244 exprimet
668 1207 754 1234 tuum
776 1205 906 1235 uultum.
951 1205 1030 1236 Inde
1053 1207 1159 1246 petam
1184 1206 1323 1244 regulam
1343 1215 1475 1243 morum,
1499 1209 1531 1236 et
1554 1205 1696 1245 emti«,

235 1245 345 1285 quibus
357 1245 496 1286 dirigam
511 1247 635 1286 longam
648 1246 757 1287 vitam,
781 1250 811 1277 ei
827 1247 960 1287 alloquia
973 1248 1136 1288 religiosa,
1157 1251 1188 1278 et
1202 1249 1321 1279 monita
1335 1248 1369 1279 in
1384 1248 1508 1279 somnis.
1553 1248 1634 1279 Hoec
1645 1247 1694 1278 «ii-

848 1335 1084 1348 mmm&

237 1404 353 1442 quanto
368 1401 499 1437 melina,-
524 1405 560 1432 et
577 1401 626 1432 sic
640 1401 771 1431 mavult
787 1400 951 1432 Heinsius
968 1400 1010 1431 ad
1028 1400 1131 1432 Ovid.
1154 1401 1176 1432 Ι.
1192 1404 1333 1433 c.—198
1355 1401 1470 1433 Parm.
1484 1411 1542 1441 ego
1555 1401 1618 1432 rite
1631 1409 1696 1432 me-

236 1446 422 1475 mon—199
445 1443 580 1475 Assiduae
617 1444 716 1475 Rom.
740 1444 884 1474 Venett.
913 1442 1017 1474 Aldd,
1048 1443 1170 1478 Colin.r
1189 1444 1322 1485 Grypb.
1348 1445 1453 1476 Basil.
1483 1444 1598 1475 Piam-
1626 1445 1694 1474 &c-

236 1487 391 1518 Assiduus
406 1486 522 1518 Parm.
535 1486 626 1528 quod
639 1486 815 1518 revocavit
832 1485 1176 1518 Marklandus.—2oo
1193 1487 1337 1518 Rom.et
1348 1492 1418 1518 vet.
1436 1485 1694 1526 Lindenbrogii,

235 1530 339 1560 dulcia
353 1539 445 1568 saxa,
461 1529 570 1560 literis
585 1528 923 1568 transpositis—201
951 1528 1115 1560 Heinsius
1132 1529 1164 1560 in
1190 1538 1250 1560 ora
1263 1529 1313 1560 sui
1330 1529 1536 1569 exemplaris
1549 1528 1697 1568 corrige-

235 1571 295 1603 bat
310 1572 414 1603 dactoe
429 1581 492 1612 pro
513 1573 625 1610 ἀοι-ηε,
640 1570 814 1602 referente
838 1569 889 1602 Cl.
910 1570 1106 1602 Burmanno
1123 1571 1166 1603 ad
1190 1570 1293 1604 Ovid.
1318 1571 1461 1604 Heroid.
1491 1572 1601 1612 Epist.
1630 1577 1695 1602 Χῖ.

235 1616 311 1646 21⁰.
334 1615 394 1646 ubi
412 1619 512 1656 putat
533 1615 616 1646 nihil
638 1615 703 1646 hoc
726 1614 801 1645 loco
818 1613 1046 1645 innovandum
1059 1616 1256 1646 πᾶα-204
1279 1615 1375 1646 Rom.
1389 1614 1601 1655 morituraque
1614 1622 1695 1644 sont-

897 1699 1040 1732 NOTAE

235 1765 411 1805 oriundus,
427 1765 524 1806 enjus
540 1765 725 1797 descensus
751 1764 786 1796 in
801 1763 937 1796 Inferos

236 1817 448 1856 notissimus,
478 1816 607 1857 quique
633 1825 777 1847 uxorem
808 1825 828 1846 a
859 1815 937 1847 Diis

237 1866 430 1899 Inferorum
458 1866 645 1898 obtinuisse
674 1866 812 1897 dicitur.
875 1866 938 1896 Pro

233 1917 341 1957 patre]
365 1917 474 1949 Quam
492 1926 554 1957 pro
566 1916 690 1947 marito
706 1921 742 1947 et
767 1925 886 1956 uxore,
899 1919 938 1946 ut

235 1965 396 1998 fecerunt
414 1966 554 1997 Alceste
568 1970 606 1996 et
621 1965 794 2006 Orpheus.

279 2018 343 2048 196
365 2016 433 2046 Hic
455 2025 571 2054 mnes,
592 2015 643 2046 laic
656 2015 742 2046 intra
756 2018 839 2046 tecta
853 2018 938 2047 tene-

235 2066 290 2108 bo]
313 2065 482 2098 Habendo
498 2065 629 2097 scilicet
649 2065 740 2096 domi
759 2071 835 2096 tuas
858 2066 940 2097 ima-

239 2119 351 2160 gines,
367 2122 568 2159 statuasque
585 2127 624 2148 ac
641 2117 798 2149 tabellas.

280 2171 343 2200 199
366 2167 515 2199 Assiduus
537 2167 638 2198 libabo
661 2168 755 2208 dapes
777 2170 809 2198 et
831 2167 940 2207 pocula

234 2219 332 2251 sacris
346 2217 510 2258 Manibus]
534 2219 613 2250 Non
624 2218 679 2248 bae
695 2217 800 2257 dapes
816 2217 939 2248 inteili-

236 2270 358 2311 gendae
375 2269 418 2300 de
432 2268 557 2300 mensis
572 2267 615 2299 ad
631 2268 787 2308 sepuicra
805 2267 939 2308 posim,

236 2325 274 2352 ut
289 2329 362 2351 mos
377 2323 453 2350 erat
484 2319 709 2350 Romanorum
735 2327 776 2349 ac
802 2317 938 2348 Graeco-

234 2381 331 2402 rum:
354 2370 416 2402 sed
442 2370 484 2401 de
508 2370 632 2400 mensis
650 2368 768 2409 positis
785 2378 824 2400 ac
835 2368 935 2409 dapi-

232 2421 296 2453 bus
314 2420 438 2452 oblatis
465 2419 508 2451 ad
539 2419 705 2460 imagines
733 2422 935 2459 statuasque

234 2470 373 2503 Etrusci
401 2470 520 2510 patris,
555 2478 638 2511 quas
665 2468 756 2500 domi
785 2468 934 2499 babebat

235 2521 402 2552 Etruscus
422 2518 524 2560 filius,
547 2518 644 2561 quasi
672 2519 805 2550 viveret
820 2525 931 2559 pater.

234 2571 283 2603 Et
297 2571 361 2602 boe
384 2570 488 2601 etiam
511 2579 555 2600 ex
578 2579 686 2608 more,
703 2578 770 2610 quo
793 2569 931 2609 epulum

232 2621 312 2653 Diis
327 2619 511 2651 libabatur.
557 2619 635 2651 Quo
661 2628 743 2649 sane
765 2627 933 2649 summum

234 2671 270 2702 in
286 2674 422 2711 patrem
449 2669 578 2701 cultum
602 2667 795 2699 testabatur
816 2667 936 2698 Etrus-

235 2721 554 2813 ttugssmgfflsqw
582 2767 695 2810 colam]
726 2767 874 2800 Veteres
901 2776 936 2799 e-

991 1764 1060 1796 nim
1075 1764 1246 1796 habebant
1269 1763 1360 1796 domi
1384 1763 1549 1804 imagines
1571 1771 1692 1804 paren·

992 1818 1063 1846 tum
1080 1814 1335 1855 amicorumque
1356 1812 1613 1853 defunctorum,
1635 1822 1694 1844 co·

991 1865 1188 1906 lebantque.
1236 1865 1281 1896 Te
1307 1864 1411 1896 lucida
1434 1863 1528 1904 saxa]
1563 1863 1695 1896 Lucida

991 1925 1075 1947 saxa
1090 1925 1155 1946 non
1180 1919 1259 1946 sunt
1282 1914 1402 1955 polita,
1427 1914 1488 1945 sed
1512 1914 1621 1955 picta,
1642 1914 1694 1945 lu-

991 1965 1080 1997 mine
1095 1964 1255 2006 figurata,
1266 1965 1314 1996 ait
1328 1965 1533 1997 Gronovius.

1033 2019 1096 2047 201
1123 2016 1165 2047 Te
1178 2015 1325 2058 similem]
1349 2015 1392 2047 Id
1414 2019 1478 2055 est,
1502 2019 1594 2047 tuam
1609 2013 1693 2045 imn-

993 2067 1118 2108 ginem.
1161 2065 1276 2108 Linea]
1311 2066 1491 2098 Pictorum
1521 2064 1611 2096 euim
1638 2067 1695 2096 est

995 2117 1101 2148 lineas
1118 2116 1258 2147 ducere.

1036 2170 1100 2198 202
1126 2165 1228 2206 Ebur]
1251 2165 1292 2197 Id
1309 2169 1373 2205 est,
1396 2168 1511 2196 statua
1525 2163 1690 2196 eburnea.

994 2216 1133 2257 Aurum]
1158 2215 1273 2247 Aurea
1288 2215 1400 2256 imago
1416 2223 1476 2246 seu
1492 2218 1619 2245 statua.

1042 2269 1107 2298 204
1129 2264 1316 2306 Affatusqtoe
1351 2264 1433 2305 pion,
1478 2265 1694 2304 monitumque

990 2317 1108 2349 somnia
1121 2314 1258 2357 poscam]
1289 2315 1342 2346 Ex
1365 2314 1610 2356 superstitione
1635 2323 1693 2345 ve-

993 2373 1115 2406 terum,
1136 2365 1194 2407 qui
1209 2363 1401 2396 credebaut
1415 2363 1544 2394 animas
1560 2372 1692 2403 eorum,

992 2426 1075 2458 quos
1105 2414 1352 2447 amantissimos
1375 2423 1415 2446 ac
1429 2413 1622 2446 carissimos
1635 2414 1692 2446 ha-

988 2466 1133 2498 buerant
1148 2465 1181 2496 in
1196 2464 1280 2503 vita,
1305 2463 1370 2495 sibi
1396 2473 1461 2505 per
1477 2468 1619 2495 noctem
1641 2463 1691 2495 in·

987 2516 1121 2548 terdum
1148 2522 1330 2555 apparere,
1351 2522 1389 2544 se
1411 2513 1549 2554 alioqui,
1564 2522 1607 2544 ae
1623 2522 1693 2544 mo-

987 2574 1069 2598 nere
1085 2565 1128 2597 de
1144 2564 1244 2596 rebus
1260 2562 1303 2595 ad
1317 2563 1462 2595 salutem
1484 2571 1579 2594 suam
1595 2573 1693 2605 spec·

987 2614 1154 2655 tentibus,
1167 2618 1206 2645 ut
1217 2612 1363 2644 diximus
1378 2612 1421 2644 ad
1437 2613 1526 2644 hunc
1535 2613 1690 2645 Geneth-

988 2666 1065 2697 liaci
1080 2663 1208 2696 Lucani
1224 2672 1378 2696 versumz
1399 2662 1534 2705 ‘ipsum
1554 2662 1615 2696 sed
1633 2672 1692 2696 co·

989 2715 1054 2756 lit:
1082 2717 1146 2749 &c-

1789 2200 1800 2215 ιτ
1792 2126 1800 2176 ΛΜ.
1783 2063 1800 2102 *ἡ
1785 1909 1800 2053 ,τίῆ-ιιι.
1792 1868 1800 1890 ιγ
1790 1823 1800 1855 ι,ι
1794 1789 1800 1810 ..
1793 1764 1800 1770 .
