1800 3060
207 171 293 213 3:38

706 182 745 211 P.
779 182 971 213 PAPINll
1003 180 1170 214 STATlI

207 277 423 331 Antiquae
448 276 694 330 Babylonis
716 289 842 330 opes,
865 280 909 319 et
929 277 1141 331 Zeugma,
1158 277 1328 320 Latinae

208 346 348 388 Pacis
367 346 471 387 iter:
502 357 593 398 qua
614 345 744 386 dulce
764 358 918 386 nemus
939 345 1140 387 florentis
1158 345 1362 399 1dumes3

208 412 315 465 Quo
332 413 532 468 pretiosa
550 412 696 466 Tyros
716 413 886 463 rubeat,
903 426 991 468 quo
1007 427 1203 468 purpura
1222 414 1327 455 fuco

207 543 300 583 lonis,
321 547 353 575 et
369 543 523 583 Zeugma.
539 554 600 584 qua
615 554 704 575 arma
720 545 864 576 Romana
887 544 1018 586 liberum
1033 546 1095 577 iter
1116 547 1263 578 reddunt.
1309 546 1452 586 Reseres,
1465 545 1572 578 ubisit
1585 547 1672 588 sylva

207 596 326 627 amoena
341 587 451 618 dicitis
469 587 624 619 Idumeae:
658 598 717 628 quo
731 597 821 619 succo
844 588 982 628 pretiosa
999 589 1097 630 Tyros
1119 589 1239 626 rubeat,
1262 599 1320 631 quo
1340 600 1479 632 purpura
1492 589 1625 631 repetita
1639 589 1674 619 in

820 684 939 696 eeeeee

943 684 1061 696 eeeeee

202 749 389 781 lectionem
415 752 588 781 testantur
613 748 717 782 Aldd.
735 752 766 780 1.
782 752 814 781 2.
841 749 952 782 Colin.
980 750 1113 791 Gryph.
1140 753 1170 782 1.
1195 754 1227 782 2.
1251 751 1359 783 Basil.
1386 754 1417 783 1.
1443 753 1474 784 2.
1497 752 1672 782 &zm—137

204 793 323 824 Parm.
338 796 369 823 et
385 792 527 830 Zeuma;
551 793 649 824 Rom.
670 795 701 823 et
722 792 988 832 Zaugma.—139
1013 794 1084 829 Qua
1099 794 1238 834 preciosa
1256 794 1357 835 Tyros
1371 794 1492 834 rubeat,
1514 803 1574 835 qua
1596 802 1671 833 pur-

199 845 283 876 pura
298 845 386 867 succo
403 835 545 867 Venett.
562 835 678 867 Parm.
696 835 791 866 Rom.
809 835 910 867 Aldd.
928 836 1039 867 Colin.
1058 836 1190 877 Grypli.
1206 837 1313 867 Basil.
1330 839 1395 870 διο.

1441 837 1511 873 Quo
1531 835 1672 877 pretiosa

205 879 306 919 Tyros
317 877 441 920 rubeat,
455 888 514 919 quo
525 887 664 920 purpura
679 887 768 910 succo
780 878 932 911 Gronov.
948 879 1065 912 Diatr.
1079 888 1156 919 cap.
1171 881 1224 910 34.
1237 883 1360 920 postea
1373 883 1452 912 vero
1465 878 1672 918 ediditsuco.

867 974 1008 1006 NOTAE

202 1054 312 1082 retur.
358 1049 486 1091 Hodie,
503 1050 650 1082 Bochara
664 1050 803 1082 dicitur.
831 1051 910 1082 Mil-

203 1102 237 1132 le
254 1100 391 1132 urbium
407 1111 550 1142 regnum
567 1101 787 1132 Bactrianam
803 1101 911 1132 tradit

202 1152 338 1193 Trogus
359 1151 419 1184 lib.
435 1160 512 1184 xm.
558 1151 661 1183 Unde
682 1152 773 1192 regia
789 1152 912 1197 Bactra

202 1203 378 1242 dicuntur,
395 1203 447 1234 vel
463 1202 543 1244 quia
556 1202 656 1234 sedes
679 1207 757 1234 erat
778 1211 911 1243 regum.

201 1253 424 1285 Bactrianam
454 1257 568 1285 autem
600 1263 678 1285 cum
714 1253 909 1295 Margiana,

198 1303 384 1345 Sogdiana,
406 1313 446 1336 ac
470 1304 635 1336 Sacarum
650 1304 789 1345 regione
806 1304 906 1336 hodie

198 1355 317 1387 vocari
330 1355 521 1387 Tartar-iam
544 1356 765 1396 Zagathaeam
787 1355 909 1388 scribit

198 1405 324 1447 Niger.
379 1406 496 1438 Sacros
518 1405 605 1447 opes]
640 1405 695 1437 Ob
726 1405 908 1438 Chaldaeos

199 1456 404 1498 Magosmre,
436 1457 495 1498 qui
530 1457 643 1497 primi,
680 1460 718 1488 ut
749 1454 908 1488 referunt

199 1506 330 1544 Graeci,
341 1507 610 1548 Orientalesque
622 1506 825 1548 scriptores,
835 1507 908 1538 De-

198 1565 296 1589 orum
321 1558 452 1589 cultum
479 1557 715 1598 instituerunt,
738 1557 907 1589 homines-

200 1617 268 1649 que
280 1607 470 1639 docuerunt
487 1617 540 1638 res
558 1607 599 1638 ad
618 1616 727 1646 sacra,
752 1606 907 1649 ritusque

199 1658 372 1700 religionis
387 1662 596 1699 spectantes,
612 1658 783 1700 primique
795 1657 838 1690 de
849 1667 907 1689 na-

199 1715 280 1744 tura
294 1717 330 1744 et
343 1712 474 1753 origine
488 1713 643 1744 Deorum
659 1711 908 1751 disseruerunt,

198 1767 380 1805 motusque
406 1764 566 1795 coelestes
591 1763 832 1802 observarunt,
858 1766 907 1802 et,

197 1819 237 1845 ut
259 1814 310 1846 ait
325 1817 446 1846 auctor
462 1814 634 1845 Arabicus
651 1813 838 1854 Gregorius
861 1812 908 1845 A·

198 1863 410 1904 bulfaragius
423 1864 591 1906 Dynastia
606 1873 657 1895 1v.
674 1873 754 1905 pag.
771 1865 823 1895 74.
838 1863 906 1904 pri—

197 1915 243 1946 mi
260 1915 398 1954 sacella,
415 1919 453 1946 ut
475 1919 554 1946 utar
578 1914 690 1945 verbis
717 1914 832 1945 Latini
855 1914 906 1944 in-

197 1965 378 2005 terpretis,
399 1968 670 1996 construxerunt
693 1964 737 1996 ad
763 1964 905 1995 elicien-

197 2014 260 2046 das
276 2014 424 2046 siderum
447 2015 610 2051 virtutes,
633 2019 669 2047 et
683 2014 904 2047 manifestan-

198 2064 261 2096 das
277 2064 428 2105 ipsorum
444 2064 691 2106 proprietates,
717 2070 753 2097 et
770 2066 903 2107 projec-

197 2116 328 2149 tionem
344 2108 514 2147 radiorum
529 2124 644 2148 eorum
661 2116 695 2146 in
712 2125 764 2155 ea,
786 2116 904 2147 iuven·

198 2166 243 2198 tis
261 2165 516 2205 sacrificiorum,
529 2175 606 2207 quae
620 2166 687 2197 illis
700 2171 904 2206 congruunt,

196 2214 397 2256 generibus,
412 2224 453 2246 ac
477 2215 604 2247 rituum
629 2215 696 2247 illis
723 2215 904 2256 peculiari·

195 2276 252 2298 um
269 2265 474 2307 speciebus:
499 2271 603 2307 atque
628 2266 671 2297 ab
698 2265 739 2297 iis
767 2266 902 2307 prodie-

195 2320 275 2347 runt
297 2325 404 2357 opera
426 2316 592 2356 miranda,
615 2322 652 2347 et
667 2316 901 2348 conclusiones

195 2366 348 2397 celebres
362 2366 403 2397 ad
418 2365 632 2398 conficienda
649 2366 842 2406 telesmata,
865 2370 902 2398 et

191 2415 227 2446 id
260 2425 367 2457 genus
398 2417 476 2448 alia.
522 2417 610 2449 Vide
641 2423 678 2448 et
708 2417 901 2458 Diogenem

191 2466 383 2508 Lae'rtium,
411 2468 564 2510 aliosque
590 2468 779 2509 scriptores
808 2467 902 2499 Grae-

192 2525 252 2548 cos
268 2521 304 2548 et
321 2517 477 2550 Latinos.

240 2568 303 2599 13⁷
335 2566 488 2608 Antiquae
517 2567 704 2609 Babylonis]
742 2567 900 2610 Babylon

191 2616 274 2648 urbs
305 2617 476 2659 quondam
510 2618 554 2649 ad
582 2619 791 2660 Euphratem
821 2619 899 2658 sita,

194 2676 287 2699 nunc
305 2667 441 2700 omnino
456 2666 572 2699 diruta
587 2678 628 2699 ac
651 2678 787 2701 eversa.
831 2669 899 2700 An-

193 2717 284 2759 tiqua
308 2723 423 2750 autern
443 2717 583 2760 dicitur,
605 2719 684 2761 quia
706 2728 725 2750 a
746 2718 901 2761 Giganti·

965 1051 1029 1083 bus
1051 1051 1206 1093 condita,
1235 1055 1275 1084 ut
1303 1051 1410 1084 tradit
1440 1052 1670 1094 Eupolemus:

966 1104 1020 1135 vel
1041 1104 1156 1145 potius
1179 1104 1259 1145 quia
1283 1103 1389 1145 prima
1404 1108 1484 1145 post
1505 1104 1672 1136 diluvium

966 1164 986 1185 a
1002 1155 1181 1187 Nemrodo
1197 1154 1339 1187 condita
1361 1154 1441 1195 fuit,
1457 1159 1496 1186 ut
1513 1159 1612 1196 patet
1626 1164 1672 1186 ex

965 1204 1155 1245 Scriptura.
1207 1205 1254 1236 Et
1265 1205 1419 1245 Zeugma,
1434 1205 1559 1237 latinae
1575 1205 1672 1237 Pacis

963 1255 1041 1296 iter]
1064 1256 1217 1297 Zeugma
1232 1256 1312 1287 urbs
1333 1255 1442 1296 Syriae
1459 1256 1500 1286 ad
1514 1255 1671 1296 Euphra-

964 1309 1034 1337 tem
1050 1306 1126 1345 sita,
1150 1305 1208 1337 ubi
1230 1304 1428 1336 Alexander
1449 1309 1553 1346 ponte
1577 1310 1671 1337 cate-

962 1355 1015 1387 nis
1038 1355 1164 1397 juucto
1188 1354 1328 1396 trajecit
1359 1355 1560 1386 exercitum.
1603 1355 1671 1386 Iter

962 1405 1088 1437 Latinoe
1103 1414 1164 1436 seu
1179 1405 1343 1436 Romanae
1366 1404 1466 1444 pacis.
1509 1404 1601 1436 Quia
1616 1414 1668 1436 ar-

962 1465 1019 1487 ma
1035 1456 1188 1487 Romana
1202 1454 1275 1486 haec
1288 1455 1362 1487 loca
1376 1459 1498 1496 pacata
1512 1454 1670 1487 reddide-

962 1510 1053 1539 rant.

1007 1559 1072 1588 138
1096 1557 1202 1588 Dulce
1229 1566 1335 1588 nemus
1350 1556 1503 1598 florentis
1526 1555 1668 1597 idumea]

963 1607 1101 1638 Palmas
1118 1606 1294 1648 intelligit,
1320 1616 1404 1648 quas
1419 1605 1488 1638 fert
1503 1606 1669 1639 Idumaea.

962 1657 1019 1688 De
1049 1656 1205 1689 ldumaea
1235 1656 1310 1688 vide
1339 1657 1417 1689 Kal.
1438 1656 1576 1689 Saturn.
1597 1657 1670 1689 De-

962 1707 1116 1739 cembres
1140 1717 1190 1740 ve.
1214 1709 1267 1739 13.
1312 1708 1444 1740 Florem
1468 1707 1594 1741 dicitur
1621 1707 1668 1740 ob

962 1759 1103 1800 palmas.

1005 1811 1069 1841 139
1093 1810 1162 1845 Quo
1183 1809 1320 1849 pretiosa
1335 1808 1434 1851 Tyros
1445 1808 1571 1850 rubeat]
1593 1808 1665 1850 Ty-

962 1868 1016 1890 ros
1046 1859 1126 1891 urbs
1157 1859 1357 1891 Phoeniciae.
1402 1859 1492 1891 Vide
1509 1858 1620 1891 Theb.
1642 1868 1668 1890 ι.

958 1911 1060 1942 5.]0.
1108 1908 1269 1949 Pretiosa]
1292 1909 1349 1940 Ob
1374 1918 1555 1950 purpuras,
1581 1918 1666 1951 quas

958 1958 994 1990 in
1009 1958 1095 1990 mari
1109 1958 1286 1990 Phoenicio
1309 1957 1552 1999 piscabantur3
1573 1958 1666 1991 unde

958 2008 1078 2041 florem
1091 2009 1185 2041 illum
1200 2009 1393 2050 pretiosum
1405 2008 1580 2050 tingendis
1593 2018 1666 2040 ves-

959 2060 1052 2092 tibus
1080 2061 1274 2101 expetitum
1298 2058 1480 2100 petebant.
1524 2059 1666 2101 Rubeut]

960 2112 1050 2144 Quia
1074 2112 1243 2153 pretiosus
1274 2110 1330 2142 ille
1360 2110 1472 2151 liquor
1498 2109 1667 2151 nigrantis

957 2171 1044 2193 rosae
1071 2162 1188 2193 colore
1216 2160 1434 2192 sublucebat.
1479 2159 1570 2191 Vide
1593 2159 1667 2192 Pli-

956 2212 1051 2243 nium
1067 2211 1127 2243 lib.
1152 2220 1205 2243 rx.
1230 2220 1309 2251 cap.
1334 2213 1389 2242 36.
1410 2212 1464 2242 3⁷.
1487 2211 1542 2242 38.
1559 2214 1596 2242 et
1609 2212 1665 2242 39.

959 2262 1028 2297 Quo
1039 2271 1181 2302 purpura
1188 2261 1265 2300 suco
1280 2260 1424 2292 Sidoniis
1437 2260 1552 2291 iterata
1563 2259 1665 2302 cudis]

956 2313 1027 2344 Per
1050 2321 1220 2353 purpuram
1240 2311 1402 2351 iteratam,
1415 2310 1598 2351 dibapham
1614 2310 1664 2341 in-

956 2363 1094 2404 telligit,
1111 2362 1146 2394 id
1162 2366 1229 2402 est,
1254 2362 1305 2394 bis
1328 2361 1470 2393 tinctam
1489 2361 1607 2397 veluti,
1626 2365 1664 2392 ut

955 2413 1045 2444 idem
1063 2413 1111 2445 ait
1135 2413 1270 2444 Plinius
1286 2422 1362 2453 cap.
1379 2415 1433 2443 39.
1477 2411 1488 2429 ‘
1501 2409 1663 2452 Magnifi-

955 2474 996 2495 co
1033 2463 1222 2506 impendio,
1252 2464 1401 2506 qualiter
1430 2471 1522 2495 nunc
1543 2471 1659 2494 omnes

954 2526 1053 2558 paene
1077 2516 1322 2549 commodiores
1343 2524 1506 2558 pnrpurae
1524 2515 1660 2557 tingun-

954 2567 1036 2599 tur.'

995 2616 1096 2657 Fuco]
1122 2617 1251 2648 Fucum
1265 2621 1363 2649 vocat
1374 2616 1557 2649 secundam
1571 2616 1658 2649 tinc-

955 2673 1080 2708 turam,
1115 2678 1136 2700 a
1166 2679 1232 2711 qua
1273 2668 1485 2710 ‘Dibapha'
1523 2674 1657 2701 vocata.

954 2718 1041 2752 Haec
1065 2723 1221 2760 tempore
1244 2719 1348 2752 Plinii
1367 2719 1404 2751 iu
1427 2718 1530 2751 libras
1557 2719 1660 2751 dena·
