1800 3060
220 197 279 240 26
634 211 674 241 r.
708 208 902 240 PAPINH
935 209 1101 241 s=rAr11
1131 210 1265 243 v1TA.

222 319 329 362 gero
353 306 514 366 Dante,
532 315 617 348 suo
638 307 831 348 carmine
850 308 1090 362 proditum,
1111 308 1304 350 Statium
1323 309 1530 353 videlicet
1547 309 1687 366 Papi-

221 376 342 418 nium
361 374 560 429 religioni
593 373 860 416 Christianae
898 375 1123 417 addictum
1153 376 1310 427 fuisse,
1334 376 1687 434 christianisque

223 449 319 487 tum
338 443 665 493 laborantibUS,
695 444 752 485 ob
788 447 952 486 metum
985 444 1175 495 occulte,
1206 457 1288 498 pro
1317 446 1434 487 virili
1465 460 1596 502 opem
1617 451 1687 490 tu-

222 513 348 564 lisse,
367 525 422 554 ne
442 512 616 555 scilicet
637 511 876 566 suppliciis
897 511 1272 566 cruciatibusque,
1289 514 1454 566 quibus
1473 517 1564 557 tum
1580 527 1688 570 pas'-

223 582 310 623 sim
329 579 649 630 afficiebantur,
671 580 908 633 agitaretur
927 580 1040 634 ipse.
1100 579 1155 621 In
1173 580 1288 622 hanc
1313 584 1457 623 autem
1475 584 1688 637 pietatem

223 653 275 691 et
292 649 550 704 religionem
569 649 804 689 inclinasse
823 646 943 689 idem
964 645 1106 689 Poe'ta
1125 648 1279 699 innuit,
1311 649 1370 691 ob
1399 662 1480 691 eos
1508 650 1691 706 Virgilii

224 730 378 760 versus
398 730 458 758 ex
479 716 653 770 Sibylla
671 727 683 756 ε

394 794 426 837 J
428 808 499 837 am
518 795 634 837 redit
652 798 696 837 et
715 794 871 849 Virgo,
888 794 1069 837 redeunt
1089 795 1298 838 Saturnia
1317 809 1463 852 regna,
1482 802 1560 842 διο.

221 874 319 917 Sed
338 888 396 918 an
418 875 591 917 Dantes
625 875 839 930 deceptus
871 876 945 927 sit,
975 880 1025 918 ut
1058 876 1106 918 in
1132 876 1333 932 ejusdem
1364 878 1498 921 etiam
1528 882 1690 934 patria,

225 957 314 987 non
333 944 465 987 vobis
480 943 614 986 facile
636 944 843 996 dixerim,
862 957 965 987 nam
985 948 1030 986 et
1048 946 1313 987 recentiores
1328 946 1440 987 alios
1454 948 1690 990 nonnullos

225 1013 467 1068 scriptores
487 1013 531 1055 in
551 1013 709 1055 eodem
729 1013 872 1056 fuisse
894 1025 1037 1055 errore
1064 1013 1262 1056 invenio.
1321 1014 1500 1070 Legitur
1516 1019 1563 1057 et
1583 1015 1691 1071 Epi-

226 1081 428 1136 taphium
450 1081 585 1124 Statii
606 1095 633 1123 a
653 1081 922 1136 Pomponio,
952 1084 1001 1123 ut
1022 1080 1171 1133 fertur,
1203 1081 1444 1137 conditum,
1477 1083 1599 1139 quod
1627 1097 1692 1126 re—

225 1149 341 1192 ferre
362 1149 485 1192 haud
504 1150 694 1206 pretium
716 1162 864 1206 operae
887 1148 1071 1192 videtur.

460 1323 813 1367 GERARDUS
845 1323 1140 1368 JOANNES
1172 1324 1458 1377 VOSSIUS,

539 1435 604 1467 DE
628 1435 797 1469 POETIS
821 1433 1014 1469 LATINIS
1038 1435 1145 1469 CAP.
1170 1436 1240 1470 111.
1264 1434 1306 1470 P.
1327 1439 1382 1469 45.

290 1542 509 1585 STATltJS
549 1543 801 1587 PAplNrus
844 1544 1002 1596 Poeta,
1033 1545 1111 1600 qui
1153 1547 1238 1587 sub
1275 1546 1536 1594 Domitiano
1566 1547 1695 1599 vixit,

232 1625 470 1667 perperam
494 1611 770 1654 confunditur
790 1626 890 1654 cum
905 1612 1050 1655 Statio
1071 1613 1231 1665 Po'eta,
1253 1615 1514 1668 cognomine
1535 1615 1700 1658 Surcu-

230 1681 289 1731 10,
325 1681 401 1735 qui
421 1681 581 1722 claruit
611 1681 693 1722 sub
716 1680 909 1722 Nerone.
970 1681 1042 1722 De
1076 1681 1273 1723 Rhetore
1307 1689 1411 1724 sunt
1433 1682 1514 1724 illa
1536 1682 1699 1726 Hiero·-

230 1750 352 1804 nymi
371 1748 417 1790 in
439 1748 661 1790 Chronico
683 1747 939 1791 Eusebiano
958 1763 968 1791 :
1007 1747 1185 1804 Olymp.
1218 1761 1355 1791 cmx.
1390 1763 1459 1791 an.
1479 1751 1520 1791 1.
1545 1749 1639 1806 (est
1658 1751 1698 1793 is

231 1815 431 1860 Neronis
451 1814 700 1873 secundus)
730 1820 743 1839 ‘
759 1817 926 1859 Statius
948 1816 1164 1858 Surculus
1185 1815 1450 1860 Tolosensis
1470 1818 1516 1859 in
1532 1818 1699 1861 Galliis

231 1886 510 1928 celeberrime
557 1885 849 1928 Rhetoricam
886 1883 1048 1928 docet.’
1106 1885 1217 1940 Ejus
1257 1899 1415 1927 nomen
1455 1899 1604 1928 verum
1641 1899 1699 1929 ex

232 1954 435 1996 Suetonii
476 1954 627 1995 libello
663 1953 719 1995 de
755 1953 900 1995 Claris
938 1951 1215 1995 Rhetoribus
1250 1957 1472 2007 superest,
1503 1954 1580 1995 ubi
1610 1966 1700 1996 non

235 2023 450 2065 Surculus
478 2027 683 2073 vocatur,
713 2021 793 2064 sed
814 2020 1022 2071 Ursulus,
1043 2021 1108 2062 uti
1137 2025 1183 2062 et
1208 2020 1254 2063 in
1285 2020 1505 2063 Chronico
1526 2021 1618 2063 Ms.
1640 2019 1698 2063 ad

234 2091 282 2134 S.
303 2090 519 2133 Victoris.
583 2088 689 2131 Ursi
720 2089 834 2131 enim
866 2094 912 2130 et
938 2087 1093 2130 Ursuli
1114 2088 1297 2130 familiae
1320 2093 1424 2130 sunt
1442 2090 1634 2140 nomina,
1652 2091 1701 2131 ut

234 2171 292 2202 ex
312 2163 414 2202 vett.
437 2158 802 2213 inscriptionibus
839 2161 1035 2200 constat.
1094 2156 1158 2199 At
1188 2157 1406 2212 Papinius
1439 2156 1586 2199 Poeta
1618 2171 1700 2200 nec

235 2227 407 2279 Ursuli,
427 2227 502 2270 vel
522 2227 710 2278 Surculi,
747 2238 991 2280 cognomen
1013 2225 1186 2274 habuit,
1216 2238 1299 2267 nec
1319 2224 1584 2267 Tolosensis
1602 2225 1714 2276 suit,

236 2295 316 2336 scd
334 2295 680 2349 Neapolitanus.
740 2293 942 2348 Reliquit
964 2305 1009 2333 v.
1038 2293 1275 2348 Sylvarum
1294 2292 1447 2344 libros,
1469 2303 1564 2334 ΧΠ.
1585 2292 1701 2333 The-

235 2363 413 2414 baidos,
450 2375 496 2406 V.
534 2362 821 2405 Achilleidos.
884 2362 938 2403 In
971 2361 1205 2403 Thebaida
1233 2365 1275 2403 et
1303 2359 1557 2402 Achilleida
1583 2373 1701 2402 com-

236 2435 460 2473 mentatus
506 2431 723 2473 Placidus
765 2431 1049 2483 Lactantius3
1098 2442 1229 2485 quem
1268 2441 1452 2471 necesse
1492 2432 1560 2470 est
1597 2431 1702 2483 post

241 2513 402 2542 annum
442 2499 614 2541 vixisse
655 2499 1139 2553 quadringentesimum
1177 2510 1279 2539 cum
1317 2496 1545 2538 Sedulium
1578 2496 1701 2547 citet,

239 2567 547 2609 Theodosiani
565 2565 651 2608 aevi
670 2567 930 2621 scriptorem
945 2580 955 2607 ε
978 2567 1112 2607 immo
1127 2569 1169 2607 et
1183 2571 1287 2621 post
1302 2565 1701 2619 quingentesimum

240 2635 387 2686 suerit,
422 2648 523 2677 cum
562 2633 740 2675 Boethii
780 2633 1036 2676 meminerit.
1108 2633 1166 2676 Et
1211 2647 1318 2676 vero
1359 2632 1701 2674 commentarius

240 2703 339 2757 ejus
359 2707 488 2745 cento
511 2715 570 2745 ex
591 2701 751 2753 Servii,
770 2701 949 2757 Hygeni
968 2701 1300 2757 Mythologicis,
1322 2704 1366 2743 et
1385 2699 1702 2743 Astronomico

242 2770 421 2822 Aratco,
444 2776 490 2813 ct
507 2769 782 2826 quibusdam
802 2770 919 2822 aliis,
938 2782 1051 2826 quos
1071 2768 1129 2812 ad
1149 2770 1334 2814 verbum
1354 2767 1579 2813 exscribit.
1622 2766 1703 2810 Est
