1800 3060
619 202 894 236 SYLvanuM
934 201 1028 232 mn.
1052 201 1083 231 1.
1112 190 1154 230 6.

1527 189 1612 230 173

810 294 948 329 NOTAE

165 366 269 410 ipsius
282 364 453 397 fortunam
464 364 536 405 jam
547 363 693 394 renasci.
726 361 857 392 Statius

165 416 338 458 lacrymis
354 415 511 447 Etrusci:
534 416 544 432 ⁸
555 415 649 447 Quas
662 412 725 444 tibi
741 410 858 442 devoti

157 467 302 509 juvenes
314 474 376 506 pro
393 469 491 505 patre
506 467 637 500 renato,
649 462 783 493 Summe
797 460 858 491 du·

162 526 252 556 cnm,
266 520 393 558 grates,
403 519 463 546 aut
478 523 553 556 quae
570 513 626 553 pia
640 516 722 543 vota
736 518 858 551 repen·

163 565 292 599 dunt?'
330 564 478 596 Exilium
505 563 609 602 enim,
636 559 746 593 civilis
769 568 859 591 mors

163 621 230 658 est,
244 626 310 658 qno
321 615 442 648 coelum
454 611 529 652 boc,
539 612 734 653 spiritumve,
748 619 787 640 ac
799 608 858 640 do-

163 667 322 700 micilium
339 664 489 697 civitatis
514 662 694 694 amittitur.
738 660 857 693 Quare

163 719 254 750 inter
268 715 458 757 capitalium
475 712 509 744 id
520 711 726 754 judiciorum
743 718 858 750 poenas

165 773 320 800 recenset
344 765 472 796 Paulus
492 763 556 796 JC.
585 762 620 793 in
642 762 664 793 l.
689 763 720 793 2.
745 761 791 792 D.
814 759 858 792 de

164 815 316 850 Publicis
326 813 480 848 Judiciis.
517 811 617 844 Unde
630 811 687 853 qni
701 811 743 842 ab
755 810 859 842 exilio

163 865 437 903 revertebantur,
473 862 677 894 dicebantur
700 862 711 879 ⁴
726 859 859 900 renati‚'

163 921 202 950 et
229 915 366 948 fortuna
385 923 502 946 eorum
530 911 797 944 renascebatur:
820 917 859 943 nt

164 976 268 1009 supra
289 967 372 1007 ‘pro
398 969 497 1005 patre
522 961 663 995 renato!
705 961 862 994 Claudia-

165 1026 228 1049 nus
239 1016 283 1048 de
293 1015 392 1047 Bello
404 1014 531 1046 Getico
544 1023 553 1044 ι
574 1013 584 1030 ‘
596 1012 780 1052 Tectisque
793 1011 860 1043 suis

162 1066 355 1118 ‘redduntur
370 1069 404 1096 et
422 1063 524 1105 agris,
541 1062 700 1094 Damnati
715 1060 785 1093 fato
800 1071 861 1102 po-

161 1117 250 1158 puli,
265 1117 394 1148 virtute
410 1113 541 1146 renati!
584 1113 705 1144 Cicero
718 1117 797 1153 post
814 1121 863 1143 re-

135 1192 138 1194 v
166 1166 275 1198 ditum
304 1166 337 1197 in
364 1165 513 1196 Senatu:
553 1163 563 1181 ‘
575 1163 684 1196 Quem
712 1161 860 1203 deniqne

165 1217 225 1249 illo
261 1215 330 1255 die,
362 1225 460 1258 quem
490 1214 531 1246 P.
567 1213 733 1245 Lentulus
766 1212 861 1251 mihi,

167 1266 335 1308 fratrique
354 1275 444 1303 meo,
461 1264 641 1306 liberisque
663 1263 786 1295 nostris
801 1273 860 1294 na-

167 1317 271 1350 talem
307 1314 508 1349 constituit)
557 1315 654 1347 Idem
695 1313 739 1346 ad
768 1312 859 1345 Atti-

378 1471 442 1501 vl.

913 368 1008 390 cum:
1045 359 1055 376 ‘
1071 358 1224 390 Alterius
1253 357 1332 388 vita’
1362 356 1534 398 quoddam
1550 356 1612 388 ini-

912 409 995 440 tium
1005 407 1177 440 ordimur!
1193 405 1440 447 Παλιγγενεσίαν
1448 417 1541 438 suam
1554 417 1614 447 ap-

913 458 1019 499 pellat
1044 457 1165 490 Cicero
1182 458 1225 489 ad
1244 457 1399 489 Atticum
1417 457 1476 488 lib.
1493 466 1543 489 vt.
1568 458 1612 489 E-

911 508 991 549 pist.
1005 511 1038 539 6.
1095 508 1155 540 Sic
1185 507 1276 549 apud
1300 508 1529 540 Athenienses
1554 509 1614 549 qui

913 557 1123 599 postliminio
1169 558 1433 590 revertebantur
1475 556 1613 599 δειη-ερό-

911 620 1023 647 ποτμοι
1044 609 1171 650 vocati,
1187 609 1283 651 quasi
1299 610 1357 650 qni
1373 609 1523 641 secunda
1540 607 1614 640 fata

912 659 1118 691 ordirentur.
1162 658 1259 691 Alias
1274 658 1398 697 omnia,
1416 669 1493 701 quae
1519 659 1614 690 velut

911 708 954 740 ab
968 709 1109 740 interitu
1126 713 1343 749 revocantur,
1359 709 1518 751 analogia
1533 719 1616 750 qua·

912 760 991 792 dam
1007 760 1140 792 renasci
1166 760 1338 792 dicuntur.
1383 760 1440 792 Ita
1468 761 1615 801 ‘templa

914 810 1058 850 renata:
1084 812 1189 842 Mart.
1205 810 1264 842 lib.
1279 819 1331 841 vr.
1354 810 1419 851 Ep.
1433 812 1465 841 4.
1481 817 1516 841 et
1538 811 1548 826 ‘
1563 819 1615 841 re-

911 865 992 892 nata
1008 861 1064 892 lex
1079 860 1199 900 Julia,’
1219 860 1284 901 Ep.
1300 862 1333 892 7.
1350 860 1503 901 ejusdem
1521 860 1615 899 libri,

912 916 949 943 et
976 912 1060 943 ‘ver
1077 916 1230 943 renatum
1253 910 1359 942 orbis'
1382 910 1473 952 apud
1496 915 1614 942 aucto-

914 971 987 994 rem
1011 962 1201 1003 Pervigilii.
1253 961 1414 994 Valerius
1443 962 1615 993 Maximus

914 1012 972 1044 lib.
991 1021 1042 1044 Vl.
1060 1021 1137 1052 cap.
1156 1015 1189 1044 5.
1231 1011 1476 1053 ‘Justitiaeque
1502 1021 1615 1052 prom-

915 1062 1045 1093 tissimo
1073 1067 1190 1093 tenore
1216 1059 1347 1101 effecit,
1372 1065 1410 1092 ut
1430 1061 1538 1092 exitio
1553 1071 1615 1092 suo

915 1112 1027 1143 laetari
1045 1116 1199 1153 possent,
1221 1111 1279 1152 qui
1302 1110 1350 1142 sic
1368 1111 1479 1142 renati
1494 1114 1618 1142 erant.’

914 1162 1084 1204 Loquitur
1100 1161 1143 1193 de
1159 1161 1360 1200 Camerinis‚
1370 1161 1427 1202 qui
1441 1161 1502 1193 sub
1518 1161 1616 1193 hasta

914 1211 1060 1250 venditi,
1084 1211 1237 1243 restituti
1263 1216 1376 1250 erant,
1388 1211 1568 1254 assignatis
1581 1212 1615 1244 in

913 1262 1089 1295 Aventino
1101 1262 1281 1294 habitandi
1294 1262 1444 1294 sedibus.

503 1471 622 1502 ΚΑΒ.
656 1469 951 1501 nsscnnmuzs
983 1457 1403 1512 [SATURNALES.†]

169 1556 339 1590 Adulatnr
363 1557 611 1599 Imperatorem
638 1557 885 1596 Domitianum,
915 1557 1006 1599 quod
1034 1562 1162 1598 praeter
1184 1557 1384 1596 spectacula
1415 1566 1455 1588 ac
1477 1556 1615 1587 missilia

211 1601 319 1632 omnis
333 1601 478 1642 generis,
491 1600 647 1641 Senatui,
659 1600 861 1642 Populoque
876 1600 1029 1631 Romano
1045 1599 1267 1631 lautissimum
1283 1600 1419 1640 epulum
1436 1599 1581 1630 dederit.

395 1686 465 1727 Εἰ·
484 1685 684 1728 Phoebns
701 1691 842 1741 pater,
863 1691 907 1728 et
925 1699 1082 1728 severa
1103 1685 1274 1735 Pallae,

210 1813 256 1845 Et
265 1816 358 1855 pater
370 1813 493 1855 Apollo,
513 1817 544 1846 et
564 1813 676 1846 tetrico
689 1812 850 1849 Minerva,
874 1815 906 1843 et
933 1811 1037 1843 Musa
1058 1812 1149 1852 longe
1170 1812 1214 1843 ite
1234 1811 1352 1843 otiatoe.
1398 1811 1618 1843 Revocabimus

768 1895 1005 1908 OOOOOOO‘OOOO

211 1951 392 1983 Decembris
404 1952 550 1984 Calendoe
571 1952 698 1984 Venet.
728 1954 758 1983 l.
784 1955 820 1983 et
841 1950 955 1982 Parm.
984 1951 1058 1982 sine
1088 1960 1174 1982 voce
1199 1950 1395 1987 Satur-mles,
1417 1959 1516 1991 quam
1547 1959 1613 1981 non

170 1994 325 2036 agnoseit
345 1995 449 2026 etiam
471 1995 581 2027 codex
597 1994 789 2033 Bernartii;
812 1995 889 2026 Kal.
899 1993 988 2036 (sive
1004 1992 1093 2034 Cal.)
1114 1993 1300 2025 Decembres
1315 1993 1501 2025 Sat-mules
1515 1993 1614 2024 Rom.

815 2077 957 2112 NOTAE

211 2142 228 2174 †
249 2141 444 2183 Samus]
473 2142 654 2174 Suetonius
686 2142 859 2174 Domitia-

169 2201 235 2224 no:
254 2191 510 2224 ‘Saturnalibus
530 2194 666 2235 epulum
688 2194 785 2226 dedit
799 2203 859 2235 po-

170 2241 252 2282 pulo
265 2241 428 2282 Romano,
441 2246 611 2283 praeterea
625 2244 721 2276 ludos
734 2245 862 2286 gladia-

171 2290 291 2332 torios,
307 2299 348 2323 ac
362 2291 500 2323 missilia
506 2292 602 2334 large
611 2293 736 2334 sparsit
745 2294 779 2325 in
791 2295 862 2335 ple-

169 2339 271 2372 bem!
304 2341 479 2374 Kalendas
506 2347 618 2375 antem
642 2343 863 2384 Decembres,

171 2389 354 2423 Sumus
378 2396 492 2431 vocat,
518 2402 585 2424 non
613 2393 702 2435 quod
735 2392 863 2425 festum

171 2439 437 2473 Satnmaliorum
449 2445 555 2474 totum
565 2442 791 2475 Decembrem
806 2452 863 2475 oc-

171 2494 337 2533 cuparem
367 2491 558 2533 agebantur
572 2494 663 2524 enim
677 2493 785 2525 solnm
802 2503 864 2534 per

173 2545 305 2581 septem
316 2541 388 2573 dies
396 2542 534 2574 istiusce
546 2545 688 2584 mensis;
700 2543 760 2575 sed
771 2543 862 2586 qnod

168 2590 350 2622 occasione
377 2591 517 2632 hujusce
541 2591 634 2630 festi,
663 2596 756 2625 totus
786 2594 859 2625 De-

172 2638 308 2671 cember
322 2640 452 2673 laetitio
466 2647 542 2674 erat
557 2642 700 2682 dicatus,
713 2647 752 2674 nt
770 2643 864 2675 colli-

175 2687 267 2727 gitur
280 2697 322 2720 ex
336 2690 468 2722 Seneca
478 2692 543 2733 Ep.
558 2695 609 2724 18.
632 2693 676 2724 Et
688 2692 866 2725 Plutarch.

174 2736 211 2767 in
238 2736 355 2771 Caunis
380 2739 476 2772 Rom.
498 2747 534 2773 et
556 2741 714 2774 Juvenal.
758 2743 865 2774 ‘Toto

916 2143 1029 2175 vinum
1047 2141 1180 2173 nescire
1194 2140 1408 2173 Decembri!
1430 2140 1535 2172 Hisce
1548 2141 1619 2174 die·

915 2193 978 2224 bus
997 2193 1152 2234 jocorum
1172 2201 1211 2223 ac
1229 2191 1362 2222 laetitiae
1377 2190 1488 2231 plenis
1504 2191 1619 2231 piacu-

914 2244 984 2274 lum
1009 2246 1086 2273 erat
1109 2241 1224 2273 facere
1248 2241 1387 2280 bellum,
1414 2248 1473 2272 aut
1500 2251 1616 2281 penas

917 2303 937 2324 a
963 2292 1165 2325 nocentibus
1190 2292 1347 2331 exigere:
1370 2296 1618 2334 exa’qnatoqne

916 2343 1061 2373 omnium
1095 2344 1189 2382 jure,
1230 2341 1356 2382 passim
1385 2341 1420 2372 in
1449 2342 1616 2374 conviviis

916 2392 1006 2424 servi
1044 2401 1121 2423 cum
1158 2391 1306 2422 dominis
1343 2391 1616 2424 recumbebant:

915 2444 994 2475 hinc
1015 2442 1232 2474 ‘libertatem
1245 2441 1493 2474 Decembrem'
1516 2447 1618 2475 vocat

917 2492 1106 2524 Horatius:
1129 2500 1168 2522 ac
1178 2490 1304 2532 ubique
1319 2491 1470 2532 plausus,
1483 2496 1617 2532 cantus,

916 2542 1056 2583 ludique
1086 2541 1351 2583 percrepabant.
1404 2543 1483 2575 Mos
1512 2542 1618 2574 etiam

917 2597 992 2624 erat
1030 2592 1192 2624 mittendi
1229 2601 1370 2624 munera
1396 2592 1437 2623 ad
1477 2593 1618 2624 amicos.

918 2641 1073 2674 Catullus
1098 2641 1293 2674 Saturnalia
1326 2641 1513 2682 ‘optimum
1545 2640 1618 2672 die-

919 2691 1016 2723 rum’
1047 2692 1213 2733 appellat,
1241 2696 1364 2732 utpote
1393 2690 1616 2722 reducentem

918 2743 1100 2786 imaginem
1127 2744 1221 2776 aurei
1247 2743 1343 2774 istius
1373 2742 1500 2783 saeculi,
1526 2743 1616 2784 quod
