1800 3060
238 192 326 235 380
732 209 775 239 Ρ.
811 207 1001 240 mmm:
1037 210 1204 242 s‘rA'rn

239 297 405 350 Anxia,
425 301 628 355 pervigili
648 302 777 345 ducis
796 305 992 358 suspiria
1014 309 1153 348 cura?

239 367 346 410 Non
367 373 535 419 metuo,
557 383 610 410 ne
630 371 741 413 laesa
761 371 890 422 fides,
917 376 993 414 aut
1013 378 1196 427 pectore
1218 377 1262 416 in
1284 377 1373 419 isto

234 434 360 477 Alter
380 450 531 479 amor:
555 438 684 480 nullis
706 439 752 480 in
771 444 815 481 te
836 440 964 482 datur
983 442 1046 483 ire
1068 443 1254 496 sagittis,

228 502 420 558 (Audiat
440 505 603 547 infesto
621 506 727 548 licet
746 506 844 549 haec
866 507 1150 551 Rhamnusia
1171 511 1331 561 vultu,)
1667 516 1696 556 5

229 571 335 613 Non
354 571 507 615 datur:
532 577 575 614 et
596 574 635 615 si
657 580 830 628 egomet
852 577 994 629 patrio
1015 577 1069 618 de
1090 578 1234 619 littore
1254 583 1408 633 raptus

228 638 435 691 Quatuor
455 642 651 683 emeritis
670 655 748 696 per
768 642 902 693 bella,
924 657 1002 698 per
1023 657 1217 699 aequora,
1238 646 1394 688 lustris

227 707 443 758 Errarem,
464 714 511 750 tu
533 710 650 751 mille
672 723 830 764 procos
851 711 1020 752 intacta
1037 712 1238 766 fugares;

230 776 335 818 Non
356 777 620 820 intersectas
640 783 889 821 commenta
907 785 1101 822 retexere
1121 782 1252 830 telas,

230 926 453 959 solicitudine?
478 927 552 959 Non
567 928 674 967 timeo,
690 937 728 959 ne
741 931 795 959 tua
810 927 897 970 fides
912 927 1031 969 offensa
1055 928 1110 968 sit,
1136 932 1192 960 aut
1207 929 1288 961 alins
1299 940 1387 961 amor
1411 930 1572 972 irrepserit
1594 933 1627 964 in
1640 943 1694 964 cor

231 971 327 1000 tuum.
361 971 433 1001 Non
449 972 521 1002 licet
534 972 607 1002 ullis
619 972 750 1010 sagittis
759 975 789 1002 te
797 972 900 1010 ferire
915 971 1127 1013 (Rhamnusia
1139 972 1283 1004 Nemesis
1293 974 1401 1004 audiat
1417 974 1481 1005 hoec
1497 979 1585 1007 torva
1592 975 1697 1015 facie)

230 1021 291 1042 non
309 1014 391 1044 licet.
439 1014 485 1045 Et
500 1014 528 1045 si
545 1024 601 1053 ego
624 1015 749 1045 aculens
762 1025 781 1045 a
803 1015 921 1054 patria,
943 1024 1077 1054 rogarer
1089 1018 1222 1055 quatuor
1238 1016 1397 1056 completis
1407 1017 1626 1059 quinquenniis
1638 1027 1696 1058 per

231 1054 321 1096 bella,
342 1065 400 1098 per
414 1057 535 1094 marim
558 1061 595 1088 tu
619 1057 745 1097 integra
760 1057 902 1097 abigeres
916 1058 1000 1088 mille
1013 1067 1134 1098 procos,
1155 1068 1216 1090 non
1229 1061 1318 1090 utens
1337 1059 1473 1102 artificio
1494 1061 1694 1094 redordiendi

838 1162 1076 1174 eeeeeeeeeee

230 1238 405 1270 tinctionis
423 1242 501 1279 post
529 1238 666 1271 verbum
689 1239 812 1279 Anxia,
826 1239 967 1280 legens:
993 1240 1086 1271 sociis
1100 1240 1173 1281 quid
1187 1239 1339 1280 noctibus,
1361 1250 1453 1278 uxor,
1469 1241 1579 1274 Anxia
1589 1243 1694 1284 pervi-

225 1282 303 1322 gili,
325 1283 442 1322 «ξω-7
469 1283 615 1318 Quatuor
640 1283 780 1314 emeritis
802 1283 942 1315 Venett.
963 1286 991 1316 Ι.
1005 1286 1034 1315 2.
1050 1286 1127 1316 3,4.
1150 1283 1266 1316 Parm.
1301 1284 1398 1315 Rom.
1425 1285 1566 1317 Vicent.
1596 1286 1693 1318 Brix.

228 1325 333 1356 Aldd.
350 1325 461 1357 Colin.
485 1325 620 1367 Gryph.
643 1326 750 1358 Basil.
779 1326 896 1357 Plant.
919 1328 985 1358 &c.
1032 1326 1257 1358 Marklandus
1286 1331 1398 1358 tamen
1426 1327 1540 1368 legere
1569 1329 1690 1361 malit:

228 1368 372 1403 Quatuor
387 1369 531 1407 emensis,
554 1373 592 1399 ut
615 1379 671 1409 ap.
690 1368 795 1401 Ovid.
814 1369 901 1401 Met.
918 1378 979 1402 xv.
997 1372 1070 1400 186.
1086 1374 1120 1401 et
1136 1372 1279 1401 226.—9
1303 1370 1405 1402 Aldd.
1422 1370 1533 1402 Colin.
1556 1371 1690 1413 Grypb.

226 1411 336 1442 Basil.
360 1411 464 1442 Bern.
483 1411 638 1443 Grasser.
655 1411 798 1443 Gevart.
828 1411 973 1444 Amstel.
998 1412 1151 1444 Gronov.
1177 1413 1301 1444 Barth.
1329 1413 1440 1445 veen.
1467 1413 1594 1454 Delpll.
1623 1418 1690 1447 &a

228 1454 304 1485 Non
318 1454 528 1491 intertextam
549 1455 691 1486 Venett.
709 1458 737 1486 1.
754 1458 786 1486 2.
811 1454 925 1487 Parm.
943 1456 1041 1487 Rom.
1065 1461 1099 1486 et
1116 1461 1184 1487 vet.
1201 1455 1447 1496 Lindenbrogii
1462 1466 1470 1487 :
1496 1457 1571 1488 Non
1593 1457 1692 1488 inter-

226 1500 348 1535 seciam
371 1498 434 1529 hoc
463 1497 587 1538 probat
615 1498 743 1529 Maikl.
774 1498 930 1539 quamvis
961 1498 1121 1530 tentabat
1151 1499 1351 1539 imperfectas
1375 1509 1418 1530 ex
1441 1499 1563 1531 Claud.
1586 1500 1692 1541 Rapt.

225 1540 326 1571 pros,
343 1550 368 1572 1.
384 1543 459 1573 269.
469 1541 656 1581 interceptas
673 1551 715 1572 ex
729 1541 850 1573 eodem
867 1550 908 1574 n.
933 1543 1007 1572 156.
1025 1546 1061 1572 et
1081 1542 1246 1574 intercisas
1258 1547 1296 1573 ut
1312 1542 1422 1574 Theb.
1438 1551 1480 1574 u.
1494 1545 1570 1575 184.
1593 1547 1602 1561 ⁶
1616 1543 1689 1588 Ego

225 1583 409 1624 Papinium
426 1584 604 1625 scripsisse
620 1589 725 1625 puto:
753 1585 826 1616 Non
843 1585 1048 1625 impertextas
1061 1594 1075 1622 ;
1098 1594 1174 1616 orsa
1190 1584 1279 1616 enim
1295 1585 1463 1627 quotidie,
1479 1591 1514 1617 et
1541 1585 1694 1626 redorsa,

224 1635 398 1668 nunquam
415 1632 528 1658 tamen
545 1627 733 1668 pertexuit,
748 1627 837 1668 quod
853 1632 1037 1668 pertexere
1053 1628 1140 1659 velle
1154 1627 1348 1660 videbatur.
1393 1628 1491 1659 Illam
1506 1628 1691 1660 lectionem

225 1669 516 1711 Lindenbrogiani
541 1669 620 1701 libri
649 1675 730 1701 ante
755 1671 820 1701 hoc
842 1670 1095 1712 sesquisaeclum
1119 1670 1153 1702 iu
1169 1671 1247 1703 edd.
1263 1671 1367 1702 etiam
1380 1671 1477 1703 libris
1489 1670 1607 1713 fuisse,
1629 1671 1691 1704 sed

226 1718 423 1755 corruptam
452 1713 606 1748 iudicant
631 1713 787 1755 Philippi
814 1713 975 1746 Beroaldi
997 1713 1253 1746 Commentario.
1274 1713 1310 1746 in
1339 1714 1499 1756 Propert.
1516 1723 1557 1746 11.
1572 1718 1604 1747 9.
1628 1715 1687 1757 qui

879 1827 1025 1861 NOTAE

266 1913 282 1942 l
294 1909 394 1942 Sociis
405 1910 560 1953 noctibus]
571 1911 680 1942 Sociae
697 1915 830 1951 noctes,
843 1921 926 1952 quas

221 1960 319 1993 simul
350 1971 487 2003 unaque
519 1963 681 2003 conjuges
719 1963 926 2003 transigunt.

219 2011 300 2044 Alio
324 2012 425 2044 modo
447 2013 456 2030 ‘
471 2022 538 2044 nox
560 2012 674 2044 socia’
696 2013 856 2045 Ciceroni
871 2023 926 2044 su-

218 2062 324 2094 mitur
344 2062 473 2104 Philip.
502 2072 543 2095 ιι.
567 2073 643 2104 quae
662 2063 705 2095 ad
722 2063 858 2105 aliquod
874 2063 925 2095 fa-

218 2113 315 2145 cinus
333 2113 603 2155 perpetrandum
614 2113 714 2154 juvat
727 2125 735 2145 :
749 2115 758 2131 ‘
770 2114 854 2146 Cum
874 2121 923 2145 ta-

215 2174 294 2196 men
311 2169 348 2196 tu
365 2168 467 2196 nocte
480 2165 584 2204 socia,
597 2164 756 2196 hortante
773 2165 925 2206 libidine,

216 2219 363 2256 cogente
379 2215 554 2257 mercede,
569 2224 632 2256 per
650 2215 783 2256 tegulas
799 2215 922 2248 demit·

216 2267 356 2297 terere.’

258 2319 278 2349 2
303 2316 461 2356 Pervigila·
476 2316 567 2358 eura]
589 2316 696 2348 Theb.
714 2326 754 2350 n.
774 2317 784 2334 ‘
801 2317 921 2348 Pervi-

218 2367 304 2408 giles
319 2372 446 2399 aeuunt
463 2368 608 2408 suspiria
626 2366 792 2408 questus!

258 2420 277 2449 3
293 2418 426 2449 Pectore
440 2418 473 2450 in
488 2418 566 2460 isto]
583 2420 762 2459 Δεικτικῶς,
776 2418 841 2450 hoc
857 2422 923 2460 est,

216 2472 290 2501 tuo.
849 2464 855 2468 ⁴

255 2522 277 2551 4
299 2518 455 2560 sagittis]
478 2518 616 2551 Amoris
632 2519 779 2551 scilicet.

255 2573 275 2602 5
294 2569 502 2611 Rhamnusia]
519 2570 679 2602 Nemesis
696 2569 921 2610 Dea,Rham-

210 2620 313 2652 nusia
344 2625 464 2652 vocata
492 2630 513 2652 a
546 2621 762 2652 Rhamnunte
792 2620 920 2662 oppido

213 2671 359 2711 Anicae,
382 2670 416 2702 in
439 2680 506 2712 quo
523 2671 685 2711 templum
702 2670 920 2712 magnificum

214 2721 377 2755 habebat.
415 2720 533 2759 Infesto
546 2720 651 2765 quim]
676 2722 726 2753 Ea
739 2722 829 2753 enim
843 2722 922 2752 Dea

213 2781 306 2815 aegro
334 2772 430 2805 vultu
456 2772 599 2814 respicit
623 2772 727 2806 nimia
752 2771 921 2806 felicitate

981 1911 1105 1950 elatos,
1121 1909 1298 1952 ponitque.
1341 1909 1399 1942 Sic
1414 1910 1592 1942 Lucanus:
1614 1910 1625 1930 ⁸
1638 1911 1686 1942 Et

980 1961 1119 1994 tumidis
1148 1959 1278 1992 infesta
1306 1961 1402 1998 colit,
1441 1970 1517 2003 quae
1546 1961 1685 1993 numina

982 2009 1180 2044 Rhamnus.’
1225 2010 1315 2042 Vide
1332 2011 1470 2043 Consol.
1487 2010 1530 2043 ad
1547 2011 1684 2045 Ursum.

1023 2065 1042 2093 7
1069 2062 1214 2098 Quatuor
1241 2060 1381 2093 emeritis
1411 2071 1470 2102 per
1502 2061 1599 2102 bella,
1625 2072 1685 2104 per

978 2123 1114 2154 (equora,
1144 2112 1254 2144 lustris
1280 2111 1447 2154 Errarem]
1481 2112 1617 2147 Alludit
1639 2113 1683 2146 ad

980 2163 1151 2204 Ulyssem,
1172 2163 1242 2203 qni,
1263 2166 1438 2194 trausacto
1457 2162 1622 2195 decennio
1638 2162 1683 2196 ad

978 2214 1106 2246 bellum
1124 2213 1323 2254 Trojanum,
1344 2213 1470 2246 erravit
1493 2213 1603 2246 adhuc
1623 2214 1683 2246 de·

978 2274 1053 2296 cem
1077 2264 1175 2295 annis
1206 2273 1269 2304 per
1296 2263 1412 2303 maria,
1437 2269 1619 2306 antequam
1645 2266 1682 2298 in

977 2314 1122 2355 patriam
1137 2313 1318 2354 pervenire
1333 2317 1464 2354 posset.

1018 2367 1040 2396 9
1064 2365 1139 2396 Non
1153 2364 1336 2395 intersectas
1354 2368 1526 2397 commenta
1539 2368 1682 2400 retexere

977 2416 1070 2457 telas]
1098 2414 1267 2456 Loquitur
1291 2413 1335 2445 de
1362 2413 1554 2455 Penelope,
1579 2414 1681 2456 Ulys-

976 2465 1019 2496 sis
1042 2473 1162 2505 uxore,
1175 2473 1251 2506 quae
1280 2473 1404 2505 procos
1427 2464 1604 2506 eludebat,
1626 2474 1680 2498 ro-

974 2515 1127 2548 texendo
1143 2519 1247 2546 noctu
1265 2515 1382 2554 telam,
1397 2524 1496 2556 quam
1513 2514 1569 2546 die
1582 2518 1679 2548 texe-

977 2567 1047 2598 bat.
1092 2564 1304 2596 Promiserat
1325 2564 1415 2595 enim
1430 2573 1467 2596 se
1483 2564 1540 2595 uni
1557 2573 1676 2598 eorum

974 2620 1173 2658 nupturam,
1211 2625 1290 2647 cum
1326 2614 1428 2646 telam
1465 2613 1678 2649 absolvisset.

977 2669 1071 2701 Nota
1107 2665 1235 2698 fabula.
1289 2664 1378 2697 Vide
1415 2665 1603 2701 Homerum
1640 2667 1676 2704 in

977 2717 1145 2760 Odyssea.
