1800 3060
201 237 259 278 54
705 245 744 276 Ρ.
778 245 971 277 PAPINlI
1005 246 1170 278 STATtt

202 343 290 385 Par
309 343 477 384 honor:
508 341 739 384 exhaustis
760 341 956 384 Martem
977 356 1066 384 non
1087 342 1223 385 altius
1244 345 1379 386 armis

202 410 435 453 Bistonius
457 413 605 464 portat
619 409 816 465 sonipes,
836 423 1086 465 magnoque
1106 412 1305 465 superbit

200 478 431 530 Pondere3
461 491 542 519 nec
561 477 690 520 tardo
709 481 865 532 raptus
886 490 1026 532 prope
1044 477 1226 520 fiumina
1246 491 1380 521 cursu

203 547 386 596 Fumat,
407 549 452 587 et
470 546 642 599 ingenti
659 544 871 600 propellit
890 544 1122 600 Strymona
1141 544 1268 588 flatu.

201 614 293 656 Par
312 614 438 668 operi
460 613 618 655 sedes:
649 613 752 655 hinc
771 612 909 655 obvia
926 612 1082 656 limina
1102 614 1273 669 pandit,

203 681 296 734 Qui
310 681 462 723 fessus
481 681 630 732 bellis,
650 681 810 723 ascitae
831 694 1012 723 munere
1032 682 1186 736 prolis,

1609 481 1667 523 20

203 814 314 855 Equus
330 815 485 847 Thracius
498 815 598 857 finito
613 815 691 847 bello
706 825 767 847 non
781 815 944 856 superbior
958 814 1044 846 vehit
1059 815 1213 854 Martem,
1236 818 1267 847 et
1292 825 1360 847 cum
1383 815 1543 855 gloriatur
1557 826 1670 855 magno

199 867 303 894 onere,
319 862 349 889 et
365 859 448 890 latua
463 859 561 891 citato
575 868 664 890 cursu
675 868 771 900 prope
776 858 896 900 fluvios
903 857 1026 897 furunt,
1041 861 1072 889 et
1086 858 1244 899 protrudit
1258 858 1455 900 Strymonem
1463 859 1548 897 sorti
1557 859 1672 892 halitu.

201 899 302 933 Locus
313 902 455 934 contenit
469 902 566 943 operi.
613 901 702 934 Hinc
719 903 771 934 ille
784 902 895 943 pandit
911 900 1124 943 obviusfores‚
1137 901 1192 943 qui
1209 900 1375 942 fatigatus
1396 902 1473 933 bello
1493 902 1592 943 civili,
1604 902 1669 944 pri-
1683 903 1685 905 '

819 985 1059 998 600000000000

200 1052 493 1128 g‘sssfgffit-iff.
510 1053 675 1128 {13²5}ss
678 1057 830 1129 Ἥὲῑηέ·
851 1053 1310 1137 {53²‘;‡‡?.,⁸·„22252;.¹.2‚2
1322 1052 1616 1138 {itfussffifflffi'
1632 1058 1671 1128 ἓξ

200 1139 359 1170 Handius
375 1139 506 1171 edidit.
530 1139 701 1172 emtisM.
716 1150 778 1171 non
791 1140 899 1176 altior,
911 1141 966 1180 ἔμ’.
1007 1139 1064 1172 Cf.
1078 1139 1140 1171 Sil.
1158 1139 1234 1171 Ital.
1251 1148 1303 1171 lx.
1317 1142 1372 1171 86.
1401 1139 1507 1171 Ovid.
1524 1139 1670 1171 Heroid.

202 1189 288 1213 xm.
306 1184 381 1214 147.
396 1187 433 1213 et
450 1183 648 1224 Stat.Sylv.
664 1186 767 1215 111.3.
785 1185 858 1215 144.
879 1182 1053 1214 nonaleius
1079 1182 1268 1224 praeferunt
1285 1183 1391 1214 etiam
1405 1183 1511 1214 Bern.
1526 1182 1561 1214 in
1578 1192 1670 1214 com-

199 1229 309 1256 ment.
324 1225 390 1256 Til.
406 1226 527 1257 Barth.
554 1231 589 1257 et
605 1225 774 1258 Grotius
766 1235 799 1257 ιιι
818 1226 929 1267 Epist.
945 1225 988 1257 ad
1012 1225 1167 1258 Gronov.
1184 1225 1409 1257 Marklandus
1424 1224 1549 1257 dubius
1562 1225 1670 1257 haere-

200 1266 273 1299 bat.
294 1277 358 1300 non
378 1269 512 1309 amplior
531 1269 619 1310 conj.
644 1269 750 1301 Bern.
774 1268 865 1311 quod
892 1274 1100 1310 receperunt
1128 1268 1291 1301 Gevarts
1302 1268 1456 1301 Gronov.
1483 1271 1520 1300 et
1545 1268 1671 1301 Danm.

199 1310 362 1351 probavit
375 1311 526 1344 Rhaedus
543 1314 577 1343 in
596 1312 746 1343 ineditis.
769 1322 829 1343 non
843 1313 976 1353 amplius
991 1311 1142 1343 correxit
1157 1310 1374 1352 Calderinus,
1388 1310 1479 1343 nude
1493 1311 1644 1353 legitur
1635 1321 1671 1343 ιιι

202 1354 301 1386 Rom.
318 1354 459 1387 Venett.
485 1358 518 1387 2.
545 1357 579 1386 3.
603 1359 635 1387 4.
660 1355 770 1387 Petit.
798 1354 902 1386 Aldd.
926 1355 1082 1387 Grasser.
1110 1359 1145 1386 et
1170 1355 1236 1386 Til.
1253 1355 1354 1386 etita
1368 1353 1470 1386 codd.
1485 1355 1566 1386 Vnt.
1582 1357 1614 1386 2.
1632 1360 1670 1387 et

201 1396 297 1429 Leid.
318 1406 380 1428 non
394 1398 490 1429 altior
505 1399 604 1430 Urat.
625 1398 731 1430 acrius
745 1398 836 1439 conj.
853 1399 959 1430 Lenz.
974 1408 1017 1429 ex
1032 1408 1080 1430 vs.
1094 1400 1149 1430 47.
1151 1401 1238 1430 -20
1252 1397 1380 1430 Markl.
1394 1397 1488 1439 conj.
1503 1406 1557 1429 nec
1570 1400 1673 1438 tanto,

200 1439 293 1481 quod
309 1444 345 1471 et
362 1439 532 1472 Gevartio
548 1446 584 1472 et
599 1441 800 1483 Peyraredo
822 1442 855 1472 in
882 1446 1035 1472 mentem
1061 1445 1218 1473 venerat.
1263 1440 1428 1472 Marolles
1453 1446 1564 1479 notat,
1586 1440 1671 1472 alios

200 1483 327 1524 legisse
342 1493 398 1514 nee
410 1485 515 1516 tarda.
560 1484 687 1517 Venet.
704 1487 735 1517 1.
751 1487 843 1525 rapto
858 1493 921 1525 pro
935 1487 1056 1525 raptus.
1102 1484 1225 1516 Heius.
1240 1483 1330 1526 conj.
1350 1493 1407 1515 nec
1420 1486 1510 1515 tanto
1529 1493 1560 1515 r.
1585 1494 1618 1524 p.
1635 1483 1670 1521 f.

200 1527 285 1558 nisu.
331 1526 394 1557 Vir
409 1526 532 1559 doctus
548 1527 581 1558 in
597 1528 748 1569 exempl.
765 1527 922 1568 Gotting.
945 1527 1014 1559 ita:
1038 1529 1049 1545 ‘
1066 1527 1191 1559 Forte:
1215 1537 1286 1559 cum
1309 1528 1400 1559 tardo
1421 1527 1552 1568 rapidus
1575 1533 1671 1567 prope

192 1570 332 1611 flumina
346 1580 440 1602 cursu
458 1570 598 1608 Famam
620 1570 686 1602 nisi
701 1569 847 1603 fortasse
863 1570 1003 1602 dederit
1015 1570 1142 1611 poeta.
1165 1580 1235 1602 cum
1251 1570 1361 1611 rapido
1375 1573 1484 1611 raptus
1496 1579 1591 1611 prope
1601 1569 1670 1608 sul-

199 1613 286 1644 miuu
298 1623 391 1644 cru-su
407 1613 547 1651 Fumat‚·
569 1617 608 1645 ut
617 1623 716 1655 prope
721 1613 864 1653 falmana
880 1613 925 1645 sit
941 1614 1050 1645 instar
1070 1612 1234 1645 fulminis.
1236 1615 1322 1645 —21
1347 1613 1392 1646 N.
1408 1613 1574 1644 Heinsius
1590 1621 1671 1644 con-

195 1655 288 1697 jecit
313 1655 456 1697 Spumat.
501 1657 551 1689 At
576 1655 626 1689 cf.
649 1657 748 1699 Virg.
771 1655 848 1688 AEn.
867 1665 936 1688 xu.
963 1659 1039 1688 337.
1063 1657 1191 1697 Georg.
1216 1665 1259 1689 11.
1282 1659 1360 1689 542.
1382 1661 1418 1688 et
1438 1656 1570 1688 Minue.
1595 1655 1673 1689 Fel.

202 1699 330 1731 Octav.
345 1702 377 1732 7.
378 1702 464 1731 -22
486 1699 808 1741 Interpunctionem
834 1699 989 1732 correxit
1012 1700 1172 1731 Barthius
1197 1699 1343 1731 sublatis
1366 1698 1451 1731 colis
1471 1703 1550 1739 post
1565 1698 1671 1730 verba

198 1742 310 1783 pandit
325 1746 363 1774 et
382 1743 492 1784 prolis.
494 1745 581 1775 —23
606 1743 671 1779 Qui
685 1743 770 1785 fisus
785 1742 874 1774 bellis
889 1742 980 1783 conj
995 1742 1124 1774 Markl.
1151 1743 1311 1774 tentabat
1326 1742 1454 1774 etiam:
1480 1742 1545 1778 Qui
1561 1741 1671 1781 fretus

200 1785 300 1826 bellis,
318 1786 394 1817 vel:
421 1786 487 1822 Qui
502 1790 610 1818 suetus
623 1786 721 1818 bellis.
741 1785 844 1827 ‘fisus
859 1785 1057 1817 Marklandi
1071 1785 1224 1826 jejunius
1241 1794 1342 1826 quam
1355 1784 1477 1824 sessus,
1500 1794 1564 1816 nec
1578 1784 1667 1816 bene

201 1829 366 1861 convenit
383 1838 460 1861 cum
477 1828 724 1872 sequentibus!
738 1829 836 1861 Lenz.
859 1830 995 1860 adserta
1007 1838 1049 1860 m.
1062 1827 1162 1869 prolis
1178 1829 1294 1860 Parm.
1309 1828 1452 1860 Venett.
1466 1830 1497 1859 3.
1513 1831 1544 1860 4.
1568 1827 1669 1859 Rom.

864 1909 1006 1942 NOTAE

244 1976 285 2006 18
308 1974 485 2006 Exhaustis
511 1974 625 2017 armis]
659 1974 775 2007 Finito
800 1974 904 2016 bello,
961 1973 1161 2015 alliduntur,
1184 1978 1245 2006 aut
1275 1972 1411 2005 easdem
1434 1972 1539 2005 etiam
1555 1977 1671 2015 urget,

199 2034 259 2056 seu
275 2029 353 2066 post
368 2025 562 2057 victoriam.
960 2023 1042 2056 flatu
1059 2025 1246 2067 protrudit,
1270 2025 1365 2057 velut
1379 2024 1505 2056 lentius
1527 2034 1668 2056 curren-

245 2078 286 2107 19
308 2074 489 2116 Bistonius]
523 2076 699 2109 Thracius.
747 2076 905 2109 Bistones
960 2080 1025 2107 tes.
1082 2074 1270 2118 Strymona]
1327 2074 1501 2117 Strymon,
1542 2073 1668 2107 fluvius

199 2125 291 2158 enim
307 2136 391 2167 gens
405 2126 560 2159 Thracia.
959 2127 1117 2159 Thraciae
1132 2127 1175 2158 de
1191 2136 1258 2169 quo
1271 2126 1397 2168 saepius
1410 2125 1571 2158 diximus.

241 2179 285 2208 20
309 2177 378 2209 Nec
392 2179 497 2218 tardo,
509 2177 579 2219 ⁸5⁶]
603 2178 703 2219 Legit
719 2177 905 2211 Gevartius

197 2231 300 2267 tanto,
314 2228 430 2270 aitque
441 2228 552 2270 ipsum
566 2230 691 2262 Martis
704 2239 827 2272 equum
842 2238 908 2262 non

199 2282 298 2310 tanto
315 2288 416 2310 cursu
433 2289 494 2311 seu
509 2279 640 2321 impetu
656 2280 730 2322 rapi
745 2280 789 2312 ad
810 2280 907 2322 stry-

198 2338 314 2370 mona,
339 2334 377 2361 ut
399 2330 538 2362 videtur
568 2331 623 2363 hic
651 2331 845 2364 Domitiani
871 2341 906 2363 e-

198 2389 304 2421 quus:
344 2380 425 2421 quia
455 2381 567 2421 addit,
600 2390 725 2414 cursum
753 2382 905 2414 minatur.

200 2430 241 2462 In
259 2440 325 2472 quo
339 2430 489 2462 fallitur:
514 2441 582 2463 non
604 2431 693 2463 enim
709 2442 831 2464 cursum
847 2432 906 2463 mi-

199 2484 296 2513 natur
312 2480 485 2522 significat
501 2483 622 2524 currit,
645 2482 704 2515 sed
731 2483 840 2515 solum
855 2483 905 2514 vi-

198 2532 303 2564 detur
326 2531 400 2573 jam
423 2532 496 2573 jam
527 2542 664 2564 cursum
694 2537 906 2575 arrepturus.

198 2583 353 2625 Simplex
368 2587 423 2615 est
437 2582 493 2614 hic
508 2582 695 2625 descriptio
718 2584 799 2627 equi
814 2584 906 2616 Mar-

200 2635 258 2675 tis,
274 2635 373 2675 cujus
386 2635 627 2676 pernicitatem
644 2640 822 2677 comparat
838 2635 907 2667 Po-

198 2684 255 2717 e'ta
272 2695 349 2716 cum
367 2685 555 2726 rapiditate
571 2684 666 2718 fluvii
686 2687 866 2718 celerrimi.

1005 2180 1048 2210 22
1071 2177 1183 2218 Sedes]
1206 2178 1277 2210 Per
1291 2178 1394 2209 sedem
1411 2181 1527 2219 posset
1542 2176 1667 2208 intelli-

963 2229 996 2270 gi
1008 2228 1110 2269 basis,
1132 2229 1186 2261 cui
1202 2228 1383 2260 insistebat
1398 2237 1505 2270 equus
1517 2237 1594 2260 cum
1609 2237 1666 2260 eo-

962 2279 1066 2320 losso,
1079 2289 1226 2322 qnaeque
1246 2279 1319 2321 pari
1331 2277 1478 2311 artifieio
1494 2277 1669 2311 elaborata

963 2334 1050 2363 erat.
1093 2330 1162 2362 Sed
1188 2331 1303 2371 potius
1326 2328 1431 2361 eredo
1445 2329 1590 2370 intelligi
1608 2329 1666 2362 de·

961 2381 1043 2414 bere
1073 2381 1184 2412 forum
1215 2381 1419 2420 Romanum,
1446 2380 1480 2411 in
1511 2389 1580 2422 quo
1608 2380 1667 2412 ille

961 2441 1066 2474 equus
1082 2432 1214 2473 positus
1227 2435 1316 2471 erat,
1331 2435 1368 2462 et
1381 2431 1444 2462 hoe
1460 2439 1503 2462 ex
1518 2430 1666 2462 circum-

961 2482 1135 2514 stantibus
1161 2480 1328 2522 aedificiis,
1344 2491 1420 2524 quae
1437 2486 1594 2513 numerat
1611 2482 1667 2514 hie

962 2531 1084 2565 Poeta.
1130 2532 1219 2564 Hine
1233 2531 1322 2564 obvia
1337 2532 1446 2564 limina
1458 2532 1586 2574 pandit]
1609 2532 1667 2564 In·

962 2583 1087 2624 telligit
1102 2583 1212 2614 aedem
1227 2583 1310 2616 Julii
1323 2583 1483 2623 Caesaris,
1499 2592 1575 2624 quae
1591 2588 1666 2615 erat

962 2634 995 2665 in
1015 2633 1090 2665 foro
1117 2634 1279 2665 Romano.
1323 2633 1412 2664 Haec
1440 2633 1532 2664 aedes
1559 2633 1666 2665 inter-

955 2685 1049 2719 fecto
1063 2687 1201 2718 Caesare
1215 2685 1332 2717 dicata
1342 2683 1422 2725 fnit,
1434 2695 1476 2716 ex
1485 2684 1665 2726 Appiano;

240 2738 281 2766 21
308 2736 476 2776 Propellit]
522 2734 594 2768 Aut
628 2741 694 2776 est,
734 2737 900 2769 introrsus
955 2747 998 2770 ex
1014 2737 1128 2769 Dione
1140 2746 1232 2776 vero,
1247 2746 1288 2768 eo
1304 2735 1414 2767 adhuc
1429 2735 1582 2776 vivente,
1594 2735 1667 2768 An·

198 2787 308 2820 trudit
333 2788 440 2820 undas
465 2788 670 2831 StrymoniS,
689 2799 763 2832 quae
794 2791 902 2823 littori
958 2788 1052 2822 tonio
1071 2789 1166 2831 quasi
1183 2787 1364 2819 sacerdote
1381 2797 1419 2819 ac
1437 2785 1586 2820 flamine.
