1800 3060
186 186 245 227 14
786 191 1058 223 PRAEFArro.

187 296 273 332 tes.
315 288 438 340 Quid
461 288 579 331 aliud
601 301 731 342 quam
751 288 1020 341 negligentes
1039 286 1183 342 (viros
1204 286 1316 328 alias
1338 284 1648 337 acutissimos)

186 358 367 407 dixeris,
389 357 466 412 qui
485 358 655 398 centies
677 356 790 396 forte
817 355 1052 408 relegerint
1071 353 1221 395 locum
1243 352 1473 404 Auctoris,
1495 355 1538 395 in
1560 365 1650 408 quo

187 429 352 466 matres
371 425 417 465 in
437 425 555 465 luctu
579 423 783 465 dicuntur
800 423 923 477 ferre
959 420 1108 462 cineres
1135 427 1174 461 et
1195 420 1377 461 carmina
1396 419 1518 461 oculis
1534 436 1549 466 ;
1580 421 1652 463 vel

188 493 266 534 ubi
286 491 432 534 infans
448 492 609 533 dicitur
622 489 831 545 implicare
843 489 1041 544 gemitum
1064 488 1199 529 alicui
1213 501 1225 540 ;
1255 488 1326 528 vel
1342 487 1420 528 ubi
1435 487 1650 530 Tithonia

189 561 349 602 dicitur
387 573 577 615 spargere
616 558 808 611 aliquem
835 553 1012 612 flagello
1030 571 1045 599 ,·
1090 556 1163 597 vel
1192 555 1270 596 ubi
1305 553 1457 610 lanugo
1490 554 1652 597 dicitnr

190 641 355 682 carpere
372 641 496 683 genas
508 642 523 670 ;
568 626 638 666 vel
670 625 747 665 ubi
783 622 918 664 Tibris
937 627 984 664 et
1007 614 1200 663 Lucanus
1220 635 1319 677 ager
1340 621 1550 663 dicuntur
1566 628 1652 662 tor-

190 708 311 751 quere
329 708 460 749 aquas
472 708 484 732 .·
516 693 594 747 qui
616 692 731 742 haec,
754 692 950 745 inquam,
973 696 1019 731 et
1038 694 1106 731 ter
1125 694 1303 731 centum
1321 689 1436 732 talia
1455 689 1650 743 relegere

191 762 416 816 potuerint
442 766 487 801 et
513 760 659 809 edere,
682 759 778 799 sine
813 757 903 799 ulla
933 758 1002 799 vel
1035 769 1190 797 sensus
1224 756 1546 810 explicatione,
1578 756 1654 798 vel

191 828 482 870 absurditatis
502 825 758 868 mentione?
790 823 941 879 Atque
962 823 1060 865 haec
1090 827 1157 865 est
1179 823 1308 864 Statii
1343 824 1388 864 in
1407 823 1479 864 his
1501 823 1665 878 Sylvis

191 909 313 948 sors;
344 908 398 936 ea
424 895 652 936 Editorum
683 892 917 933 securitas.
977 890 1218 941 Nimirum,
1243 890 1336 932 illis
1365 903 1455 932 non
1476 890 1652 933 videtur

192 963 449 1005 suboluisse
471 962 527 1003 de
543 966 633 1003 tam
645 959 903 1014 prodigiosa
916 959 1070 1000 horum
1082 958 1291 1000 librorum
1309 958 1652 1013 depravatione3

190 1034 238 1072 et
258 1029 519 1072 mendorum
549 1040 810 1069 consensum
839 1039 919 1081 pro
947 1027 1137 1068 sanitate
1157 1032 1443 1081 acceperunt.
1502 1026 1567 1068 Ni
1588 1027 1654 1068 ita

190 1110 240 1139 se
259 1096 455 1148 haberet,
475 1095 703 1150 quomodo
725 1095 816 1136 fieri
837 1095 984 1148 potuit
1015 1098 1066 1135 ut
1100 1098 1166 1136 tot
1197 1094 1548 1136 absurditatibus
1578 1106 1654 1136 ac-

191 1165 438 1219 quiesceret
466 1164 577 1220 (non
608 1164 711 1206 dico
748 1163 992 1206 Gevartius
1022 1165 1067 1204 et
1091 1161 1313 1212 Barthius,
1333 1159 1437 1216 sed)
1454 1174 1653 1204 summus

192 1232 276 1275 Ille
297 1231 569 1281 Gronovius,
602 1232 698 1272 sine
731 1231 823 1273 ulla
856 1230 929 1272 vel
962 1229 1235 1284 suspicionis
1267 1242 1364 1271 suae
1398 1229 1650 1271 mentione?

193 1301 294 1343 Nec
313 1300 398 1342 hoc
421 1300 523 1341 dico
542 1303 592 1341 ut
625 1311 726 1340 mea
753 1298 935 1353 majoris
969 1298 1260 1349 aestimentur,
1283 1302 1363 1338 aut
1381 1300 1433 1339 ut
1451 1296 1585 1339 famae
1605 1302 1652 1339 et

190 1367 360 1410 meritis
379 1367 497 1408 illius
519 1366 762 1416 detraham,
781 1364 993 1421 (quorum
1014 1370 1216 1406 neutrum
1239 1369 1317 1406 aut
1335 1365 1384 1405 in
1404 1365 1551 1406 animo
1572 1368 1652 1407 aut

192 1436 237 1476 in
269 1437 491 1489 potestate
516 1445 616 1474 mea
650 1432 783 1474 situm
814 1431 931 1485 est3)
963 1431 1040 1474 sed
1058 1436 1111 1474 ut
1128 1431 1230 1473 hinc
1247 1433 1497 1487 perspicias
1517 1444 1652 1486 quam

191 1502 380 1544 diversae
401 1514 473 1543 res
494 1501 581 1543 sint
603 1499 819 1554 Linguam
840 1500 1049 1542 Latinam
1080 1504 1127 1541 et
1161 1499 1328 1542 Poetas
1361 1499 1549 1542 Latinos
1570 1513 1654 1554 op·

193 1570 297 1611 time
331 1574 377 1610 et
415 1571 621 1610 accurate
661 1567 923 1621 intelligere:
971 1579 1161 1621 quorum
1197 1567 1334 1617 istud,
1371 1567 1411 1609 si
1443 1568 1654 1621 cuiquam

193 1636 459 1686 mortalium,
474 1634 705 1677 Gronovio
725 1635 933 1689 contigit3
953 1635 1051 1685 hoc,
1063 1634 1298 1689 (accurate
1318 1633 1460 1689 dico,)
1478 1635 1559 1677 vix
1577 1635 1655 1676 uni

192 1707 238 1746 et
258 1703 402 1755 alteri,
423 1703 543 1758 quod
562 1704 714 1754 sciam,
744 1702 895 1758 (vivos
931 1703 1048 1744 enim
1084 1707 1316 1757 praetereo,
1351 1706 1507 1756 utpote
1539 1714 1654 1755 quos

193 1771 393 1814 Libitina
421 1770 617 1812 nondum
649 1771 929 1823 sacraverit‚)
956 1775 1122 1825 praeter
1153 1770 1256 1812 Nic.
1286 1770 1541 1820 Heinsium‚
1575 1781 1652 1811 ve-

193 1852 290 1880 rum
309 1838 474 1880 Phoebi
509 1838 751 1888 alumnum,
782 1843 829 1879 et
860 1837 1088 1893 Calliopes
1120 1838 1220 1879 sinu
1252 1837 1533 1879 innutritum:
1575 1835 1654 1891 qui

194 1905 319 1948 aliud
341 1918 474 1960 agens
494 1919 623 1960 paene
642 1906 772 1960 plura
788 1906 908 1957 loca,
925 1910 1043 1948 certe
1063 1905 1326 1956 difficiliora,
1345 1905 1392 1946 in
1410 1904 1482 1945 his
1502 1904 1653 1959 Sylvis

193 1973 405 2023 restituit,
426 1986 561 2028 quam
583 1986 738 2014 omnes
759 1974 838 2015 alii
861 1974 996 2016 simul
1020 1974 1153 2016 sumti
1171 1972 1422 2029 (Gronovio
1443 1969 1655 2026 excepto)

193 2040 352 2095 quiex
376 2040 577 2094 professo
613 2040 879 2082 insudarunt
909 2041 1013 2082 huic
1051 2041 1208 2095 operi;
1245 2053 1330 2082 nec
1361 2039 1515 2081 dubito
1546 2039 1652 2093 quin

194 2108 330 2149 multo
349 2107 479 2162 plura
499 2108 665 2150 lateant
698 2108 744 2149 in
773 2109 971 2162 margine
1003 2107 1288 2162 Exemplar-is
1309 2107 1443 2161 ejus;
1483 2106 1603 2162 quod
1625 2119 1654 2148 a

197 2174 454 2217 Burmanno
475 2175 714 2230 aliquoties
736 2177 921 2219 citatum
943 2176 1091 2227 video,
1116 2175 1229 2218 Not.
1257 2175 1314 2217 ad
1335 2173 1579 2226 Ovidium;
1607 2177 1655 2214 et

195 2243 391 2284 meminit
411 2242 618 2285 Graevius
647 2243 694 2284 in
730 2244 875 2298 Epist.
909 2243 964 2284 ad
990 2242 1258 2294 Bentleium,
1281 2242 1390 2284 Not.
1411 2241 1469 2283 ad
1490 2241 1651 2282 Horat.

197 2308 343 2351 Carm.
372 2321 402 2350 1.
424 2310 493 2352 23.
514 2311 556 2352 5.
617 2310 716 2353 Nec
736 2313 886 2352 tamen
904 2310 991 2352 hoc
1013 2309 1246 2352 Gronovio
1265 2308 1376 2350 vitio
1397 2306 1650 2349 vertendum

197 2377 427 2428 duxerim3
468 2390 559 2418 non
577 2377 722 2420 hercle
742 2378 884 2431 magis
909 2389 1044 2432 quam
1066 2376 1187 2431 quod
1206 2375 1366 2418 Gallus
1385 2375 1457 2417 vel
1473 2374 1651 2416 Britan-

196 2455 283 2484 nus
302 2455 391 2484 non
416 2443 575 2497 fuerit3
605 2458 693 2486 non
712 2445 856 2499 magis
879 2457 1015 2499 quam
1035 2443 1154 2498 quod
1190 2446 1204 2464 ‘
1224 2441 1496 2497 spectandus
1514 2441 1652 2495 nigris

197 2511 342 2552 oculis
372 2512 586 2566 nigroque
618 2512 810 2567 capillo’
841 2512 954 2555 forte
985 2524 1074 2553 non
1105 2511 1250 2552 fuerit.
1309 2509 1417 2551 Hoc
1437 2508 1555 2550 enim
1573 2508 1654 2550 do-

197 2588 302 2618 num
323 2582 395 2619 est
416 2577 622 2630 Naturae,
652 2584 699 2620 et
732 2581 821 2622 illis
855 2580 965 2622 solis
998 2578 1185 2631 contigit
1218 2589 1332 2631 quos
1363 2579 1375 2599 ‘
1398 2575 1652 2617 Nascentes

198 2642 378 2696 placido
390 2644 554 2686 lumine
569 2645 748 2688 viderit'
770 2646 1070 2702 Melpomene.
1130 2644 1279 2686 Multo
1300 2643 1457 2686 altiora
1479 2646 1523 2684 et
1537 2641 1654 2683 forte

198 2710 378 2752 utiliora
404 2713 529 2754 novit
555 2717 598 2754 et
622 2714 824 2756 excoluit
849 2714 917 2756 vir
946 2713 1022 2755 ille
1053 2721 1157 2755 vere
1184 2711 1435 2762 maximus3
1466 2722 1653 2764 quorum
