1800 3060
175 206 233 249 74

175 309 332 353 Certus
351 321 472 351 ames
491 312 643 360 terras,
663 312 709 351 et
728 323 828 365 quae
850 310 933 352 tibi
952 309 1123 364 templa
1143 309 1342 351 dicamus

632 200 642 211 '
674 216 713 246 P.
748 214 941 246 PAP1N11
973 214 1141 259 s'rA'rii

1546 309 1635 351 105

177 378 284 433 Ipse
304 377 453 428 colas;
482 390 565 418 nec
586 381 628 418 te
647 378 750 419 coeli
763 379 890 433 juvet
911 377 1040 419 aula:
1070 381 1264 431 tuosque

178 445 333 487 Laetus
350 444 454 487 huic
475 444 595 486 dono
616 445 772 487 videas
793 445 897 487 dare
916 445 1048 486 thura
1064 450 1270 500 nepotes.

177 546 283 584 spreto
295 543 455 586 Apolline.
484 544 568 576 Fixo
585 544 688 576 animo
703 544 819 584 diligas
832 547 947 584 terras,
961 547 994 576 et
1009 544 1076 585 ipse
1088 543 1209 576 habites
1215 543 1310 584 fana,
1325 553 1394 585 quoe
1406 542 1467 574 tihi
1480 552 1638 574 consecra-

178 596 259 627 mus,
273 596 329 636 nec
342 588 434 628 regia
456 588 525 619 coeli
543 587 604 619 tibi
622 589 758 628 placeat,
781 590 814 619 et
834 587 974 627 gaudens
986 596 1095 619 cernas
1118 591 1187 619 tuos
1208 590 1333 628 nepotes
1346 584 1459 628 offerre
1474 586 1545 618 thus
1566 586 1639 618 huic

180 639 315 663 munen-

791 681 829 694 θ’
833 681 1032 694 ‘N‘OOOm

181 732 298 764 Diatr.
312 741 347 772 p.
362 734 526 764 85.-105
552 731 660 764 Coecus
673 741 758 764 ames
770 732 896 765 Venet.
913 735 944 765 1.
972 732 1068 765 Serus
1080 741 1164 765 omes
1178 732 1259 764 Par.
1270 731 1305 764 in
1320 730 1473 771 scholiis,
1485 733 1525 762 ut
1535 728 1643 762 etiam

182 775 292 806 voluit
304 775 643 816 Peyraredus.-—107
666 775 786 807 Loetius
811 775 939 808 Venet.
966 778 998 807 1.
1020 778 1052 808 2.
1074 778 1106 808 3.
1128 778 1161 807 4.
1184 775 1298 807 Parm.
1321 775 1419 807 Rom.
1441 774 1580 806 vicent.
1605 775 1642 804 et

183 817 280 851 Brix.
292 818 401 850 Laetus
412 819 539 853 venet.
554 820 651 852 1494.
673 817 778 850 Aldd.
793 820 860 852 διο.
870 819 927 850 hoc
940 819 1018 851 dono
1032 819 1160 852 Venet.
1174 821 1206 851 1.
1220 817 1379 857 darejura
1392 817 1493 850 Urat.

843 903 986 937 NOTAE

185 976 223 999 se
244 966 357 1008 Epist.
374 965 419 999 ad
433 966 637 1000 Marcellum
652 967 713 1000 lib.
724 977 778 1000 ιν.
795 968 891 1010 Sylv-

182 1021 217 1050 4.
251 1018 383 1051 ‘Quem
409 1017 680 1059 [Domitianum]
703 1018 768 1050 tibi
798 1022 897 1060 post-

185 1068 300 1111 posito
314 1068 465 1101 studium
481 1073 536 1101 est
549 1068 698 1101 coluisse
713 1069 894 1101 Tonante.’

183 1119 253 1151 Ubi
269 1118 356 1150 alius
377 1128 494 1151 sensus
507 1118 588 1152 huic
607 1119 722 1152 versui
737 1120 811 1152 dari
826 1129 893 1152 uon

185 1173 317 1211 potest,
330 1179 432 1212 quam
445 1170 518 1211 ille,
534 1169 626 1213 quod
639 1171 826 1203 Marcellus
841 1175 894 1204 to—

186 1225 261 1253 tum
277 1230 374 1252 suum
388 1220 539 1253 studium
561 1225 668 1263 ponat
690 1221 726 1252 iu
749 1221 894 1254 colendo

186 1271 358 1314 principe,
374 1271 605 1314 praeferatque
628 1273 725 1304 illum
746 1272 812 1314 ipsi
832 1273 895 1306 Jo-

187 1322 244 1354 vi:
267 1321 327 1353 ubi
350 1321 440 1353 enim
466 1326 520 1354 est
538 1321 629 1354 idem
648 1322 811 1364 loquendi
837 1332 896 1364 ge·

187 1383 265 1414 nus,
289 1373 380 1406 idem
402 1374 507 1406 etiam
534 1374 640 1407 debet
665 1384 740 1407 esse
764 1384 895 1408 seusuS.

189 1424 353 1456 Ceterum
375 1425 527 1457 colossus
551 1426 654 1466 Solis,
681 1425 725 1457 de
747 1435 816 1467 quo
841 1425 897 1458 hic

188 1475 319 1507 mentio
345 1479 412 1517 est,
436 1474 551 1508 factus
574 1475 687 1508 fuerat
711 1486 731 1507 a
747 1475 897 1508 Charete

188 1527 335 1569 Lyndio,
350 1531 386 1559 et
401 1532 602 1560 numeratus
625 1527 691 1560 fuit
716 1527 807 1560 inter
821 1537 900 1570 sep-

190 1583 261 1609 tem
291 1577 408 1609 mundi
438 1578 613 1612 miracula.
657 1578 712 1611 De
734 1588 800 1621 quo
821 1579 898 1611 haec

191 1627 240 1659 ait
255 1627 386 1659 Plinius
401 1627 461 1659 lib.
479 1636 613 1661 xxxiv.
628 1637 705 1670 cap.
719 1631 752 1660 7.
783 1629 794 1646 ‘
804 1628 899 1661 Ante

190 1688 309 1711 omnes
325 1683 440 1711 autem
455 1678 489 1710 in
502 1679 727 1712 admiratione
742 1679 809 1712 fuit
820 1680 899 1712 solis

189 1729 342 1762 colossus
356 1729 483 1770 Rhodi,
499 1739 602 1771 quem
626 1729 761 1763 fecerat
773 1730 901 1763 Chares

191 1780 358 1822 Lyudius‚
386 1780 529 1822 Lysippi
557 1781 756 1823 discipulus.
812 1782 899 1823 Sep-

191 1831 349 1872 tuaginta
376 1831 572 1864 cubitorum
596 1832 789 1865 altitudinis
812 1832 899 1865 fuit:

192 1883 259 1914 hoc
290 1882 508 1914 simulacrum
545 1887 627 1924 post
663 1883 903 1925 quinquagesi-

194 1943 284 1965 mum
301 1938 435 1965 sextum
450 1943 575 1965 aunum
590 1938 694 1966 terrae
714 1939 809 1966 motu
825 1943 902 1975 pro·

194 1990 352 2026 stratum,
365 1984 426 2016 sed
439 1984 563 2026 jacens
585 1994 722 2027 quoque
739 1984 903 2017 miraculo

193 2039 266 2068 est:
291 2034 393 2077 pauci
413 2035 571 2077 pollicem
594 2035 669 2076 ejus
691 2035 904 2077 amplectun-

194 2091 273 2118 tur:
297 2086 445 2127 majores
469 2089 549 2117 sunt
573 2085 685 2126 digiti,
709 2095 812 2127 quam
829 2086 903 2127 ple-

195 2146 311 2178 raeque
326 2141 451 2168 statuae
465 2146 475 2168 :
499 2135 586 2168 vasti
608 2145 733 2177 specus
747 2135 844 2168 hiant
858 2135 903 2168 de

195 2187 318 2219 fractis
355 2187 533 2219 membris:
571 2191 775 2229 spectantur
811 2187 904 2219 intus

196 2248 331 2280 magnae
357 2238 456 2271 molis
471 2247 566 2278 saxa,
588 2247 732 2280 quorum
750 2237 904 2279 pondere

197 2289 414 2322 stabiliverat
442 2288 681 2320 constituens:
722 2287 904 2320 duodecim

197 2339 296 2372 annis
318 2339 460 2371 tradunt
480 2338 645 2372 effectum
661 2341 736 2372 300.
750 2338 905 2379 talentis,

197 2399 276 2432 quse
306 2391 527 2422 contulerant
554 2401 597 2422 ex
622 2394 791 2432 apparatu
817 2389 908 2430 regis

198 2441 385 2482 Demetrii,
400 2442 523 2473 relicto
539 2451 642 2474 morae
659 2439 793 2474 taedio-⁹
822 2440 908 2473 Haec

199 2492 347 2526 Plinius.
391 2493 504 2524 Tanta
538 2498 653 2525 autem
682 2491 909 2534 intercapedo

201 2551 339 2574 crurum
360 2542 504 2573 istiusce
533 2542 667 2578 colossi,
684 2542 764 2574 dum
789 2545 911 2582 staret,

199 2592 307 2624 fuisse
322 2591 462 2631 dicitur,
486 2596 525 2623 ut
541 2601 742 2634 unoquoque
765 2592 855 2634 pede
871 2593 909 2623 il-

200 2643 268 2675 lius
298 2643 341 2675 ad
367 2652 419 2683 os,
449 2642 618 2675 ostiumve
648 2649 768 2684 portus
799 2641 911 2675 Rhodi

200 2693 282 2725 hinc
297 2698 334 2726 et
349 2694 428 2726 iude
450 2693 671 2734 consistente,
686 2703 790 2726 naves
805 2693 912 2736 majo-

203 2754 259 2777 res
274 2743 397 2776 inflatis
413 2744 495 2776 velis
505 2744 673 2776 iutrarent
685 2749 835 2787 portum,
848 2754 912 2778 nee

203 2796 448 2839 pertingerent
471 2795 514 2828 ad
531 2805 632 2827 crura
647 2795 750 2828 illius.

249 2845 373 2879 Rhodos
401 2846 527 2888 aspera]
563 2846 704 2879 Rhodos
733 2847 842 2881 insula
877 2847 912 2880 in

939 968 1026 1001 mari
1042 968 1228 1012 Carpathio
1249 967 1414 1010 adjacens
1435 966 1562 1009 Cariae,
1576 976 1647 1000 am-

942 1020 1019 1053 bitu
1040 1023 1115 1054 130.
1137 1020 1245 1053 millia
1264 1029 1438 1063 passuum,
1454 1019 1510 1051 vel
1525 1020 1601 1051 loa.
1617 1018 1648 1050 si

941 1071 1077 1104 Isidoro
1112 1071 1292 1111 credimus,
1320 1070 1477 1103 habitata
1504 1068 1648 1101 urbibus

942 1122 1067 1164 Lindo,
1082 1122 1230 1163 Camiro,
1243 1121 1378 1164 Jalyso,
1395 1130 1488 1153 nunc
1501 1119 1623 1152 Rhodo
1638 1130 1647 1150 :

939 1173 1093 1206 vocitata
1107 1177 1161 1206 est
1183 1177 1288 1205 antea
1308 1172 1476 1214 Ophiusa,
1493 1170 1648 1211 Asteria,

942 1223 1096 1265 Athana,
1112 1223 1303 1264 Trinacria,
1318 1221 1515 1264 Corymbia,
1532 1222 1650 1254 Poeos-

943 1285 996 1316 sa,
1012 1274 1179 1317 Atabyria
1202 1284 1222 1306 a
1245 1283 1347 1315 rege:
1374 1273 1498 1306 deinde
1513 1272 1651 1304 Macria

944 1330 981 1358 et
996 1325 1152 1358 Oloessa.
1193 1324 1285 1358 Vide
1306 1324 1470 1356 Plinium.
1505 1323 1650 1356 Dicitur

943 1387 1054 1418 aspera
1082 1377 1126 1410 ob
1159 1374 1266 1409 solum
1296 1375 1384 1408 rude
1412 1379 1450 1408 et
1478 1373 1651 1407 iufoecun-

945 1427 1039 1461 dum.

989 1482 1051 1512 105
1077 1480 1191 1511 Certus
1204 1489 1290 1511 umes
1303 1476 1421 1518 terras]
1446 1478 1571 1518 Certus,
1591 1484 1652 1508 ex-

947 1530 1054 1572 plicat
1069 1530 1275 1571 Gronovius,
1301 1531 1311 1549 ‘
1322 1528 1413 1561 haud
1430 1526 1609 1568 ambiguus
1625 1525 1653 1557 ι’

947 1586 987 1614 ut
1001 1591 1062 1614 seu
1074 1580 1119 1614 ob
1140 1581 1387 1621 valetudinem,
1400 1589 1459 1611 seu
1475 1578 1558 1610 alias
1572 1587 1652 1609 cau-

947 1641 1001 1664 sas
1027 1631 1136 1663 metui
1166 1632 1278 1673 possit
1303 1630 1385 1663 vitae
1415 1634 1496 1661 tuae.
1554 1627 1651 1660 Male

946 1683 1139 1725 corrigebat
1155 1683 1208 1715 vir
1219 1683 1364 1715 doctus:
1386 1682 1485 1715 Serus
1495 1690 1580 1713 ames
1590 1683 1654 1712 ter-

946 1744 1012 1766 ras.
1055 1734 1124 1766 Sed
1148 1733 1262 1776 potius
1283 1733 1338 1765 hic
1354 1738 1407 1765 est
1425 1741 1566 1764 sensus:
1595 1730 1651 1763 Ne

947 1784 1124 1826 ambiguus
1153 1783 1211 1825 sis,
1238 1793 1282 1815 ne
1313 1783 1450 1815 dubites
1487 1780 1653 1823 praeferre

947 1840 1074 1867 terram
1106 1835 1206 1867 coelo.
1250 1834 1297 1866 Et
1333 1832 1444 1865 Poeta
1470 1831 1591 1864 habuit
1617 1831 1654 1862 in

948 1891 1064 1918 mente
1105 1887 1194 1917 hauc
1233 1885 1370 1926 longam
1407 1882 1654 1922 adulationem,

948 1946 1047 1979 quam
1062 1935 1161 1968 initio
1174 1934 1357 1967 Thebaidis
1374 1934 1506 1975 posuit:
1530 1934 1542 1951 ⁴
1554 1932 1656 1964 Licet

950 1987 1077 2019 arctior
1097 1995 1214 2018 omnes
1240 1985 1353 2016 Limes
1370 1989 1451 2024 agat
1466 1983 1599 2023 stellas,
1618 1985 1656 2014 et

949 2042 984 2070 te
1001 2038 1104 2080 plaga
1116 2036 1231 2068 lucida
1245 2034 1324 2067 coeli
1339 2032 1531 2074 Pleiadum,
1545 2033 1655 2064 Bore-

951 2098 1051 2130 aeque
1074 2091 1112 2119 et
1135 2085 1240 2118 hiulci
1260 2084 1412 2117 fulminis
1429 2092 1552 2125 expers
1568 2082 1656 2114 Soli-

950 2139 1038 2171 citet
1049 2148 1060 2178 ;
1075 2138 1159 2170 licet
1170 2135 1368 2178 ignipedum
1380 2134 1544 2167 fraenator
1552 2142 1657 2176 equo-

951 2199 1025 2222 rum
1047 2189 1129 2230 Ipse
1152 2188 1219 2219 tuis
1243 2187 1312 2219 alte
1334 2185 1528 2218 radiantem
1554 2184 1658 2217 crini-

952 2239 1015 2271 bus
1039 2247 1158 2271 arcnm
1181 2236 1376 2278 Imprimat,
1400 2239 1460 2267 aut
1474 2234 1587 2277 magni
1601 2244 1659 2267 ce-

953 2289 1014 2321 dat
1042 2288 1106 2321 tibi
1134 2287 1278 2329 Jupiter
1303 2295 1404 2328 aequa
1431 2285 1540 2317 Parte
1568 2284 1658 2326 poli;

953 2349 1093 2372 maneas
1113 2339 1285 2370 hominum
1309 2340 1491 2369 contentus
1515 2333 1659 2366 habenis

954 2390 1134 2421 Undarum
1151 2393 1321 2429 terraeque
1336 2389 1473 2428 potens,
1486 2388 1524 2417 et
1545 2384 1661 2416 sidera

955 2439 1085 2473 dones.'
1128 2439 1214 2473 Quae
1228 2437 1340 2469 omnia
1353 2435 1506 2469 breviter
1516 2435 1662 2468 includit

954 2491 1007 2523 his
1037 2489 1218 2522 versibus:
1240 2489 1356 2520 Certus
1381 2497 1466 2519 ames
1488 2490 1604 2528 terras,
1628 2488 1662 2518 et

956 2551 1026 2583 quoe
1040 2541 1100 2572 tibi
1113 2540 1227 2581 templo
1240 2539 1379 2571 dicamus
1390 2538 1464 2579 Ipse
1477 2538 1561 2570 colas
1571 2548 1583 2569 .-
1602 2547 1660 2569 nec

957 2598 989 2625 te
1003 2593 1070 2624 coeli
1078 2591 1169 2631 juvet
1185 2591 1268 2623 aulo.

1001 2646 1062 2676 107
1087 2644 1181 2675 Dare
1195 2640 1304 2682 thura]
1329 2640 1393 2672 His
1411 2638 1526 2672 verbis
1547 2638 1664 2671 solen-

958 2704 1002 2727 ne
1028 2697 1218 2726 statuarum
1234 2691 1365 2724 cultum
1386 2694 1497 2723 notat.
1541 2689 1665 2723 Cicero

959 2744 1061 2778 Offic.
1086 2753 1144 2777 111.
1187 2743 1198 2762 ⁸
1212 2741 1378 2774 Omnibus
1417 2740 1504 2773 vicis
1538 2744 1663 2773 statuae

961 2795 1062 2828 factae
1079 2797 1170 2834 sunt,
1187 2792 1231 2826 ad
1248 2802 1306 2825 eas
1322 2792 1400 2824 thus
1416 2796 1453 2824 et
1465 2790 1579 2824 cerei.'
1618 2791 1664 2823 Et

962 2846 1121 2889 exempla
1135 2845 1234 2888 plura
1249 2842 1340 2886 apud
1352 2851 1468 2876 omues
1482 2841 1620 2886 passim.
