1800 3060
195 199 281 241 216

695 209 735 238 P.
769 207 959 238 PAPlNlI
994 206 1158 238 STATH

375 380 428 410 11.
494 378 643 408 VILLA
668 377 1031 418 SURRENTlNA†
1054 374 1249 409 POLLllss
1273 378 1483 409 FELICIS.

199 472 380 512 Papinius,
396 471 500 503 finitis
516 470 666 512 Neapoli
682 470 985 512 quinquennalibus
999 470 1101 510 ludis,
1116 471 1259 503 Romam
1275 471 1422 511 rediens,
1437 475 1472 503 et
1489 473 1624 511 rogatus
1640 481 1661 503 a

243 514 368 552 Pollio,
382 515 524 555 ejusque
541 524 647 546 uxore
663 515 765 547 Polla
780 514 1035 554 elegantissima
1050 520 1218 553 matrona,
1240 519 1280 546 ut
1303 515 1339 546 in
1355 515 1593 546 Surrentinum
1609 513 1660 545 di-

245 561 406 593 verteret,
423 557 537 588 Pollio
560 566 623 606 pro
649 557 757 588 amica
782 557 1017 597 hospitalitate
1040 557 1164 598 gratias
1181 558 1363 599 relaturus,
1385 557 1500 589 villam
1515 557 1660 589 Surren-

243 600 350 631 tinam
367 609 466 641 quam
482 599 753 641 ingeniosissime
769 599 947 631 describit.

203 696 302 738 EST
323 696 435 737 inter
455 700 586 738 notos
607 696 811 738 Sirenum
831 695 1008 737 nomine
1028 708 1197 746 mumS,

206 764 419 818 Saxaque
437 764 678 818 Tyrrhenae
701 764 877 817 templis
897 768 1083 805 onerata
1104 763 1337 814 Minervae,

205 830 339 872 Celsa
361 830 891 885 Dicarchei'speculatrix
911 831 1018 872 villa
1036 830 1258 884 profundi,

205 898 311 950 Qua
331 898 517 940 Bromio
538 898 728 940 dilectus
748 911 863 952 ager,
887 899 1119 952 collesque
1140 912 1220 952 per
1241 898 1359 940 altos

208 967 373 1016 Uritur,
395 969 440 1007 et
462 965 600 1019 prelis
619 979 705 1007 non
719 966 888 1008 invidet
907 979 998 1008 uva
1018 965 1237 1008 Falernis.
1634 968 1664 1009 5

247 1091 322 1122 Stat
337 1092 478 1124 sublimis
501 1093 589 1132 villa,
610 1097 749 1134 spectans
772 1103 856 1125 mare
872 1091 1132 1131 Dicoearchoeum,
1151 1091 1235 1124 inter
1259 1101 1364 1124 muros
1388 1091 1520 1124 celebres
1540 1091 1664 1123 nomine

204 1131 360 1175 Sirenum,
382 1139 413 1166 et
435 1136 573 1176 scopulos
594 1139 744 1175 gravatos
768 1136 892 1167 delubro
910 1136 1064 1166 Minervae
1083 1136 1264 1176 Tyrrhenae,
1287 1135 1342 1166 ubi
1364 1138 1412 1166 est
1436 1144 1558 1175 camptu
1573 1143 1665 1165 carus

206 1176 343 1218 Baccho,
364 1187 399 1209 ac
414 1188 481 1209 uttae
497 1182 654 1210 torrentur
675 1179 710 1210 in
731 1180 860 1210 excelsis
880 1178 1020 1219 collibus,
1040 1188 1095 1210 nec
1116 1178 1257 1210 invident
1281 1178 1336 1219 iis,
1358 1187 1427 1219 quoe
1448 1178 1608 1209 calcantur
1629 1175 1664 1207 in

821 1269 935 1281 cccccc

939 1269 1055 1281 cccccc

249 1333 470 1366 Surrentinum
490 1335 588 1366 Pollii
615 1334 692 1367 edd.
717 1338 804 1366 vett.
846 1334 969 1366 Lucius
993 1335 1131 1376 Scoppa
1154 1334 1214 1367 lib.
1227 1343 1253 1367 1.
1277 1344 1354 1375 cap.
1370 1337 1425 1366 30.
1471 1333 1669 1365 Sirentinum

207 1378 273 1418 legi
290 1378 408 1412 voluit.
459 1378 545 1410 Villa
559 1377 747 1410 Surrentina
766 1379 850 1409 Polli
865 1381 896 1409 et
911 1378 999 1410 elicis
1015 1378 1134 1409 Salisb.
1185 1378 1268 1410 Villa
1282 1377 1471 1410 Surrentina
1490 1376 1584 1408 Pollii
1606 1377 1667 1408 Fe-

873 1476 1016 1509 NOTAE

251 1545 265 1575 1-
289 1539 529 1581 Surrentinum]
551 1541 769 1580 Surrentum,
792 1541 826 1572 in
853 1551 911 1572 cn·

205 1591 264 1631 jus
283 1601 366 1632 agro
380 1591 447 1622 sita
462 1595 537 1622 erat
550 1591 609 1622 illa
623 1591 701 1622 villa
711 1591 913 1622 Surrentina

211 1641 328 1680 Pollii,
345 1645 399 1672 est
414 1641 610 1681 Campaniae
632 1640 713 1672 urbs
739 1650 758 1671 a
778 1640 912 1671 Graecis

211 1691 363 1730 condita,
389 1691 456 1722 alio
484 1691 620 1721 nomine
649 1690 743 1722 dicta
768 1691 778 1708 ‘
793 1690 912 1722 Petrae

210 1741 388 1773 Sirenum:
441 1740 575 1772 Plinius
605 1740 667 1773 lib.
693 1750 752 1772 ιιι.
778 1751 855 1782 cap.
880 1745 915 1774 6.

212 1792 336 1824 Strabo
352 1792 413 1823 lib.
427 1800 463 1824 v.

257 1846 272 1880 t
296 1842 408 1882 Pollii]
431 1841 563 1874 Pollius
578 1841 636 1873 ille
652 1846 728 1873 erat
745 1840 829 1873 civis
844 1842 915 1873 Pu-

213 1893 371 1924 teolanus
396 1892 599 1932 ditissimus,
622 1892 720 1924 bonis
745 1892 854 1923 literis
877 1901 917 1923 ac

214 1942 436 1984 Philosophia
466 1943 630 1984 imbutus,
672 1943 847 1983 eloquens,
877 1952 917 1974 ac

213 1993 360 2036 placidis
386 1993 552 2033 moribus,
585 1999 622 2024 et
653 1992 802 2033 Papinio
827 1992 918 2024 inter

213 2045 407 2087 praecipuos
422 2044 548 2076 amicos
562 2044 686 2076 cultus.
730 2043 834 2075 Hunc
844 2044 918 2075 lau-

213 2095 275 2127 dat
288 2095 416 2127 Noster
430 2094 583 2136 pluribus
595 2104 731 2126 suarum
739 2094 918 2136 Sylvarnm

211 2147 308 2179 locis.

258 2198 289 2229 1‘
301 2197 405 2229 Notos
419 2196 565 2229 Sirenum
575 2196 697 2228 nomine
711 2195 829 2236 muros]
861 2195 917 2227 In-

215 2248 342 2290 telligit
366 2247 586 2289 Surrentum,
618 2247 722 2289 qnod,
745 2252 784 2278 nt
814 2256 918 2288 supra

215 2300 376 2340 diximus,
395 2302 565 2339 vocatum,
582 2298 591 2316 ‘
602 2299 721 2330 Petrae
734 2297 918 2330 Sirenum?

217 2351 275 2381 De
303 2349 482 2382 Sireuibus
515 2349 594 2381 vide
620 2359 725 2390 supra
755 2348 920 2390 Epicedio

217 2400 386 2440 Glauciae,
403 2409 454 2432 vs.
472 2402 527 2431 10.

259 2454 280 2484 2
303 2450 450 2492 Saxaque
466 2450 634 2492 Tyrrhena·
656 2450 781 2492 templis
794 2453 922 2482 onerata

218 2503 390 2544 Minervoe]
411 2502 530 2534 Innuit
546 2502 822 2534 Promontorium
839 2502 921 2534 Sur-

217 2554 402 2592 rentinum,
413 2553 445 2584 in
457 2563 523 2594 quo
533 2552 750 2590 Athenaeum,
759 2563 818 2585 seu
827 2553 922 2584 deln-

219 2606 319 2641 hrnm
331 2603 513 2642 Minervae,
539 2603 582 2634 ab
596 2603 719 2644 Ulysse
734 2603 924 2643 conditum,

220 2657 321 2687 situm
337 2659 424 2686 erat.
457 2653 550 2685 Huic
565 2653 806 2685 Promontorio
818 2653 861 2686 ab
876 2653 924 2685 al-

221 2711 298 2738 tera
322 2709 422 2746 parte
438 2703 608 2745 oppositae
625 2709 705 2736 sunt
721 2708 790 2736 tres
807 2713 924 2746 parvae

221 2757 339 2792 insulae
351 2757 362 2774 ‘
375 2754 564 2789 Sirenusae’
581 2759 725 2796 vocatae,
739 2765 822 2797 quas
835 2756 923 2788 Nos-

966 1546 1020 1572 ter
1036 1540 1070 1572 in
1088 1540 1239 1572 Hercule
1250 1538 1455 1571 Surrentino
1470 1542 1573 1570 vocat
1586 1537 1597 1556 ‘
1609 1547 1669 1570 no·

966 1595 1022 1622 tas
1034 1591 1189 1622 Sirenum
1205 1589 1339 1622 nomine
1356 1588 1484 1629 rupes?
1530 1588 1672 1620 Dicitur

969 1640 1148 1682 Tyrrhenae,
1161 1638 1385 1680 aTyrrhenis,
1394 1639 1452 1680 qui
1462 1642 1571 1670 totam
1584 1638 1674 1670 hanc

968 1702 1061 1724 oram
1111 1692 1308 1732 Campaniae
1345 1690 1426 1721 olim
1464 1693 1664 1730 tenuerunt,

970 1748 1058 1775 teste
1071 1743 1242 1775 Strabone
1258 1741 1319 1773 lib.
1333 1750 1370 1773 v.

1012 1796 1031 1825 3
1055 1792 1224 1825 Dicarchei
1245 1790 1410 1832 profundi]
1444 1790 1516 1821 Per
1545 1790 1673 1822 Dicar-¹

969 1844 1090 1876 cheam
1120 1842 1327 1884 profundum
1359 1841 1520 1882 intelligit
1560 1841 1672 1872 sinum

970 1895 1214 1932 Puteolanum,
1230 1894 1280 1925 sic
1297 1898 1455 1924 vocatum
1479 1901 1500 1922 a
1518 1891 1674 1923 Puteolis

971 1944 1098 1986 oppido
1115 1944 1326 1985 Campaniae,
1341 1943 1421 1975 olim
1435 1947 1562 1974 vocato
1589 1943 1599 1960 ‘
1611 1941 1673 1974 Di-

972 1995 1142 2036 carchea,’
1165 1999 1203 2026 ut
1220 1994 1336 2026 videre
1349 1998 1405 2026 est
1416 1993 1508 2035 apud
1528 1993 1676 2034 stepha»-

972 2056 1064 2087 nnm,
1078 2045 1344 2086 Eusebiumque,
1358 2053 1399 2076 ac
1411 2043 1509 2076 alios.
1530 2043 1652 2075 Festus
1664 2052 1675 2074 z

973 2096 1225 2129 ‘Dicearchia'
1251 2095 1451 2133 vocabatur,
1479 2104 1557 2137 quoe
1583 2103 1676 2126 nnuc

974 2148 1113 2188 Ruteni,
1125 2146 1215 2188 quod
1232 2156 1272 2178 ea
1286 2146 1412 2178 civitas
1422 2145 1591 2188 qnondam
1601 2144 1677 2185 jus-

972 2198 1103 2230 tissime
1117 2197 1313 2238 regebatur.

1013 2252 1034 2281 4
1057 2249 1204 2290 Bromio]
1237 2248 1388 2280 Baccho.
1431 2248 1592 2288 Colle-«sque
1615 2254 1676 2287 per

971 2300 1052 2331 allos
1079 2300 1206 2339 Uritur,
1227 2303 1259 2331 et
1284 2300 1381 2340 prelis
1394 2307 1454 2329 mm
1472 2298 1594 2329 invidet
1616 2306 1677 2328 uva

974 2351 1135 2392 Falernis]
1161 2350 1252 2383 Hinc
1275 2352 1285 2368 ‘
1300 2349 1501 2381 Surrentina
1516 2347 1618 2388 vina,'
1640 2351 1678 2379 et

974 2403 983 2419 ‘
1004 2401 1197 2433 Surrentini
1223 2399 1351 2432 colles’
1385 2398 1584 2431 Columellae
1614 2397 1677 2429 lib.

975 2461 1031 2484 ιιι.
1047 2454 1164 2492 cap.2.
1186 2450 1387 2482 Surrentina
1401 2449 1492 2480 enim
1504 2449 1583 2479 vina
1598 2457 1677 2479 con-

976 2501 1165 2533 tendebant
1175 2510 1251 2532 cum
1262 2499 1399 2541 reliquis
1409 2499 1579 2539 omnibus,
1588 2503 1682 2530 teste

976 2551 1158 2584 Strabone.
1212 2550 1302 2582 Vide
1331 2550 1482 2581 Plinium
1511 2549 1573 2581 lib.
1601 2557 1678 2580 xrv.

978 2604 1102 2643 cap.6.
1150 2600 1307 2641 Falernis]
1330 2600 1420 2632 Vide
1442 2599 1588 2631 eundem
1604 2599 1679 2631 Pli-

977 2653 1069 2684 nium
1085 2653 1161 2684 loco
1173 2651 1293 2683 citato.
1338 2649 1428 2684 Vide
1455 2656 1492 2682 et
1514 2651 1680 2683 Athenae-

978 2714 1045 2736 um.
