1800 3060
195 202 253 243 5‘2
696 208 736 241 Ρ.
771 210 965 242 PAP1N11
999 209 1166 241 STATn

198 307 272 349 An
295 312 340 349 te
362 305 583 348 Palladiae
607 306 760 356 talem,
781 305 1064 355 Germanice,
1083 304 1218 346 nobis
1642 303 1671 345 5

198 374 418 416 Effinxere
439 387 613 424 manus,
633 373 812 428 qualem
832 373 966 415 modo
982 373 1121 415 fraena
1142 375 1361 414 tenentem

199 442 404 494 Rhenus,
424 447 468 484 et
486 442 660 484 attoniti
683 442 794 483 vidit
814 442 973 483 domus
994 441 1132 483 ardua
1153 441 1272 482 Daci
1290 440 1309 480 'l

199 510 334 553 Nunc
354 524 449 563 age,
462 509 581 552 fama
601 509 722 563 prior
741 514 895 550 notum
915 522 995 563 per
1010 508 1182 550 saecula
1201 520 1361 549 nomen

200 578 418 620 Dardanii
433 578 615 619 miretur
636 577 753 631 equi,
776 576 850 617 cui
874 577 1036 617 vertice
1057 587 1188 617 sacro

203 646 475 701 Dindymon,
496 648 539 686 et
554 645 687 686 caesis
709 643 911 685 decrevit
926 643 1157 684 frondibus
1179 642 1266 684 Ida
1285 656 1295 684 :
1614 643 1671 685 10

192 788 354 829 fatigatos
377 789 530 830 Steropen
552 792 583 820 et
599 787 769 820 Bronten?
803 788 865 829 An,
894 788 1092 829 Germanice,
1108 797 1218 819 munus
1246 787 1390 820 Palladis
1406 788 1501 819 talem
1523 791 1554 820 te
1581 787 1670 820 nobis

198 835 403 872 excuderunt,
419 834 540 873 qualem
555 832 684 863 Rhenus
698 835 729 863 et
743 832 934 863 consternati
948 833 1033 863 Daci
1046 833 1134 863 modo
1148 835 1367 872 spectaverunt
1383 841 1457 872 equo
1473 831 1671 863 insidentem.

201 876 239 907 N
239 885 296 907 unc
309 886 381 916 age,
395 876 570 916 antiquitas
583 879 707 915 stupeat
723 885 834 915 equum
853 874 1020 914 Troianum
1034 875 1068 906 in
1081 875 1165 906 omni
1179 885 1244 906 aevo
1269 874 1470 914 celebratum,
1496 874 1547 906 cui
1562 873 1681 913 sobri-⁷

199 920 297 950 cando
312 920 492 961 Dyndimus
514 922 619 950 sancto
636 918 717 958 J‘ugo
731 918 904 949 diminutus
919 921 979 958 est,
1005 921 1038 950 et
1062 917 1123 949 Ida
1145 917 1282 950 decrevit
1307 917 1478 958 amputatis
1495 917 1669 949 arboribus.

818 1036 875 1048 eea
879 1037 895 1048 e
900 1036 935 1048 ee
939 1033 1062 1048 &enee

202 1132 234 1162 2.
250 1132 281 1161 3.
304 1130 421 1161 Parm.
443 1130 538 1161 Rom.
566 1129 661 1160 Brix.
688 1127 824 1161 Vicent.
851 1127 955 1161 Aldd.
983 1128 1083 1168 aliis;
1108 1128 1255 1171 Effigiem
1279 1127 1423 1160 Venett.
1452 1128 1547 1160 1490.
1575 1129 1671 1160 1494.

205 1175 299 1204 1498.
317 1177 354 1204 et
369 1173 475 1204 Petit.
490 1172 580 1214 quod
597 1172 714 1213 placet
731 1172 894 1203 Parthas.
912 1178 948 1202 et
964 1172 1069 1203 Bern.
1094 1175 1261 1211 repugnat
1277 1172 1380 1203 Cruc.
1406 1173 1502 1203 lassos
1515 1171 1605 1212 conj.
1625 1171 1670 1203 N.

205 1215 328 1247 Heius.
350 1217 360 1234 ‘
377 1216 531 1255 Comma,
554 1214 644 1256 quod
663 1215 762 1255 vulgo
780 1215 928 1256 positum
952 1218 1032 1255 post
1061 1214 1202 1257 Effigies,
1218 1214 1423 1246 abolendum
1440 1213 1539 1246 erat.’
1562 1213 1674 1247 Hand.

202 1262 268 1290 —6
291 1259 427 1301 Effigere
444 1258 544 1290 Urat.
561 1263 599 1290 et
615 1258 740 1290 venet.
758 1260 788 1289 1.
805 1259 926 1298 qualem
940 1267 1001 1288 non
1009 1257 1107 1296 frena
1126 1258 1222 1289 Urat.
1239 1256 1338 1296 freno
1353 1261 1506 1289 terentem
1520 1257 1673 1289 Men-seb.

202 1304 266 1333 -7
290 1302 353 1332 Vir
376 1302 500 1333 doctus
525 1302 559 1332 in
576 1301 735 1342 exemplo
751 1300 977 1341 Gottingensi
992 1300 1082 1340 conj.
1098 1301 1220 1340 timuit,
1243 1305 1301 1332 aut
1315 1301 1443 1332 tremuit
1460 1310 1520 1341 pro
1537 1300 1674 1332 vidit.—

203 1346 224 1375 8
248 1344 345 1375 Idem
363 1345 404 1376 V.
423 1345 466 1375 D.
484 1345 516 1375 in
543 1345 692 1384 exempl.
718 1343 877 1384 Gotting.
906 1343 995 1383 conj.
1021 1343 1116 1375 Nunc
1142 1342 1322 1383 age‚fomo
1340 1345 1441 1384 prior,
1462 1346 1568 1375 notum
1590 1353 1621 1383 p.
1644 1352 1674 1375 s.

202 1397 313 1419 nomen
330 1388 375 1418 D.
390 1387 515 1419 mireris
528 1387 621 1428 equi.-
644 1386 754 1418 codex
779 1386 932 1418 Merseb.
958 1386 1092 1418 Barthii
1115 1396 1172 1427 per·
1185 1387 1301 1418 saecula
1315 1388 1526 1418 numeru—10
1549 1386 1677 1426 Dindy-

202 1439 268 1461 mos
291 1431 373 1462 Par.
398 1435 433 1461 et
458 1430 507 1461 ita
529 1431 683 1461 correxit
698 1429 764 1460 Til.
784 1429 818 1460 in
835 1429 995 1470 exemplo
1011 1438 1085 1461 suo.
1130 1427 1162 1460 A
1177 1429 1310 1461 Graecis
1327 1439 1420 1460 mons
1437 1428 1599 1469 Pbrygiae
1617 1438 1675 1459 no-

202 1473 354 1504 minatur
369 1472 521 1512 Δίνδυμον
536 1478 571 1504 et
588 1472 736 1511 Δίνδυμα.
781 1472 848 1503 Sed
875 1471 955 1503 vide
974 1472 1139 1513 Propert.
1157 1481 1213 1504 ιιι.
1228 1475 1282 1504 21.
1298 1471 1385 1513 (22.)
1399 1475 1430 1503 3.
1478 1472 1537 1503 Idu
1555 1480 1674 1503 ornnes

203 1515 282 1548 edd.
309 1517 386 1548 Iden
406 1517 505 1548 Urat.
529 1516 587 1547 Ide
603 1516 710 1547 voluit
724 1515 876 1554 Vossius,
893 1520 930 1546 ut
945 1519 1043 1547 notat
1061 1515 1286 1554 Burmannus,
1302 1522 1340 1547 et
1357 1516 1399 1547 V.
1416 1515 1460 1546 D.
1477 1515 1510 1545 in
1526 1514 1675 1554 exempl.

205 1558 367 1600 Gotting.
392 1559 481 1601 quod
500 1559 655 1600 reposuit
681 1558 861 1591 Handius:
889 1557 1038 1590 Rhaedus
1063 1558 1218 1590 correxit
1245 1558 1348 1599 Idam,
1370 1564 1410 1590 ut
1436 1558 1585 1598 videtur,
1606 1566 1675 1589 non

869 1679 898 1712 N
907 1678 1010 1711 OTAE

205 1751 435 1796 Pyracmone,
447 1754 618 1796 Cyclopes
631 1757 667 1786 et
677 1754 823 1786 ministri
834 1754 916 1785 Vul-

206 1805 295 1836 cani.
342 1805 399 1836 De
427 1805 640 1846 Pyracmone
666 1804 795 1836 mentio
810 1804 915 1835 lrabe-

209 1862 266 1890 tur
279 1857 387 1889 Theb.
404 1866 445 1889 n.
459 1859 535 1888 599.
580 1856 743 1888 Meminit
761 1865 842 1887 vero
856 1856 914 1887 ho-

207 1919 283 1941 rum
300 1909 342 1941 ab
360 1919 400 1940 ea
417 1913 544 1947 mente,
558 1917 626 1949 qua
641 1906 850 1948 Cyclopibus
866 1908 916 1937 in-

208 1961 327 2002 gentia
365 1969 483 2000 opera,
518 1963 555 1990 et
589 1968 665 2000 quae
697 1957 915 1989 admirationi

209 2016 321 2051 erant,
338 2010 610 2042 ascribebantur.

251 2067 270 2095 5
297 2061 464 2102 Pauaaiae]
490 2061 565 2092 Hoc
580 2060 666 2092 dicit
682 2059 792 2101 gratia
809 2058 916 2100 ipsius

208 2114 412 2152 Domitiani,
428 2112 486 2154 qni
502 2110 680 2143 Palladem
697 2109 916 2142 devotissime

208 2166 357 2199 colebat.
414 2162 682 2196 Excellentioris
706 2162 807 2194 etiam
835 2161 916 2192 arti-

208 2217 278 2248 ficii
303 2225 410 2257 opera
437 2213 575 2245 Palladi
599 2212 893 2244 attribuebantur.

243 2265 445 2306 Germanice]
472 2264 714 2302 Germanicus,
729 2271 917 2304 cognomen

207 2317 396 2349 Domitiani
413 2327 432 2348 a
447 2315 594 2348 devictis
612 2313 738 2355 Cattis,
762 2317 799 2345 et
826 2313 919 2344 Mar-

209 2369 360 2400 comanis
374 2366 569 2399 Germaniae
581 2365 715 2407 populis
732 2376 739 2394 :
755 2363 846 2405 quod
859 2373 921 2395 sae-

209 2418 347 2460 pissime
365 2417 396 2448 in
411 2417 484 2458 ejus
498 2417 642 2448 nummis
658 2415 802 2456 legitur:
815 2414 921 2456 qnod-

210 2478 276 2510 que
307 2476 499 2508 cognomen
526 2476 592 2497 non
618 2466 724 2507 cepit,
758 2465 822 2496 nisi
846 2464 921 2506 jam

213 2518 333 2550 decies
353 2518 483 2549 consul.
529 2519 635 2550 Certe
663 2517 699 2548 in
725 2519 777 2548 11.
802 2519 840 2548 et
868 2518 920 2548 14.

210 2568 441 2601 consulatibus
457 2567 581 2599 nummi
594 2567 722 2598 habent
736 2571 915 2607 tropaeum,

1013 1756 1032 1785 7
1059 1753 1202 1794 Rhenus]
1226 1753 1364 1785 Rhenus
1376 1750 1603 1784 nobilissimus
1614 1749 1676 1782 flu-

969 1804 1044 1836 vius
1076 1804 1232 1836 dividens
1260 1803 1406 1835 Galliam
1435 1812 1453 1834 a
1481 1802 1676 1834 Germania.

968 1855 1092 1887 Domus
1105 1856 1205 1886 arduo
1230 1853 1328 1895 Daci]
1365 1854 1444 1885 Nou
1471 1853 1526 1884 hie
1553 1852 1677 1883 intelli-

969 1905 1080 1947 genda
1092 1905 1188 1945 regia
1205 1905 1393 1941 Dacorum,
1419 1912 1484 1934 non
1508 1911 1603 1934 mous
1625 1911 1678 1933 sa·

969 1965 1040 1996 cer,
1057 1965 1122 1986 uon
1150 1955 1316 1996 templum
1345 1954 1378 1984 in
1406 1957 1535 1992 monte,
1557 1957 1596 1984 ut
1623 1961 1678 1984 vo-

969 2006 1044 2037 lunt
1056 2004 1192 2046 quidam
1210 2003 1500 2045 interpretes‚sed
1517 2003 1593 2044 ipsa
1604 2007 1678 2034 tota

971 2067 1055 2098 gens
1081 2062 1213 2088 montes
1239 2056 1364 2087 colens.
1410 2055 1531 2086 Florus
1548 2053 1610 2086 lib.
1626 2062 1677 2085 lv.

972 2108 983 2125 ‘
1006 2108 1095 2139 Daci
1121 2107 1295 2139 montibus
1334 2103 1531 2137 iuhaerent.'
1577 2103 1678 2144 Daci]

970 2159 1060 2191 Vide
1074 2169 1150 2200 quae
1168 2158 1315 2189 diximus
1326 2157 1371 2189 de
1387 2156 1492 2188 Dacis
1506 2155 1675 2187 Thebaid.

973 2218 996 2241 ¹.
1011 2211 1066 2241 20.
1110 2208 1293 2240 Attonitum
1324 2216 1407 2239 vero
1438 2207 1559 2238 Ducum
1582 2205 1681 2246 dicit,

972 2269 1049 2291 cum
1074 2265 1209 2291 montes
1235 2268 1314 2290 suos
1336 2262 1522 2299 occupatos
1550 2255 1637 2288 vidit
1659 2265 1680 2287 a

973 2310 1098 2351 legatis
1114 2309 1313 2341 Domitiani.

1018 2363 1039 2392 9
1049 2359 1226 2400 Dardanii]
1243 2359 1284 2390 Id
1296 2362 1362 2398 est,
1374 2358 1523 2399 Trojani.
1536 2357 1679 2399 Trojani

976 2411 1066 2442 enim
1080 2421 1099 2442 a
1115 2409 1280 2442 Dardano
1303 2409 1468 2450 originem
1493 2407 1681 2447 ducebant,

975 2462 1153 2503 Troasque
1177 2460 1280 2491 etiam
1302 2461 1311 2477 ‘
1326 2458 1526 2492 Dardania’
1550 2458 1593 2491 ab
1622 2468 1679 2490 eo-

975 2513 1053 2545 dem
1070 2511 1270 2544 vocabatur.

1013 2566 1053 2595 10
1079 2563 1272 2604 Dindymon,
1300 2560 1376 2601 Ida]
1420 2559 1615 2602 Dindymus
1641 2562 1678 2591 et

210 2630 287 2652 cum
304 2619 538 2660 inscriptione,
554 2618 765 2650 GERMAMA
786 2625 916 2650 οΑΡτΑ.
968 2614 1032 2647 Ida
1061 2614 1222 2654 Phrygiae
1250 2616 1396 2651 montes,
1417 2619 1560 2652 qnorum
1585 2609 1679 2650 prior

211 2672 347 2703 Primus
361 2675 490 2710 autern,
504 2670 569 2701 hoc
585 2669 782 2701 Germanici
794 2678 917 2709 cogno-

211 2726 328 2753 mento
344 2722 465 2753 claruit
483 2720 614 2751 Drusus
642 2718 769 2759 Imper.
785 2718 916 2751 Tiberii

211 2770 334 2812 frater,
344 2777 382 2804 et
394 2777 494 2813 pater
506 2770 713 2803 Germanici.

969 2670 1047 2697 erat
1070 2674 1168 2696 sacer
1191 2662 1345 2705 Cybele:
1370 2662 1460 2694 unde
1477 2661 1563 2693 dicit
1578 2669 1679 2701 supe-

972 2716 1052 2749 riori
1071 2724 1184 2755 νει-ευ,
1199 2713 1315 2746 vertice
1329 2722 1428 2744 sacro.
