1800 3060
195 185 281 228 138
690 196 735 228 P.
769 195 960 228 ΡΑΡιΝιι
994 197 1161 229 εΤΑΤιι

197 289 291 331 Hic
312 290 522 344 premitur
538 290 750 333 foecunda
765 292 912 346 quies,
932 293 1162 346 virtusque
1185 306 1341 336 serena

196 357 360 399 Fronte
382 358 542 411 gravis,
564 371 786 413 sanusque
807 359 956 409 decor,
975 360 1174 413 luxuque
1196 367 1395 403 carentes

195 425 407 475 Deliciae,
429 439 544 479 quas
565 426 664 479 ipse
687 427 781 467 suis
803 427 1029 479 digressus
1051 425 1236 470 Athenis

196 491 358 535 Mallet
377 493 550 534 deserto
570 493 714 534 senior
736 493 991 546 Gargettius
1010 493 1153 536 horto.

196 559 316 602 Haec
335 573 412 615 per
433 564 477 602 et
495 561 663 614 AEgeas
681 560 876 615 hyemes,
900 560 1200 615 Pliadumque
1219 561 1424 604 nivosum
1596 564 1655 606 95

195 669 237 700 ud
249 669 441 709 gravitatem
452 669 744 711 componuntur,hic
758 669 854 700 otium
863 668 1058 708 foecundum,
1073 672 1104 701 et
1117 668 1219 700 virtus
1230 679 1337 702 severa
1345 670 1632 710 tranquillafroute
1645 681 1656 702 .·

195 720 290 743 sanus
313 712 390 743 viloe
404 713 503 752 nitor,
526 715 556 743 et
571 713 743 754 voluptates
756 713 834 752 siue,
847 713 936 751 luxu,
950 722 1024 752 quas
1037 712 1102 752 ipse
1127 713 1284 751 longoevus
1300 712 1501 752 Gargettius,
1515 713 1657 752 migrans

196 753 261 785 suis
273 753 422 797 Athenis,
435 754 601 798 praeferret
614 765 668 788 suo
681 755 780 788 horto.
823 755 868 786 Et
883 754 1060 786 conveniret
1076 756 1200 787 tendere
1215 756 1256 786 ad
1271 755 1338 787 hoec
1355 756 1423 788 loen
1444 759 1475 788 et
1495 765 1553 798 per
1575 759 1655 788 tem—

805 839 824 852 O
828 839 1046 852 “O‘N‘OO‘O

196 893 237 923 91
263 891 309 923 N.
326 891 449 925 Heius.
467 893 557 934 conj.
567 894 707 933 facunda
721 894 905 935 quies.—92
929 894 1098 936 sociusque
1122 894 1213 926 decor
1227 894 1326 927 Vatt.
1353 897 1386 927 3.
1412 898 1446 928 4.
1474 898 1511 927 et
1536 895 1652 929 Parm.

197 935 358 976 Sauusque
370 936 456 967 nitor
470 936 573 968 Urat.
601 936 690 978 quod
720 947 763 968 ex
788 937 863 968 aliis
890 937 992 969 codd.
1019 937 1123 969 tacite
1146 939 1299 978 reposuit
1326 937 1539 970 Gronovius:
1562 938 1655 971 idem

195 976 282 1009 feeit
298 978 467 1010 Handius.
511 979 703 1020 Sanctusque
728 981 820 1011 decor
846 980 938 1021 conj.
964 980 1010 1012 N.
1036 980 1156 1012 Heius.
1199 979 1291 1012 Vide
1307 979 1452 1014 Advers.
1466 991 1501 1022 p.
1515 983 1593 1014 607.
1617 986 1655 1014 et

195 1020 326 1062 Syllog.
342 1021 452 1061 Epist.
467 1021 566 1053 Tom.
579 1032 614 1054 v.
632 1032 666 1062 p.
678 1025 839 1054 534.—94
864 1023 964 1054 Urat.
977 1022 1160 1062 gargeticus
1174 1027 1243 1054 orto
1255 1032 1269 1060 ,·
1284 1023 1406 1055 Venet.
1419 1026 1451 1056 1.
1466 1023 1655 1062 car-thetim,-

197 1061 299 1095 Rom.
314 1063 450 1096 Vicent.
473 1069 600 1097 ceterae
621 1066 766 1096 Venett.
793 1070 829 1096 et
855 1065 958 1097 Aldd.
985 1066 1185 1105 Gargetius‚·
1214 1066 1368 1098 Gronov.
1393 1066 1546 1099 correxit
1571 1067 1657 1099 Gar-

193 1106 326 1145 gettius.
369 1106 524 1149 Scaliger
550 1109 591 1139 ad
609 1108 701 1139 Cirin
717 1108 871 1148 Virgilii:
895 1110 1033 1149 cultoque
1051 1118 1145 1140 senex
1165 1108 1354 1148 Gargettius
1376 1108 1563 1141 hortm-95
1587 1110 1656 1142 Nec

195 1149 397 1188 parvenet.
414 1153 445 1182 l.
480 1150 684 1191 Pliadumque
707 1160 824 1182 omnes
851 1151 954 1182 codd.
978 1151 1082 1183 etiam
1097 1151 1198 1182 Vatt.
1221 1157 1259 1184 et
1287 1151 1337 1182 ita
1363 1151 1433 1192 legi
1457 1151 1594 1184 solitum
1619 1151 1656 1184 in

197 1191 349 1233 antiquis
365 1192 466 1224 codd.
481 1194 578 1234 Virg.
605 1194 680 1225 AEn.
705 1202 731 1224 ῐ.
754 1196 828 1225 748.
855 1199 890 1225 et
906 1203 963 1226 ιιι.
978 1197 1053 1225 516.
1101 1193 1308 1235 Pleadumque
1332 1193 1419 1226 citat
1443 1194 1593 1226 Smetius
1619 1194 1654 1226 in

195 1233 386 1274 Prosodia3
410 1236 634 1277 placidumque
649 1237 763 1268 Parm.
810 1236 959 1278 Hyadum
972 1236 1057 1275 legit
1073 1235 1193 1268 Heius.
1210 1237 1244 1267 in
1258 1235 1404 1268 Advers.
1420 1246 1474 1269 tv.
1487 1240 1517 1269 1.
1533 1247 1568 1278 p.
1580 1240 1656 1269 554.

196 1281 235 1308 et
249 1277 291 1309 ad
307 1276 408 1310 finem
423 1279 546 1311 Tibulli
563 1279 658 1312 Edit.
673 1278 952 1312 Broukhusianae.
998 1279 1129 1321 Hyades
1143 1279 1350 1322 Pliadumque
1371 1279 1529 1323 antiquus
1545 1280 1655 1312 codex

861 1355 1004 1388 NOTAE

195 1416 368 1451 Tiburtini
385 1419 580 1451 amoenitate
599 1419 775 1460 componis
790 1428 899 1451 mores

195 1470 239 1501 ad
256 1470 474 1511 gravitatem.

237 1523 280 1552 91
305 1521 460 1553 Foecunda
473 1519 573 1561 quies]
598 1519 717 1552 Otium
741 1525 849 1560 tuum,
864 1520 898 1552 in

196 1580 263 1612 quo
301 1570 430 1612 aliquid
467 1579 603 1611 semper
633 1571 719 1611 agis.
763 1571 897 1612 Supra:

197 1621 207 1637 ‘
223 1621 425 1663 Pieriosque
441 1621 514 1652 dies
528 1625 564 1652 et
574 1621 739 1653 habentes
748 1622 899 1654 carmina

196 1671 356 1704 somnos!
398 1672 532 1704 Seneca
555 1672 621 1712 Ep.
642 1674 696 1704 73.
741 1672 751 1689 ‘
767 1672 899 1712 Pingue

195 1723 304 1755 otium
320 1727 355 1754 et
369 1723 618 1764 imperturbata
637 1722 784 1762 publicis
798 1732 898 1754 occu-

195 1773 392 1814 pationibus
409 1773 516 1815 quies.
561 1773 680 1805 Otium
702 1774 795 1814 qnod
810 1773 901 1804 inter

196 1824 290 1856 Deos
305 1824 433 1866 agitur,
451 1823 540 1865 quod
557 1824 649 1855 Deos
664 1823 771 1856 facit!
815 1824 900 1856 Chio

195 1873 231 1905 in
262 1875 328 1915 Ep.
357 1874 400 1905 ad
427 1874 641 1912 clearchum,
666 1874 771 1906 docet
799 1884 901 1916 quam

196 1922 360 1956 foecunda
389 1924 434 1956 sit
463 1924 518 1956 θεὰ
544 1922 669 1964 ἡσυχία,
694 1925 764 1957 Dea
793 1924 899 1959 Quies.

201 1974 372 2016 Virtusque
384 1985 491 2007 serena
504 1976 622 2008 Fronte
630 1976 755 2017 gratis]
782 1977 900 2008 Discis

197 2026 305 2058 comis
331 2036 425 2066 esse,
443 2031 481 2058 et
499 2028 628 2067 pariter
658 2028 783 2068 gravis,
809 2028 899 2070 quod

198 2075 432 2108 difficillimum
448 2081 513 2117 est,
531 2082 569 2109 ut
584 2078 706 2109 scribit
722 2078 856 2110 Cicero.

239 2130 282 2159 92
306 2129 467 2169 Sunusque
494 2129 586 2159 decor
609 2127 725 2169 [nitor]
750 2128 899 2162 Quidam

195 2178 317 2219 legunt
351 2179 453 2211 decor.
507 2178 654 2219 Papinio
691 2188 773 2210 vero
805 2189 901 2210 sanus

195 2228 293 2266 nitor,
322 2234 376 2260 est
402 2228 498 2268 alibi,
536 2228 698 2269 Protrep.
727 2228 896 2269 Crispini:

196 2279 208 2296 ‘
226 2279 330 2311 Nitor
345 2279 486 2310 luxuriae
509 2278 645 2311 confine
666 2278 809 2312 tenens!
853 2280 900 2311 Et

196 2328 351 2362 Statius:
378 2330 524 2361 Nitorem
547 2339 611 2370 pro
632 2329 838 2362 liberalitate
863 2335 900 2361 et

198 2378 381 2420 splendore
404 2380 453 2411 rei
476 2379 655 2411 familiaris
677 2389 770 2419 saepe
785 2380 899 2419 sumit,

197 2433 238 2460 ut
260 2429 435 2470 hacrymis
459 2431 649 2462 Hetrusci:
673 2431 683 2448 ‘
703 2430 816 2462 Testis
841 2430 899 2461 ad-

196 2479 264 2512 huc
278 2479 364 2520 largi
380 2481 469 2511 nitor
483 2481 562 2512 inde
581 2486 736 2512 assuetus
755 2480 899 2512 Hetrus-

198 2530 244 2569 ci‚
261 2530 324 2562 Cui
343 2535 402 2562 tua
418 2541 483 2562 non
508 2532 652 2563 humiles
673 2531 767 2563 dedit
789 2530 899 2565 indul-

199 2581 318 2622 gentia
331 2581 466 2613 mores!

239 2634 282 2662 93
305 2630 454 2672 Athenis]
481 2630 629 2664 Athenae
656 2632 736 2665 urbs
765 2632 901 2673 clarior,

199 2690 301 2722 quam
315 2686 354 2713 ut
369 2681 513 2714 indicari
529 2687 640 2724 egeat.
684 2682 775 2716 Vide
791 2682 899 2716 Theb.

198 2738 268 2766 xn-
283 2732 345 2766 sub
360 2732 475 2766 finem.

996 1421 1038 1451 94
1072 1419 1185 1451 Senior
1237 1418 1440 1460 Gargettius]
1485 1419 1656 1460 Epicurus

954 1470 1095 1502 Neoclis
1110 1469 1214 1510 filius,
1230 1469 1454 1510 Philosophus
1467 1469 1655 1501 Athenien-

953 1520 1012 1559 sis,
1027 1524 1144 1551 auctor
1159 1524 1265 1552 sectae
1281 1519 1550 1561 Epicuraeorum,
1564 1529 1656 1562 pago

954 1570 1172 1611 Gargettius,
1195 1579 1363 1603 summum
1389 1569 1513 1600 bonum
1537 1570 1573 1601 in
1598 1579 1656 1602 vo-

953 1622 1086 1662 luptate
1115 1619 1362 1660 constituebat,
1382 1628 1450 1651 non
1478 1623 1592 1651 tamen
1621 1620 1656 1651 in

953 1672 1132 1712 voluptate
1168 1670 1335 1712 corporis,
1368 1675 1407 1702 ut
1442 1669 1656 1711 Aristippus,

954 1721 1015 1753 sed
1032 1722 1066 1753 in
1093 1721 1249 1752 absentia
1270 1720 1418 1752 omnium
1440 1720 1606 1761 dolorum,
1620 1725 1657 1753 et

954 1772 989 1803 in
1026 1781 1158 1803 summa
1190 1770 1295 1802 animi
1331 1770 1579 1812 tranquillitate
1611 1781 1655 1803 ac

955 1832 1052 1863 pace.
1095 1820 1259 1861 Effugere
1288 1825 1401 1852 tamen
1431 1829 1499 1852 non
1530 1821 1656 1861 potuit,

954 1873 1035 1914 quin
1071 1872 1224 1904 homines
1262 1869 1495 1911 voluptatibus
1531 1870 1655 1911 dediti,

953 1932 1022 1955 nou
1051 1927 1087 1954 et
1114 1921 1288 1963 Epicuraei
1315 1926 1542 1958 vocarentur;
1565 1920 1657 1952 unde

952 1976 962 1992 ‘
978 1974 1120 2015 Epicuri
1133 1973 1176 2004 dc
1187 1981 1292 2014 grege
1303 1980 1445 2013 porcum
1458 1970 1466 1985 ’
1481 1971 1567 2003 dicit
1582 1972 1655 2004 Ho-

953 2026 1072 2057 ratius.
1132 2022 1249 2063 Horto]
1285 2022 1453 2063 Epicurus
1482 2022 1657 2056 incolebat

953 2076 1097 2108 Athenis
1113 2075 1274 2114 exiguum
1290 2074 1438 2114 hortum,
1452 2074 1488 2105 in
1502 2083 1569 2116 quo
1584 2072 1655 2105 fru-

954 2129 1126 2169 galissime
1137 2127 1288 2166 vivebat,
1300 2126 1506 2168 primusque,
1518 2129 1557 2157 ut
1571 2125 1656 2157 scri-

952 2179 1004 2210 bit
1017 2178 1150 2209 Plinius
1171 2177 1232 2208 lib.
1248 2185 1331 2208 xtx.
1346 2175 1495 2208 instituit
1511 2174 1656 2207 Athenis

952 2229 1079 2262 habere
1094 2229 1208 2261 hortos
1224 2228 1257 2259 in
1270 2227 1366 2266 urbe,
1378 2227 1470 2259 unde
1483 2226 1656 2259 hortorum

953 2280 1118 2321 magister
1143 2279 1334 2320 appellatus
1355 2281 1418 2310 est.
1459 2276 1657 2309 Juvenalis:

955 2331 1168 2372 ‘Epicurum
1203 2328 1354 2370 Suspicit
1385 2326 1501 2368 exigui
1536 2327 1654 2358 laetum

955 2381 1168 2421 plantaribus
1188 2377 1304 2410 horti.’
1347 2377 1439 2409 Vide
1462 2376 1656 2418 Diogenem

954 2431 1129 2463 Laenium
1151 2429 1186 2460 in
1201 2429 1277 2469 ejus
1294 2427 1375 2458 vita.
1421 2426 1546 2458 Mens:
1571 2426 1656 2468 Epi-

954 2490 1056 2512 curus
1083 2479 1145 2520 qui
1162 2479 1373 2518 voluptatem
1401 2475 1596 2508 sectabatur
1621 2481 1658 2509 et

954 2529 1237 2571 tranquillitatem
1251 2526 1467 2566 animi‚'ultro
1479 2526 1658 2559 desereret

953 2582 1088 2613 hortum
1102 2588 1212 2620 suum,
1226 2582 1263 2610 et
1278 2578 1311 2609 in
1327 2576 1440 2609 villam
1457 2581 1550 2609 tuam
1562 2586 1654 2610 com-

940 2633 1130 2673 artigi-aret.

997 2685 1038 2713 95
1062 2681 1143 2713 Hoec
1167 2688 1224 2721 per
1249 2681 1280 2710 et
1306 2678 1438 2718 algeas,
1465 2676 1537 2719 ξι]
1568 2677 1656 2711 Vult

955 2731 1068 2766 Poeta
1087 2734 1194 2765 tantae
1211 2728 1416 2763 amoenitatis
1440 2736 1516 2761 esse
1542 2737 1654 2762 seces-
