1800 3060
616 189 891 222 sYLvAnuu
925 189 1020 219 ms.
1053 187 1083 219 1.
1113 176 1155 218 2.
1563 176 1621 217 93

169 290 423 344 Augustum
441 287 661 342 spoliasse
681 298 851 335 nemuS,
872 284 1198 338 Clymeneaque
1218 282 1372 324 deesse

169 357 394 407 Germina,
415 368 498 396 nec
517 354 680 396 virides
699 353 812 395 satis
832 353 1107 406 illacrymata
1128 362 1300 392 sorores
1318 363 1328 391 :

166 424 346 468 Vellera
366 423 550 465 Sidonio
564 423 660 477 jam
679 434 827 476 pauca
845 421 1079 462 rubescere
1098 419 1222 467 tabo,

167 493 378 546 Raraque
398 491 614 544 longaevis
633 489 810 531 nivibus
831 487 1042 541 crystalla
1061 486 1209 539 gelari.

168 561 291 603 Huic
312 559 545 608 Hermum,
566 557 781 611 fulvoque
800 555 971 609 Tagum
993 554 1222 596 decurrere
1242 553 1364 602 limo,

165 669 291 710 parcius
305 669 460 700 denudare
474 667 601 699 divitem
615 667 742 707 sylvam.
757 668 787 696 et
805 665 985 706 Clymeneas
1001 663 1125 694 arbores
1147 662 1290 705 deficere,
1305 671 1360 692 nec
1375 660 1489 692 virides
1503 670 1621 691 sorores

167 712 246 743 satin
254 713 390 752 plorare,
413 714 443 742 et
466 712 552 742 lunas
576 720 656 740 nunc
677 718 750 739 raro
773 707 930 738 rubescere
948 706 1045 747 Tyria
1058 715 1210 746 purpura,
1225 714 1261 735 uc
1275 714 1373 745 pauca
1388 705 1534 744 crystalla
1550 714 1620 733 can-

168 763 303 786 crescere
316 754 466 794 longoeeis
480 753 611 784 nivibus.
658 751 763 791 Hujus
774 751 881 791 gratia
890 749 971 789 jussi
986 749 1107 780 Hermo
1122 753 1151 780 et
1171 748 1271 788 Tago,
1294 750 1328 778 ut
1343 748 1498 779 volverent
1514 755 1622 778 aureus

778 834 1016 848 eeeeeeeeeeee

168 887 294 924 Veniet.
306 894 442 925 1.—123
465 892 644 931 Angustum
665 901 690 924 s.
711 901 819 923 nemus
833 890 956 923 Heius.
973 894 1009 921 et
1024 890 1169 930 Peyrar.
1183 887 1276 930 quod
1292 897 1379 919 unns
1394 886 1504 919 codex
1523 887 1621 918 Urat.

169 936 332 968 exhibet:
356 935 476 976 reliqui
499 935 577 966 libri
602 943 731 970 omnes,
745 934 846 966 etiam
868 934 964 965 Vatt.
988 933 1181 972 Augustum,
1196 941 1273 962 cum
1289 931 1444 962 omnibus
1457 930 1535 961 edd.
1553 940 1623 970 spo-

169 979 248 1011 liare
262 979 339 1010 edd.
356 982 442 1010 vett.
459 982 682 1009 correxerunt
697 976 819 1008 Heius.
834 981 870 1007 et
882 976 1007 1007 Markl.
1019 976 1144 1007 dumeta
1157 975 1260 1005 deesse
1274 974 1398 1005 Vener.
1417 976 1445 1004 l.
1468 974 1624 1014 clymenu-

169 1031 227 1063 qne
237 1022 339 1054 deme
352 1021 496 1054 Venett.
509 1022 541 1053 2.
556 1022 587 1052 8.
599 1022 739 1053 4.-127
764 1019 852 1051 Hinc
874 1019 1012 1051 inermum
1027 1018 1152 1049 Venet.
1171 1019 1200 1048 1.
1208 1016 1356 1058 flavoque
1372 1017 1407 1048 in
1423 1015 1621 1058 quibusdam

827 1105 858 1137 1<
864 1104 968 1138 01·AE

214 1172 276 1203 123
298 1170 481 1210 Augustum
485 1170 630 1212 spoliasse
649 1169 769 1211 nemus]
795 1169 868 1201 Sta-

173 1222 240 1254 tius
253 1221 308 1254 bic
315 1221 472 1263 sequitur
484 1221 691 1252 sententiam
705 1223 870 1259 veterum,

167 1273 229 1316 -qni
245 1272 411 1314 putabant
423 1271 569 1303 sericum
582 1270 663 1302 nihil
677 1269 769 1302 aliud
785 1279 872 1310 esse,

172 1333 273 1366 quam
284 1323 450 1355 arborum'
461 1322 574 1353 lanam
590 1321 870 1362 pretiosissimam

172 1384 214 1407 ιο
229 1373 473 1411 tenuissimam,
489 1381 590 1414 quam
612 1372 711 1403 Seres
734 1381 777 1403 ex
800 1372 871 1414 qni-

171 1424 313 1457 busdam
333 1422 511 1455 arboribus
534 1423 770 1464 depecterent.
811 1422 871 1454 Vi-

173 1474 218 1506 de
229 1474 326 1515 Virg.
341 1473 470 1514 Georg.
481 1481 522 1505 ιι.
538 1472 629 1504 Pliu.
649 1472 710 1504 lib.
728 1481 780 1504 vr.
795 1482 871 1514 cap.

172 1525 228 1556 2³.
269 1524 421 1556 Solinum
437 1532 512 1564 cap.
529 1525 582 1554 51.
628 1523 791 1554 Senecam
806 1529 872 1554 tra-

175 1574 285 1614 gicum
302 1573 453 1606 Hercule
470 1573 597 1613 OEtaeo,
620 1573 872 1604 Tertullianum

175 1624 221 1655 de
259 1623 392 1655 Habitu
437 1622 611 1662 Muliebri,
658 1621 872 1654 Ammianum

175 1673 416 1706 Marcellinum
444 1672 506 1704 lib.
538 1681 648 1705 xxm.
691 1671 761 1704 Alii
792 1682 872 1704 vero

174 1733 243 1755 nou
269 1732 311 1755 ex
333 1722 523 1762 arboribus,
546 1722 606 1754 sed
633 1732 675 1754 ex
702 1723 874 1755 vermibus

175 1773 376 1817 quibusdam
404 1773 512 1806 fuisse
547 1773 698 1805 tradunt.
748 1774 874 1806 Pollux

176 1824 219 1856 ad
243 1823 462 1857 Commodum
480 1823 541 1855 lib.
557 1832 625 1855 vn.
668 1823 819 1855 Zonaras
841 1824 875 1855 in

175 1874 257 1906 Vita
279 1874 476 1914 Justiniani,
498 1874 643 1905 sericum
672 1883 692 1904 a
717 1874 876 1905 Romanis

174 1924 351 1967 (intelligit
376 1924 790 1965 Constantinopolitanos)
805 1924 876 1956 texi

177 1979 327 2016 coeptum
338 1975 470 2015 scribit,
483 1984 559 2006 cnm
573 1979 676 2006 antea
690 1983 711 2005 a
727 1973 876 2005 Persicis

177 2025 427 2057 mercatoribus
458 2029 589 2056 tantum
618 2025 876 2065 importaretur,

177 2084 244 2107 nee
259 2075 401 2108 Romani
414 2075 541 2107 scireut
553 2074 610 2106 fila
619 2083 694 2106 esse
702 2074 876 2105 vermium.

179 2125 227 2157 Et
238 2125 335 2156 addit
349 2125 434 2156 duos
445 2124 627 2156 monachos
637 2134 700 2156 ova
714 2124 878 2155 vermium

179 2185 224 2207 ex
237 2174 337 2207 India
356 2174 522 2211 attulisse,
537 2174 629 2205 unde
644 2174 710 2206 toti
724 2172 796 2205 fere
809 2175 877 2205 Eu-

179 2236 272 2268 ropae
287 2226 386 2267 copia
400 2225 506 2257 facta.
550 2226 737 2267 Procopius
757 2226 878 2258 eadem

179 2275 254 2308 fere
279 2275 324 2307 de
346 2276 446 2307 Bello
468 2275 608 2307 Persico
634 2276 690 2307 lib.
717 2285 743 2307 1.
787 2276 879 2308 Hinc

179 2325 381 2366 bombycina
395 2335 472 2357 cnm
488 2325 597 2357 serico
611 2325 853 2358 confuderunt.

180 2416 187 2422 ἡ
223 2377 447 2417 Clymeneaque
461 2376 564 2407 deesse
581 2376 745 2417 Ger-mina,
761 2386 816 2408 nec
832 2377 880 2408 vi-

178 2425 264 2458 rides
298 2426 379 2457 satis
411 2427 608 2466 illem-ymon
642 2427 777 2467 sorores]
810 2427 881 2458 Per

181 2477 349 2518 Cly-renea
365 2477 511 2515 germina
524 2476 688 2518 intelligit
702 2478 879 2509 Electrum

180 2535 240 2558 seu
253 2525 448 2563 Succinum,
468 2527 557 2567 quod
573 2526 746 2559 finxerunt
758 2527 879 2559 Poetae

179 2577 272 2609 nasci
286 2585 330 2609 ex
343 2576 504 2618 lacrymis
525 2576 672 2609 filiarum
687 2579 880 2619 Clymenes,

181 2631 218 2659 et
230 2636 379 2659 sororum
405 2627 619 2664 Pba'c'tontis,
638 2638 713 2670 qnae
739 2637 880 2660 moerore

182 2675 256 2715 ejus
277 2676 395 2708 mortis
414 2676 447 2708 in
469 2678 612 2718 populos
627 2678 766 2709 arbores
775 2678 880 2719 juxta

183 2723 314 2757 Padum
342 2735 403 2758 seu
430 2727 613 2760 Eridanum
643 2737 776 2759 amnem
799 2737 879 2759 con-

925 1177 1030 1199 versae
1047 1166 1199 1199 suerunt.
1245 1165 1349 1198 Ovid.
1362 1165 1449 1198 Met.
1462 1174 1502 1197 ιι.
1517 1165 1527 1183 ‘
1538 1165 1626 1197 Inde

922 1217 1033 1250 fluunt
1052 1219 1230 1259 lacrymae‚
1253 1217 1452 1258 stillataque
1478 1217 1549 1248 sole
1581 1217 1627 1247 ri-

925 1274 1069 1310 gescunt
1082 1269 1136 1300 De
1155 1268 1257 1299 ramis
1273 1268 1406 1299 electra
1426 1267 1535 1307 novis,
1549 1277 1624 1309 quae

925 1319 1058 1351 lucidus
1068 1319 1175 1351 amnis
1187 1319 1340 1359 Excipit,
1352 1323 1388 1350 et
1395 1318 1536 1350 nuribus
1548 1318 1626 1349 mit-

925 1371 968 1403 tit
991 1369 1156 1412 gestanda
1180 1369 1331 1402 Latinis!
1375 1370 1431 1401 De
1454 1369 1530 1401 loco
1547 1379 1626 1400 vero

925 1420 982 1452 ubi
998 1420 1178 1461 proveniat
1188 1420 1353 1451 electrum
1363 1428 1422 1450 seu
1436 1420 1625 1459 succinum,

924 1480 992 1502 non
1007 1470 1170 1503 convenit
1183 1471 1273 1502 inter
1293 1470 1494 1510 scriptores.
1538 1469 1627 1501 Vide.

925 1521 1210 1561 Theophrastum,
1232 1521 1380 1551 Plinium
1405 1521 1463 1552 lib.
1485 1529 1628 1553 xxxvu.

927 1581 1003 1612 cap.
1026 1574 1058 1602 2.
1104 1570 1273 1602 Isidorum
1299 1570 1359 1601 lib.
1384 1579 1464 1602 xvr.
1491 1580 1571 1612 cap.
1596 1575 1629 1603 8.

928 1621 1087 1652 Ceterum
1110 1618 1296 1651 notandum
1321 1625 1374 1651 est
1402 1625 1532 1661 praeter
1552 1631 1627 1652 suc-

926 1670 1192 1709 ciuum‚metalli
1208 1680 1314 1710 genus
1327 1671 1432 1702 etiam
1449 1681 1522 1702 esse
1537 1672 1629 1713 quod

925 1721 935 1739 ‘
951 1721 1137 1752 electrum’
1162 1726 1315 1753 vocatur.
1359 1721 1448 1753 Vide
1477 1722 1629 1754 Plinium

926 1772 988 1804 lib.
1004 1781 1143 1804 xxxin.
1160 1781 1236 1814 cap.
1250 1774 1283 1804 4.
1295 1775 1331 1804 et
1347 1772 1511 1804 Nostrum
1520 1773 1628 1805 Theb.

929 1832 980 1856 ιν.
994 1826 1069 1855 270.

973 1877 1034 1906 125
1064 1874 1185 1906 Vellem
1195 1873 1400 1915 Sidoniojazm
1416 1886 1513 1916 pauca
1525 1875 1630 1907 rubes-

929 1935 999 1956 cere
1026 1924 1113 1965 tabo]
1137 1924 1246 1956 Notat
1269 1935 1453 1966 purpuram
1479 1926 1631 1967 Tyriam,

931 1985 1006 2017 quae
1033 1975 1088 2007 bie
1111 1975 1215 2007 tabum
1241 1975 1406 2008 Sidonium
1429 1976 1566 2016 dicitur,
1587 1977 1630 2008 ob

932 2025 1090 2057 viciniam
1107 2026 1243 2057 Sidonis
1259 2031 1296 2058 et
1318 2027 1413 2067 Tyri.
1447 2027 1537 2058 vide
1553 2036 1629 2069 quae

932 2075 1078 2107 diximus
1094 2076 1137 2107 ad
1151 2076 1258 2108 Theb.
1275 2086 1300 2108 1.
1318 2079 1394 2108 ⁵17.

933 2130 936 2131 ’
963 2130 1028 2158 126
1042 2122 1195 2167 'Raraque
1223 2127 1375 2166 longa-vis
1401 2126 1524 2158 nivibus
1547 2136 1633 2168 crys-

930 2178 1008 2208 talla
1016 2177 1134 2217 gelari]
1158 2177 1347 2217 Crystallus
1357 2181 1409 2208 est
1419 2176 1543 2216 glacies
1552 2187 1632 2209 cou-

932 2231 1030 2258 creta
1059 2227 1094 2257 in
1128 2226 1251 2266 lapidis
1278 2224 1452 2257 duritiem.
1500 2226 1634 2258 seneca

934 2277 1065 2308 Quaest.
1080 2277 1203 2308 Natur.
1226 2275 1287 2306 lib.
1302 2284 1357 2307 ιιι.
1402 2275 1495 2308 Huic
1518 2281 1633 2314 tamen

934 2326 1023 2357 inest
1054 2326 1198 2357 multum
1235 2326 1435 2358 substantiae
1471 2330 1634 2367 terrenae,

934 2376 1025 2408 unde
1040 2376 1262 2407 mineralibus
1271 2381 1522 2410 annumeratur.
1543 2378 1633 2409 Vide

934 2427 1103 2458 Isidorum
1129 2427 1188 2459 lib.
1203 2436 1281 2461 xvt.
1304 2437 1380 2469 cap.
1399 2431 1450 2460 1³.
1483 2429 1633 2461 Plinium

933 2476 993 2508 lib.
1020 2485 1167 2508 xxxvn.
1192 2487 1268 2518 cap.
1297 2480 1330 2509 2.
1373 2478 1564 2510 Thevetum
1599 2481 1635 2511 in

935 2527 1093 2567 Cosmog.
1109 2530 1146 2558 et
1161 2527 1243 2558 alios
1259 2527 1492 2568 philosophos.

978 2577 1143 2616 Longa-‘s
1163 2576 1301 2618 nivibus]
1325 2577 1424 2610 Quod
1455 2578 1636 2618 crystallus

935 2626 991 2657 nix
1007 2626 1055 2658 sit
1069 2627 1179 2668 glacie
1193 2627 1316 2659 durata
1331 2636 1394 2668 per
1407 2636 1524 2667 anuos,
1533 2632 1573 2660 ut
1587 2629 1636 2660 ait

933 2676 1024 2708 idem
1036 2676 1198 2708 Isidorus.

977 2729 1039 2758 12⁷
1062 2726 1231 2767 Hermum]
1267 2727 1417 2760 Hermus
1446 2727 1481 2760 iu
1510 2727 1635 2760 Dorilo
