1800 3060
1 2505 19 2549 aso
0 2494 3 2495 ¹
0 2411 19 2484 *rr-⁷-
0 2242 31 2405 wvssrwm.
0 2184 17 2229 ν·
7 2142 10 2143 =

555 213 834 247 srnvnnuu
878 212 974 244 mn.
1007 211 1038 241 1.
1059 200 1103 242 4.

121 312 222 355 Nec
240 315 409 354 tantum
427 309 645 358 induerint
659 308 766 351 fatis
782 318 899 349 nova
916 305 1087 348 saecula
1106 303 1286 355 crimen,

117 379 212 422 Aut
229 379 458 421 instaurati
472 376 733 432 peccaverit
756 387 834 417 ara
853 373 1041 416 Terenti.

118 445 208 488 Ast
225 457 306 498 ego
322 457 403 487 nec
421 444 647 486 -Phoebum
663 445 934 497 (quanquam
955 439 1064 481 mihi
1083 438 1217 480 surda
1234 439 1328 480 sine
1346 438 1424 481 illo

119 509 318 565 Plectra)
337 525 418 553 nec
435 510 610 555 Aonias
627 509 801 567 decima
820 520 924 549 cum
945 506 1131 548 Pallade
1152 505 1315 557 DivaS,
1515 506 1574 548 20

122 578 216 621 Aut
231 578 381 620 mitem
400 578 576 632 Tegeae,
595 577 815 620 Dircesve
834 575 1047 617 hortabor
1066 574 1292 615 alumnum
1310 587 1322 626 ;

120 702 270 738 pennen
285 698 542 731 lenieeusaeodiai

543 698 693 739 mpavidae
707 697 828 729 Ronoe.
858 695 927 727 Nec
937 705 1048 727 nocant
1060 696 1206 727 seculum
1220 694 1493 733 attribuer-usati:
1506 698 1577 726 eon·

123 743 190 772 tum
200 742 308 778 scelus,
321 751 376 772 nec
388 750 446 772 ora
459 741 666 779 redintegrati
682 739 808 772 Terenti
814 741 937 770 tontum
950 738 1126 779 deliquerit.
1166 737 1282 769 Verum
1294 747 1351 777 ego
1365 748 1421 769 nec
1431 738 1576 769 incocubo

122 782 301 831 ⁴¹,qu
308 782 471 824 (ww-vi·
478 783 652 824 numida

653 786 738 813 trum
746 783 790 813 rit
798 785 915 812 mutum
923 780 1035 821 ubsque
1049 781 1102 811 illo
1104 781 1138 820 ,)
1151 790 1206 811 nec
1220 781 1307 811 Deua
1315 780 1427 812 Aoaioe
1441 791 1511 812 cum
1526 782 1578 811 de-

124 825 205 857 cima
218 826 379 866 Miner-uo,
389 829 443 857 out
455 826 592 867 placido·
600 826 737 857 ιὶιιηιικ
750 825 860 864 Tegea
870 827 901 855 et
912 823 1045 855 Dirces.-
1063 824 1141 864 ipae,
1155 823 1209 864 qui
1222 822 1398 863 celebrum,
1413 824 1577 864 accede,et

729 905 769 919 00
771 905 967 919 “oenoe“

125 964 253 997 Markl.
276 973 334 996 nos

342 972 432 1005 seque
445 962 534 1004 conj.
549 961 755 1001 salmasium
776 961 868 993 idem
883 961 1009 992 etiam.
1032 963 1231 1001 munusque
1253 961 1361 992 ordine
1363 964 1458 993 .—1·1
1483 961 1579 993 Non-

124 1006 208 1038 nulli
222 1006 322 1038 codd.
338 1005 428 1047 apud
443 1005 587 1037 Gevart.
602 1010 639 1036 et
655 1005 778 1036 Morel.
795 1004 862 1036 Nec
883 1006 1005 1035 tantum
1027 1003 1213 1035 indiderat.
1258 1003 1329 1035 Pro
1342 1003 1428 1040 satis
1452 1004 1578 1035 Morel.

123 1049 222 1081 malit
233 1048 346 1088 sadis,
359 1016 638 1097 improbantibus
652 1047 797 1079 Gerart.
813 1051 850 1078 et
859 1046 1026 1084 Barthio;
1050 1047 1202 1077 Crueeus
1216 1046 1407 1083 veroseseis.
1408 1049 1495 1078 —19
1516 1046 1578 1078 Ant

124 1090 695 1131 egonMore1.incomment.—21
721 1088 812 1122 Edd.
825 1089 1067 1131 antiquissimae
1091 1098 1170 1120 cum
1197 1089 1369 1120 nonnullis
1390 1089 1491 1121 codd.
1507 1089 1578 1120 Iun·-

779 1167 921 1204 NOTAE

170 1238 212 1268 1⁷
233 1234 415 1276 lnam-ine]
442 1234 513 1266 Alii
534 1233 673 1267 codices
697 1232 827 1266 habent

124 1285 407 1324 indiae-intsatis.
451 1285 553 1326 Legit
567 1284 747 1320 Morellus,
754 1283 826 1322 saa-

127 1336 184 1375 tin,
199 1334 259 1367 aed
272 1335 355 1367 nihil
370 1335 581 1367 mutandum.
603 1333 722 1366 Invehi
735 1334 827 1365 enim

127 1386 167 1417 in
180 1384 253 1418 fata
266 1386 443 1428 Deosque,
465 1385 549 1416 nihil
570 1384 754 1426 proclivius
771 1393 828 1415 ve-

130 1434 274 1474 teribus,
300 1435 329 1466 si
355 1435 439 1477 quid
466 1444 564 1467 secus
587 1445 687 1476 quam
712 1443 828 1475 apera-

129 1489 221 1526 rent,
247 1484 334 1526 ipsia
362 1485 550 1518 accideret.
602 1485 695 1516 Hinc
721 1485 830 1516 solen-

131 1535 225 1567 niter
251 1545 353 1567 toces
376 1535 444 1567 illae
470 1534 698 1567 audiebantur
718 1534 829 1566 ‘fato-

132 1594 207 1616 rum
223 1584 380 1624 crimen‚’
394 1585 564 1616 ‘Deorum
581 1586 722 1617 crimen.
724 1584 735 1598 '
756 1586 830 1616 Sta-

131 1635 199 1667 tius
221 1635 404 1677 Protrept.
431 1636 601 1677 Crispini:
622 1635 766 1668 ‘Fatum
791 1635 831 1667 il-

130 1684 193 1717 lud
218 1688 256 1716 et
275 1685 327 1716 ira
350 1690 535 1717 nocentum
550 1685 753 1725 Parcarum,
769 1686 832 1717 cri·

134 1743 280 1777 menque
302 1734 392 1766 Dei!
434 1734 538 1766 Mart.
553 1734 612 1766 lib.
629 1744 672 1766 11.
695 1735 763 1776 Ep.
777 1737 831 1766 94.

133 1786 190 1818 Ὀ
203 1785 326 1825 melus,
340 1795 361 1816 o
372 1794 530 1825 magnum
544 1783 677 1816 facinus
689 1785 832 1816 crimen-

133 1844 203 1877 que
223 1834 402 1867 Deorum)
442 1834 543 1866 Unde
566 1834 756 1867 illustratur
779 1835 833 1866 hic

134 1886 244 1923 loeus,
274 1885 374 1927 cujus
401 1894 518 1916 aeneus
549 1889 627 1917 est:
665 1885 767 1917 Absit
796 1889 834 1919 ut

134 1945 223 1967 nova
237 1934 427 1976 saecula‚'id
442 1939 509 1975 eat,
533 1934 612 1966 anni
628 1934 747 1976 quibus
762 1934 834 1965 ludi

136 1985 402 2026 saeculares-fiam
417 1994 536 2016 recens
553 1985 638 2016 editi
653 1990 744 2022 sunt,
765 1983 836 2016 fata

138 2038 315 2076 accusent,
329 2034 420 2077 quod
443 2039 577 2068 tantum
599 2035 710 2068 virum
737 2034 835 2066 nobis

139 2085 345 2127 eripuerint.

181 2137 224 2166 18
243 2135 314 2167 Ant
325 2134 498 2166 instaurati
509 2134 683 2175 peccaverit
706 2144 763 2166 um
781 2134 838 2166 Te·

137 2183 239 2224 rente]
258 2185 457 2225 Terentum,
470 2185 566 2216 locus
581 2189 656 2216 erat
678 2185 712 2216 in
737 2184 838 2216 Cam-

139 2244 187 2276 po
210 2233 342 2266 Martio
367 2234 416 2265 aie
441 2234 565 2275 dictus,
584 2235 678 2276 quod
702 2235 749 2267 ibi
779 2245 839 2267 ara

139 2283 236 2317 Ditis
260 2283 368 2325 patris
391 2287 488 2315 terra
509 2284 725 2317 conderetur.
767 2285 839 2318 Per

139 2343 229 2366 m
252 2337 366 2365 autem
399 2334 525 2366 Terenti
554 2334 713 2376 designat
740 2334 838 2367 ludos

140 2385 332 2426 meatum,
346 2395 466 2418 recens
480 2387 672 2419 celebratos
686 2397 706 2419 a
720 2387 839 2419 Domi·

140 2435 248 2477 tiano,
273 2435 398 2478 quique
419 2436 608 2468 centesimo
633 2446 769 2478 quoque
798 2446 839 2469 ac

141 2485 275 2518 decimo
286 2495 376 2518 anno
390 2485 465 2518 fieri
476 2487 642 2519 solebant.
673 2486 743 2518 Alii
758 2497 841 2520 vero

142 2539 225 2577 post
235 2537 459 2569 centesimum
474 2536 616 2569 rediisse
631 2537 843 2569 existimant.

144 2584 195 2616 ni
222 2589 337 2616 autem
360 2586 431 2619 ludi
456 2587 664 2627 potissimum
690 2587 844 2619 instituti

143 2638 242 2667 erant
253 2634 296 2666 ad
312 2635 480 2676 placanda
489 2636 622 2668 inferna
635 2637 786 2673 numina,
798 2646 843 2668 ne

145 2684 345 2725 pestilentia
372 2685 491 2718 urbem
523 2685 714 2723 invaderet,
752 2691 843 2718 teste

145 2732 286 2765 Valerio
299 2734 454 2767 Maximo
478 2735 522 2767 de
546 2737 758 2777 Spectaculis
782 2736 841 2768 lib.

881 1241 923 1264 n.
959 1231 1031 1264 Ara
1046 1235 1160 1264 autem
1176 1232 1245 1264 ista
1259 1241 1322 1274 per
1336 1232 1397 1264 bos
1410 1232 1509 1265 ludos
1524 1233 1584 1266 dc-

881 1282 1079 1323 tegebatur,
1093 1292 1133 1314 ac
1148 1281 1249 1314 factis
1263 1281 1451 1324 sacrificiis,
1465 1283 1581 1315 editis-

882 1342 948 1374 que
972 1331 1073 1371 ludia,
1094 1332 1219 1364 iterum
1241 1337 1336 1364 terra
1360 1332 1583 1366 obruebatur.

881 1383 992 1424 Igitur
1002 1383 1030 1414 si
1043 1383 1192 1414 Rutilius
1204 1383 1298 1414 hisce
1311 1382 1445 1423 diebus,
1459 1384 1584 1425 quibus

883 1433 916 1464 bi
932 1433 1003 1464 ludi
1018 1432 1336 1472 committebantur,
1356 1438 1510 1465 mortuus
1531 1433 1585 1465 fu-

883 1484 983 1521 isset,
997 1483 1122 1514 merito
1135 1483 1329 1523 potuissent
1339 1483 1481 1515 Romani
1491 1484 1588 1525 queri

885 1535 928 1566 de
942 1534 1041 1575 fatis,
1061 1544 1102 1566 ac
1127 1534 1206 1566 Diis
1232 1533 1386 1575 infernis,
1406 1535 1499 1576 quod
1523 1545 1587 1576 pro

884 1586 1052 1618 institutis
1067 1595 1177 1627 nuper
1188 1585 1364 1618 sacrificiis
1375 1585 1525 1620 fuissent
1538 1587 1588 1618 iu·

885 1636 987 1677 grati.
1031 1636 1129 1668 Dicit
1143 1637 1328 1677 instaurati,
1342 1636 1423 1678 quia
1436 1636 1511 1669 baec
1526 1646 1589 1669 ara

887 1687 1074 1719 centesimo
1085 1696 1219 1729 quoque
1229 1696 1317 1719 auno
1332 1688 1388 1719 vel
1397 1688 1588 1720 centesimo

886 1736 1020 1769 decimo
1044 1736 1283 1778 detegebatur,
1306 1747 1347 1769 ac
1378 1737 1590 1770 renovaban-

887 1791 944 1818 tur
972 1787 1073 1818 solita
1098 1786 1277 1819 sacrificia.
1334 1787 1498 1828 Ejusdem
1523 1788 1589 1819 Te·

888 1837 977 1869 renti
1004 1836 1160 1868 meminit
1181 1837 1285 1868 etiam
1308 1837 1474 1878 Papinius
1494 1845 1590 1869 xvn.

889 1885 991 1917 eous.
1004 1886 1213 1918 Domitiani:
1238 1887 1400 1918 ‘Mecum
1424 1896 1514 1918 nova
1528 1896 1593 1918 1⁴ae-

888 1936 965 1967 cula
979 1936 1106 1967 condes
1132 1936 1179 1968 Et
1202 1935 1266 1967 tibi
1289 1936 1434 1977 longaevi
1450 1946 1591 1969 revoca·

890 1985 985 2017 bitur
1000 1995 1061 2017 ara
1084 1985 1248 2017 Terenti!
1293 1986 1450 2018 Instituti
1475 1992 1590 2019 autem

889 2037 1071 2068 saeculares
1084 2037 1154 2068 ludi
1165 2042 1243 2077 post
1254 2042 1394 2070 exactos
1405 2047 1502 2079 reges
1514 2048 1535 2069 a
1550 2038 1593 2068 P.

890 2087 1031 2118 Valerio
1045 2086 1238 2129 Publicola,
1250 2088 1308 2129 qui
1322 2088 1452 2128 primus
1473 2088 1592 2120 consul

890 2135 970 2177 fuit,
986 2137 1237 2169 existimantur.
1283 2139 1341 2169 De
1357 2138 1429 2170 Ara
1449 2138 1593 2171 Terenti

890 2187 1028 2219 consule
1040 2187 1215 2218 Valerium
1228 2188 1416 2220 Maximum
1428 2188 1472 2219 de
1484 2189 1592 2230 Spec-

891 2237 1014 2269 taculis
1029 2237 1089 2269 lib.
1106 2247 1148 2271 ιι.
1163 2242 1201 2269 et
1220 2237 1397 2270 Zosimum
1411 2238 1472 2270 lib.
1486 2248 1528 2271 11.
1543 2240 1596 2271 in-

891 2286 968 2327 itio,
983 2286 1040 2318 ubi
1053 2287 1226 2328 originem
1241 2288 1400 2320 ludorum
1418 2290 1594 2321 saeculari-

890 2347 960 2377 nm,
985 2341 1021 2368 et
1044 2337 1132 2369 ritus
1148 2347 1335 2379 sacrorum,
1349 2348 1425 2380 qnae
1438 2338 1476 2371 in
1491 2339 1541 2371 eis
1555 2339 1594 2371 fi-

891 2386 1009 2426 ebant,
1023 2387 1155 2427 prolixe
1166 2392 1293 2420 narrat.

935 2440 978 2469 20
993 2437 1111 2468 Aonias
1126 2436 1242 2477 Divae]
1264 2438 1396 2481 Musas,
1409 2439 1454 2472 ab
1469 2439 1595 2481 Aonia,

895 2497 955 2519 seu
971 2487 1108 2518 Boeotia
1123 2488 1276 2528 regione.

939 2539 978 2568 21
1000 2537 1108 2576 Tegeae
1120 2536 1293 2578 alumnam]
1307 2538 1520 2570 Mercurium
1533 2538 1597 2570 Ar-

898 2587 1016 2618 cadem
1032 2586 1076 2618 ab
1092 2586 1177 2618 urbe
1191 2586 1351 2620 Arcadiae
1362 2589 1492 2630 Tegea.
1519 2589 1596 2620 Dir-

895 2637 959 2677 ces]
997 2637 1171 2669 Bacchum
1202 2637 1412 2680 Thebanum,
1452 2649 1473 2670 a
1501 2638 1596 2671 fonte

896 2687 1003 2718 Dirce
1019 2695 1128 2728 prope
1142 2686 1289 2721 Thebas.

231 2785 390 2828 Daph&
402 2787 477 2820 Var.
491 2788 577 2821 ctas.
821 2787 907 2820 Stat.
1476 2791 1509 2823 K
