1800 3060
625 184 901 217 svnwraum
936 181 1031 216 [ΑΒ.
1055 186 1086 217 ι.
1118 176 1157 218 1.

170 278 263 320 Ora
280 277 436 330 TaraS,
458 283 535 321 tua
553 278 750 321 sidereas
768 278 985 322 imitantia
1002 279 1205 322 flammas

170 345 375 396 Lumina,
397 351 618 389 contemto
637 346 791 388 mallet
811 344 998 388 Rhodos
1018 356 1178 403 aspera
1198 347 1385 391 Phoebo.

169 455 256 484 tim
268 452 398 494 onim,
409 462 500 494 quam
512 451 615 494 Jocis,
626 455 659 484 et
671 451 796 485 Rhodos
805 454 967 494 prerupta
980 454 1049 484 tuos
1067 452 1180 494 ocutos,
1194 454 1374 486 mularum
1386 455 1499 487 solares
1512 455 1614 499 ignes,

756 535 795 548 00

935 536 991 549 m

168 593 274 624 -103
297 591 397 624 Urat.
413 596 448 624 et
460 591 610 625 Vindob.
623 596 746 631 termo,-
769 593 849 625 Par.
864 594 986 626 venet.
1000 596 1030 625 1.
1041 596 1074 626 2.
1088 596 1120 626 3.
1131 596 1165 626 4.
1178 594 1276 626 Rom.
1291 593 1407 625 Parin.
1424 593 1561 626 Vicent.
1577 597 1615 626 et

167 633 264 665 Lind.
276 637 385 666 coum
393 645 407 672 ,·
428 635 607 669 Drakenb.
622 640 669 675 et,
684 641 722 668 ut
738 635 885 676 videtur,
897 636 993 668 Leid.
1010 636 1109 668 Taras
1118 647 1132 674 ,·
1153 637 1267 678 itaque
1282 642 1506 668 correxerunt
1521 637 1614 668 Poli-

168 676 282 708 tianus
294 682 331 708 et
352 677 507 710 Grotius.
522 678 641 710 Barth.
657 679 691 710 iu
714 677 859 720 Advers.
881 687 1004 711 xxvu.
1026 682 1080 712 18.
1102 680 1264 719 correxit,
1286 679 1615 721 iterantiaflummau

168 717 230 751 sed
252 719 287 752 in
308 715 397 752 libro
422 722 484 753 sno
509 719 645 754 emend.
667 720 825 754 vincentia
841 720 1002 763 stammam
1037 722 1200 755 Errorem
1225 722 1382 764 coarguit
1406 722 1557 756 Gronov.
1578 723 1615 755 in

819 805 962 841 NOTAE

171 870 230 912 pia
244 871 345 912 enim,
359 871 432 904 sive
447 872 528 904 urbs
542 873 614 904 sive
630 873 739 912 locus,
755 873 788 904 in
806 869 872 915 quo

170 927 247 963 erat
261 923 437 969 templum,
450 930 633 967 statuaque
643 925 740 958 Jovis
757 924 875 966 Olym·

169 973 230 1014 pii,
243 978 280 1006 et
294 974 328 1006 in
344 983 411 1019 quo
426 974 514 1006 Ludi
530 974 706 1016 Olympici
721 974 872 1007 celebra-

170 1022 309 1065 bantur,
332 1028 408 1056 erat
431 1023 466 1055 in
490 1023 591 1056 Elide
616 1033 723 1066 prope
746 1024 876 1060 Pisum,

170 1068 211 1121 et
224 1073 327 1119 VElin.
371 1074 464 1107 Hinc
498 1074 642 1117 Jupiter
674 1075 777 1106 Elaeu
801 1074 873 1107 die-

171 1127 238 1156 81¹⁸.

210 1176 272 1206 108
286 1173 402 1219 Tama]
411 1174 521 1207 Taras
533 1174 679 1216 Grecis,
689 1176 873 1208 Tarentum

170 1227 318 1266 Latinis,
329 1227 430 1259 bodie
446 1227 594 1264 Tarento.
610 1227 692 1260 urbs
703 1228 771 1260 sita
784 1227 827 1259 ad
840 1237 875 1259 o·

170 1287 240 1309 ram
251 1277 414 1310 calabriae
425 1278 460 1310 in
475 1278 589 1320 Italia,
598 1288 658 1311 seu
669 1288 772 1320 regno
783 1279 874 1311 Nea-

170 1323 347 1370 politano:
364 1329 439 1371 ejus
450 1329 608 1361 conditor
618 1330 721 1361 Taras
736 1328 767 1360 N
773 1333 871 1371 eptn-

169 1379 205 1411 ni
219 1379 320 1412 filius.
347 1380 523 1412 Tarentini
538 1379 618 1411 olim
629 1389 784 1411 nummos
795 1388 872 1421 per·

169 1434 359 1473 cassen-unt,
370 1429 537 1473 inquibus
552 1430 756 1471 insculpitur
766 1430 871 1462 Taras

172 1475 298 1512 vectus
327 1480 514 1521 Delphino,
550 1484 588 1512 et
623 1479 724 1512 hodie
751 1484 874 1513 extant

171 1529 337 1571 ejusmodi
360 1530 499 1563 nummi.
543 1530 600 1562 De
623 1529 815 1572 primordiis
837 1536 875 1562 et

170 1578 314 1612 historia
336 1580 435 1622 hujus
460 1580 553 1612 urbis
574 1581 711 1613 consule
734 1581 874 1613 Strabo·

172 1639 250 1661 nem
268 1629 329 1663 lib.
354 1639 406 1662 vr.
451 1630 668 1671 Pausaniam,
687 1630 875 1671 Jusfinum,

911 869 988 906 retis
1001 873 1011 888 '
1033 874 1164 907 Poetis.

930 958 932 960 ,
953 925 1137 966 latitantia]
1157 923 1200 957 Id
1220 928 1288 965 est,
1307 923 1547 966 exprimentia,
1562 934 1615 957 re-

910 972 1070 1007 ferentia.
1113 976 1290 1017 Frequens
1308 979 1346 1006 et
1358 979 1510 1006 amatum
1526 974 1614 1006 Poe-

911 1029 956 1057 toe
980 1029 1098 1058 nostro
1122 1025 1286 1057 verbum:
1310 1025 1320 1042 ⁸
1336 1024 1479 1056 Fulvum
1503 1025 1616 1056 vultus

910 1075 1102 1107 imitabitur
1121 1074 1262 1107 aurum!
1305 1074 1490 1106 Horatius:
1525 1073 1614 1105 ‘Ar-

911 1126 995 1168 gilla
1021 1126 1154 1168 quidvis
1178 1125 1366 1158 imitaberis
1395 1124 1484 1156 udal
1538 1125 1616 1156 Nec

911 1185 1015 1208 merae
1038 1176 1241 1208 adulationis
1264 1180 1328 1216 est,
1341 1175 1431 1217 quod
1447 1175 1508 1206 soli
1524 1184 1614 1207 corn·

912 1230 1052 1266 paratur
1076 1227 1187 1259 vultus
1202 1226 1402 1258 Domitiani.
1446 1225 1510 1257 llle
1525 1225 1616 1257 enim

910 1274 992 1316 fuit,
1012 1281 1052 1308 ut
1076 1277 1229 1309 Suetonii
1252 1276 1367 1308 verbis
1389 1279 1478 1316 utar,
1500 1276 1618 1307 ‘vultu

909 1326 1043 1359 ruboris
1068 1327 1182 1368 pleno,
1209 1331 1246 1359 et
1274 1326 1461 1368 grandibus
1482 1325 1617 1358 oeulis-⁸

909 1377 966 1408 De
995 1377 1184 1410 rubicundo
1206 1377 1266 1409 illo
1298 1377 1394 1409 vultu
1416 1377 1559 1409 Tacitus
1581 1376 1616 1408 in

910 1426 1098 1468 Agricola:
1127 1427 1232 1459 ‘Cum
1259 1427 1418 1460 notandis
1440 1432 1490 1459 tot
1514 1427 1620 1459 homi-

911 1486 991 1509 num
1019 1477 1204 1519 palloribus
1226 1476 1403 1510 sufficeret
1424 1487 1535 1510 saevns
1555 1477 1617 1509 ille

912 1527 1039 1568 vultus,
1052 1533 1090 1560 et
1114 1527 1234 1568 rubor,
1247 1537 1269 1559 a
1282 1537 1350 1569 quo
1364 1536 1402 1559 se
1416 1532 1540 1559 contra
1554 1538 1617 1569 pu·

911 1576 1030 1609 dorem
1042 1576 1240 1609 muniebat!
1284 1578 1331 1609 Et
1344 1577 1414 1617 ille,
1428 1577 1518 1619 apud
1533 1577 1618 1609 Phi-

910 1627 1107 1660 lostratum:
1133 1627 1234 1667 μεστὴ
1258 1626 1292 1659 δὲ
1323 1626 1346 1666 ἦ
1369 1627 1479 1669 rape&
1504 1629 1617 1670 χολῆς,

172 1689 215 1712 ac
241 1676 334 1712 alios.
368 1681 530 1714 Ceterum
558 1682 710 1713 colossus
733 1682 807 1723 ille,
830 1682 874 1715 de
908 1677 1001 1721 quod
1015 1688 1094 1711 mox
1115 1676 1374 1719 φύσεωῖμᾶλλθν
1387 1683 1488 1712 V⁰0⁸t
1502 1680 1613 1721 Apol·

172 1741 241 1774 quo
263 1741 369 1775 supra
390 1732 599 1765 mentionem
620 1731 779 1774 fecimus,
799 1739 877 1766 erat

171 1781 209 1814 in
222 1781 298 1815 foro
312 1783 420 1825 ipsius
433 1784 586 1825 Tarenti,
602 1788 638 1816 et
649 1783 761 1817 factus
776 1795 797 1816 a
807 1785 876 1826 Ly-

171 1831 272 1878 sippo
295 1835 351 1865 60.
375 1834 582 1876 cubitorum,
605 1839 646 1867 nt
668 1835 719 1867 ait
742 1835 876 1868 Plinius

172 1882 233 1915 lib.
260 1891 391 1917 xxxiv.
420 1893 499 1926 cap.
527 1888 563 1918 7.
606 1886 734 1918 Mirum
760 1887 795 1918 in
822 1896 876 1928 eo,

173 1933 265 1976 quod
279 1944 394 1976 mann,
409 1939 449 1967 ut
463 1935 592 1977 ferunt,
604 1936 740 1969 mobilis
754 1935 814 1979 (ea
825 1947 876 1969 ra-

171 1983 221 2015 tio
235 1983 431 2028 libramenti
445 1985 514 2028 est)
535 1987 636 2019 nullis
660 1988 876 2020 convellatur

173 2034 354 2075 procellis:
376 2035 414 2067 id
425 2036 564 2078 quidem
576 2037 764 2078 providisse
774 2044 812 2070 et
824 2047 878 2069 ar-

172 2083 262 2116 tifex
274 2085 413 2127 dicitur,
425 2086 562 2119 modico
576 2087 770 2129 intervallo,
785 2083 877 2120 unde

171 2132 320 2166 maxime
341 2133 460 2167 flatum
482 2145 568 2177 opus
588 2142 664 2169 erat
679 2136 803 2178 frangi,
815 2147 877 2179 op-

173 2184 290 2226 posita
298 2185 478 2217 columna:
500 2185 618 2228 itaque
631 2192 775 2228 propter
785 2197 878 2228 mag·

174 2236 381 2278 nitndinem,
387 2236 691 2280 difficultatemque
706 2238 880 2279 moliendi,

174 2295 244 2318 non
266 2286 384 2327 attigit
407 2296 483 2319 eum
506 2286 632 2319 Fabius
650 2287 878 2329 Verrucosus,

173 2345 252 2368 cum
269 2336 471 2378 Herculem,
488 2337 547 2378 qui
567 2341 622 2369 est
642 2337 677 2369 in
693 2338 877 2380 Capitolio,

173 2385 254 2428 inde
268 2384 482 2419 transferret.
525 2387 615 2419 Vide
638 2387 788 2420 Plinium
812 2387 878 2420 ibi-

173 2434 266 2468 dem.
307 2436 448 2469 Dicitur
478 2436 577 2468 Taras
604 2437 707 2479 mitis,
731 2437 776 2470 ob
802 2447 876 2470 sua·

174 2495 253 2519 vem
273 2489 310 2519 et
324 2486 494 2519 salubrem
505 2486 593 2519 aeris
603 2487 782 2520 Tarentini
791 2492 877 2520 tem-

172 2536 317 2578 periem,
325 2537 501 2579 solumque
512 2536 637 2570 fertile.
660 2539 718 2571 Sic
728 2539 877 2572 Horatio

174 2587 298 2619 ‘molle
312 2587 526 2629 'tarentum’
547 2593 585 2621 et
605 2589 751 2632 Papinio
768 2589 878 2623 Theb.

173 2645 202 2670 1.
222 2637 242 2659 ·‘
254 2637 354 2669 Mitis
375 2638 583 2682 Corinthus!

217 2686 363 2719 Siderea
375 2687 541 2731 flumas]
560 2689 712 2722 Sidereae
723 2689 881 2736 flammae,

177 2745 245 2769 non
271 2744 351 2770 sunt
370 2738 427 2770 hic
449 2743 632 2782 astrorum,
654 2741 883 2780 stellarumve,

177 2786 238 2820 sed
249 2796 331 2820 vero
338 2787 446 2830 ipsius
455 2788 550 2832 solis,
559 2790 619 2832 qui
630 2790 752 2834 etipse
767 2791 778 2809 ‘
790 2790 880 2825 side-

911 1729 1033 1762 lonius.

955 1783 1019 1812 104
1056 1781 1218 1813 Contenta
1258 1780 1391 1822 Phoebo]
1422 1781 1618 1814 Gronovius

912 1829 962 1862 sic
973 1830 1145 1872 explicat:
1170 1831 1249 1863 Non
1265 1837 1331 1872 est,
1341 1832 1417 1873 ipso
1425 1832 1505 1864 Sole
1521 1842 1615 1874 spre-

913 1885 949 1912 to
970 1881 1110 1913 tutelari
1126 1882 1263 1913 numine
1278 1892 1353 1923 suo,
1369 1882 1431 1915 sed
1446 1887 1619 1916 contemta

912 1930 1002 1963 facie
1027 1931 1162 1973 Phoebi,
1175 1942 1250 1974 quae
1266 1933 1299 1964 in
1316 1934 1450 1966 colosso
1464 1934 1613 1966 habeba·

913 1988 981 2015 tur.
1024 1984 1141 2025 thue
1157 1984 1297 2016 Phidias
1311 1989 1349 2017 et
1362 1985 1451 2025 Elei,
1463 1985 1620 2017 Tarenti-

912 2033 1016 2076 nique
1042 2034 1185 2066 mallent
1212 2034 1335 2068 Jovem
1364 2035 1522 2067 venerari
1554 2036 1619 2068 sub

912 2085 1011 2116 vultu
1039 2084 1241 2124 Domitiani,
1263 2085 1313 2117 ita
1338 2085 1461 2118 Rhodii
1481 2086 1619 2118 Solem:

911 2144 1025 2177 neque
1058 2135 1150 2167 enirn
1190 2135 1255 2166 hoc
1284 2135 1405 2167 dicitur
1423 2147 1432 2168 ε
1472 2136 1621 2168 Mallent

911 2185 1089 2217 Tarentini
1100 2190 1177 2217 tuos
1188 2185 1315 2222 vultus,
1328 2195 1430 2227 qnam
1441 2186 1547 2227 ipsius
1559 2187 1620 2220 Jo-

913 2235 977 2273 vis,
991 2240 1052 2269 ant
1072 2235 1198 2268 Rhodii
1218 2239 1391 2268 contemta
1412 2240 1539 2278 statua,
1559 2242 1621 2269 aut

913 2287 1047 2319 colosso
1073 2286 1211 2327 Phoebi,
1230 2290 1308 2318 tuos
1329 2287 1444 2319 oculos
1465 2287 1621 2322 intueri:

913 2337 974 2368 sed
984 2337 1124 2369 mallent
1135 2337 1185 2368 illi
1196 2337 1286 2369 Deos
1296 2347 1460 2379 suos‚non
1468 2339 1531 2371 sub
1542 2340 1620 2373 istis

913 2386 1044 2428 formis,
1070 2396 1147 2429 quae
1174 2397 1292 2420 eornm
1320 2398 1395 2421 esse
1416 2390 1620 2432 creduntur,

912 2448 1032 2470 verum
1071 2438 1107 2470 in
1132 2442 1193 2470 tua
1220 2437 1310 2471 facie
1339 2442 1512 2482 venerari,
1541 2450 1619 2484 quae

913 2489 1020 2530 magis
1041 2488 1175 2529 Jovem,
1203 2489 1414 2522 Phoebumve
1438 2491 1563 2524 deceat
1583 2497 1622 2525 et

914 2542 1041 2581 equet-
1076 2538 1203 2572 Posset
1210 2543 1325 2572 tamen
1336 2539 1408 2573 dici
1423 2541 1623 2584 Papinium,

914 2590 952 2621 in
968 2588 1139 2621 adulando
1161 2589 1319 2632 principe
1338 2590 1476 2623 modum
1500 2602 1619 2635 snper·

916 2647 1080 2681 gressum,
1110 2639 1210 2680 velle,
1229 2641 1433 2673 Tarentinos
1455 2642 1621 2677 Rhodios-

916 2699 984 2732 que
991 2690 1094 2722 malle
1101 2690 1337 2723 Domitianum
1345 2693 1560 2734 venerari,ac
1567 2705 1622 2727 co-

917 2742 1003 2782 lere,
1017 2744 1056 2772 nt
1066 2741 1176 2782 majus
1187 2750 1326 2781 numen,
1337 2751 1438 2784 quam
1449 2743 1571 2777 Jovem
1582 2751 1621 2779 et

917 2790 1085 2834 Phoebpm
1096 2801 1108 2825 ε
1130 2799 1209 2824 nam
1218 2790 1340 2824 eodem
1351 2792 1454 2826 modo
1465 2795 1622 2837 explicat
