1800 3060
238 158 327 201 352
735 169 777 200 P.
810 168 1001 200 PAmmr
1033 168 1200 200 STATu

239 271 446 315 Invehit:
477 271 699 326 hybernos
720 269 856 312 citius
876 270 1177 314 numeraveris
1197 270 1380 323 imbres,

239 339 563 394 Sylvarumque
583 350 758 380 comas:
788 338 896 392 vigil
916 338 999 380 iste
1015 339 1233 393 animique
1252 339 1428 394 sagacis

238 419 402 460 Exitus
422 416 606 467 evolvit,
627 419 842 471 quantum
865 415 1070 457 Romana
1091 417 1175 458 sub
1197 417 1318 459 omni

238 485 342 528 Pila
363 485 448 537 die,
470 489 772 539 quantumque
792 483 985 526 Tribus:
1016 483 1122 539 quid
1142 485 1326 540 templa,
1347 484 1455 540 quid
1474 485 1556 530 alti
1614 488 1699 532 100

236 614 285 642 ter
300 611 498 651 navigatione
512 610 674 642 invehunt.
727 610 938 641 Enumerares
964 608 1069 650 potius
1091 610 1216 651 pluvias
1237 611 1370 654 hyemis,
1381 615 1414 644 et
1428 612 1514 652 solia
1527 623 1698 645 nemorum.

237 655 351 694 Sagax
361 655 485 686 animus
493 654 605 693 uigilia
619 663 674 685 sua
687 653 859 692 excogitat,
872 662 946 692 quos
959 656 1080 685 sumtus
1087 657 1236 695 expetant
1247 655 1403 687 exercitus
1416 656 1552 688 Romam·
1565 657 1699 695 singulis

236 698 359 729 diebus.-
381 707 457 739 quos
473 697 586 738 tribus,
607 706 682 738 quas
695 696 894 728 resarcienda
909 697 1035 737 templa,
1049 706 1132 738 ,quoe
1143 698 1302 739 purgandi
1315 698 1395 731 alvei
1413 699 1547 741 Uberi-⁹,
1560 699 1698 742 etfluvi-

845 796 1087 811 ΜΟΟΟΙΝΟΟΟ

234 865 391 906 αηίιηίᾳηε
405 865 528 907 sagacis
546 866 679 897 Excitus
692 864 806 896 evolvit
815 875 828 902 ;
851 864 970 898 Par-m.
984 864 1066 905 vigil
1079 865 1141 897 iste
1160 865 1315 906 animique
1334 866 1459 908 sag-qis
1474 866 1594 899 Exitus
1618 865 1698 899 evol·

233 910 280 940 vlt
292 920 304 946 ;
330 909 428 941 Rom.
445 908 549 941 Aldd.
566 908 679 940 Colin.
695 908 829 949 Gryph.
846 908 952 940 Basil.
969 908 1074 940 Bern.
1090 909 1234 941 Gevart.
1257 908 1415 941 GrasserL
1442 908 1588 942 Amstel.
1610 910 1698 942 Gro-

231 962 310 984 nov.
335 954 399 983 &c-
424 952 535 992 vigilis
560 955 592 983 te
613 951 770 991 animique
784 951 910 991 sag-acis
924 951 1056 991 Exitus,
1069 952 1124 991 δῖε.
1167 951 1351 983 Salmasius
1369 951 1524 992 Epistola
1538 961 1697 986 mxxxvl.

234 1005 310 1036 qnae
326 1000 379 1026 est
395 995 438 1026 ad
455 994 682 1032 Gronovium‚
708 994 798 1025 hunc
814 995 925 1025 locum
942 994 991 1026 ita
1012 994 1120 1034 legit:
1144 993 1369 1036 Sylvarumque
1393 1004 1508 1033 comas,
1528 996 1577 1027 vel
1600 1006 1697 1037 aquas

234 1041 310 1079 quot
331 1038 366 1069 in
386 1047 475 1069 amne
497 1046 643 1078 sequaces
666 1036 786 1068 Exitus
811 1037 940 1074 evomit,-
966 1038 1019 1069 vel
1036 1036 1184 1076 fugaces.
1228 1037 1359 1069 Postea
1385 1047 1466 1070 vero
1488 1038 1524 1069 in
1539 1038 1697 1079 Epistola

231 1090 308 1122 quae
335 1080 531 1122 praefigitur
559 1079 788 1111 Gronovianae
817 1080 968 1111 Elencho
994 1078 1186 1112 Antidiatr.
1211 1089 1245 1120 p.
1270 1083 1325 1112 27.
1350 1080 1453 1120 legit:
1483 1081 1567 1120 vigil
1589 1091 1697 1122 usque,

231 1123 389 1164 animique
403 1124 528 1164 sagacis
543 1123 588 1154 Et
606 1123 689 1154 citus
710 1122 822 1154 evolvis
836 1125 997 1163 quantum,
1012 1125 1065 1163 ᾃτ.
1111 1122 1200 1154 Vide
1215 1122 1345 1164 Syllog.
1363 1123 1476 1164 Epist.
1490 1124 1587 1155 Tom.
1602 1131 1642 1156 11.
1660 1133 1696 1164 p.

231 1169 308 1197 533.
354 1167 512 1209 Denique
540 1166 764 1197 Marklandus
791 1165 824 1196 in
850 1170 984 1197 textum
1010 1165 1170 1197 admisit:
1203 1166 1286 1205 vigil
1311 1166 1372 1198 iste
1393 1165 1549 1207 animique
1573 1166 1698 1206 sagacia

230 1209 366 1251 Exitus,
389 1211 444 1250 δῖε.
468 1214 505 1241 ut
522 1209 556 1240 in
572 1210 687 1241 Parm.
710 1208 820 1240 sedin
839 1208 1015 1240 Addendis
1033 1208 1172 1241 scribit:
1195 1210 1205 1226 ‘
1219 1208 1374 1241 Tandem
1398 1209 1434 1240 in
1461 1209 1695 1250 conjecturam

232 1252 353 1292 incidi,
376 1262 476 1295 quam
502 1262 566 1293 pro
591 1261 694 1284 manu
719 1251 823 1284 Statii
850 1261 948 1292 paene
974 1252 1081 1283 ausim
1108 1250 1295 1283 venditare.
1340 1252 1392 1283 Ea
1417 1255 1492 1284 est:
1515 1252 1597 1292 vigil
1617 1253 1696 1294 ipae,

229 1294 390 1336 animoque
404 1296 512 1336 sagaci
527 1295 671 1333 Exn-itus,
694 1295 808 1326 evolvis
834 1298 993 1335 quantum,
1019 1296 1072 1335 ἔμ’.
1117 1293 1172 1326 Cf.
1198 1294 1322 1326 Senec.
1343 1294 1489 1335 Hippoi.
1512 1298 1608 1327 1082.
1637 1296 1696 1336 qui

227 1338 325 1369 locus
342 1339 423 1370 mihi
438 1339 526 1370 hanc
544 1338 794 1370 correctionem
811 1338 939 1378 primus
956 1336 1116 1374 firmavit,
1137 1337 1221 1369 licet
1233 1337 1362 1369 dudum
1383 1337 1434 1370 ita
1456 1336 1695 1378 conjecissem.

231 1380 321 1413 Stat.
335 1381 443 1413 Theb.
461 1391 517 1413 111.
533 1384 609 1413 598.
625 1385 661 1412 et
677 1380 782 1412 Ovid.
794 1380 884 1412 Met.
900 1389 941 1412 11.
952 1383 1028 1412 779.
1043 1389 1086 1412 ex
1103 1389 1172 1422 qno
1188 1389 1290 1412 versu
1304 1389 1440 1412 sensnm
1454 1390 1549 1411 snum
1566 1381 1695 1412 Noster

230 1424 369 1455 videtur·
385 1424 558 1456 sumsisse.
603 1424 709 1455 Potes
724 1423 842 1461 etiam,
862 1423 1022 1462 viguans;
1044 1423 1112 1463 vel,
1132 1423 1257 1462 vigilax
1278 1424 1440 1464 animoque
1462 1423 1571 1463 sagaci
1599 1424 1695 1454 Exci-

231 1472 283 1499 tus
290 1478 303 1504 ,·
324 1467 385 1499 sed
402 1468 511 1509 magis
526 1468 643 1509 placet
656 1466 752 1508 prior
766 1465 1097 1508 conjectura.’—100
1121 1466 1236 1498 Pilade
1250 1466 1285 1498 in
1301 1466 1355 1498 ed.
1371 1471 1444 1498 vet.
1459 1466 1694 1508 Tillenbrogji.

892 1557 1036 1590 NOTAE

275 1627 317 1656 97
343 1623 509 1666 Hybernos
536 1623 663 1664 imbres,
692 1622 761 1663 ⁸50]
798 1622 841 1654 Id
869 1625 938 1662 est,

231 1675 334 1708 citius
350 1674 603 1707 enumeraveris
619 1674 786 1716 hybernos
801 1673 940 1714 imbres,

231 1728 298 1758 διο.
309 1735 409 1768 quam
425 1735 509 1767 opes
524 1725 720 1757 commissas
738 1723 820 1755 fidei
835 1724 938 1756 Etru-

234 1786 297 1808 scr.

273 1829 317 1858 98
344 1826 436 1866 Vigil
449 1826 509 1858 iste
523 1825 649 1866 [vigilis
662 1825 709 1866 te]
722 1825 878 1867 animique
890 1835 939 1858 sa-

229 1877 319 1917 gacis
334 1876 457 1909 Exitus
478 1876 608 1917 evolvit]
631 1876 701 1908 Hic
727 1877 823 1908 locus
851 1885 937 1917 prae-

230 1927 409 1959 termissus
425 1936 524 1968 paene
542 1926 584 1958 ab
597 1926 754 1958 omnibus
766 1927 937 1968 interpre—

228 1977 334 2019 tibus,
349 1982 509 2019 tanquam
525 1976 720 2014 facillimus,
733 1977 791 2019 qni
807 1981 937 2017 tamen,

232 2029 260 2061 si
286 2029 395 2060 verba
424 2028 498 2069 ejus
529 2032 653 2060 exacte
681 2027 936 2069 expendantur,

231 2077 333 2110 valde
355 2077 505 2110 difficilis
520 2082 557 2110 et
571 2078 738 2110 obscurus
751 2078 935 2110 videbitur.

232 2130 357 2162 Nullus
371 2128 463 2160 enim
478 2129 585 2160 bonus
596 2137 715 2160 sensus
725 2138 768 2160 ex
781 2128 845 2160 hoc
858 2128 936 2160 elici

231 2185 360 2222 potest.
404 2179 495 2213 Quid
517 2179 608 2210 enim
631 2178 804 2220 significat
819 2183 856 2210 et
870 2178 935 2210 sibi

229 2233 304 2263 vnit
330 2230 412 2262 illud
442 2230 552 2270 vigilis
579 2232 611 2261 te
635 2229 792 2270 animique
813 2229 937 2268 sagacis

231 2281 352 2313 Exitus
379 2277 518 2312 wolnu?
549 2279 752 2320 Salmasius,
778 2279 813 2310 in
843 2288 935 2311 com-

228 2332 407 2364 mentariis
434 2331 476 2363 ad
506 2330 697 2363 Historiam
732 2330 936 2371 Augustam,

228 2382 320 2414 hunc
347 2382 461 2413 locum
489 2386 690 2422 corruptum
719 2380 870 2422 judicat,
899 2384 936 2412 et

229 2442 308 2465 eum
331 2432 524 2464 restituisse
548 2442 588 2463 ac
614 2432 804 2463 illustrasse
820 2435 933 2471 putat,

228 2483 279 2515 sie
301 2483 507 2523 corrigendo
531 2487 568 2514 et
591 2480 833 2524 conjungendo
854 2491 933 2513 curu

228 2534 395 2576 superiori
424 2544 547 2566 versu:
572 2534 741 2576 Hybernos
766 2534 862 2566 citius
875 2543 933 2565 ua-

228 2584 396 2617 meraveriu
424 2584 550 2625 imbres,
576 2585 800 2627 Sylvarumque
824 2594 936 2625 comas,

228 2638 277 2668 vel
297 2645 397 2677 aquas
410 2639 484 2677 quot
498 2635 533 2666 in
549 2645 638 2667 amne
662 2645 806 2677 sequaces
822 2636 938 2667 Exitus

230 2687 353 2719 evolvit.
399 2686 531 2723 Exitus,
556 2686 678 2728 inquit,
705 2687 865 2726 amnium,
888 2685 936 2716 di-

231 2741 358 2770 cuntur
383 2737 473 2770 ostia
497 2746 625 2774 eorum,
641 2735 763 2778 quibus
784 2736 819 2768 in
840 2744 934 2767 mare

990 1630 1028 1653 se
1041 1624 1244 1654 exonerant.
1276 1620 1508 1653 Evolvietiam
1521 1619 1696 1660 dicuntur,

991 1682 1069 1705 cum
1096 1673 1131 1704 in
1157 1682 1250 1705 mare
1275 1677 1406 1705 exeunt
1429 1682 1493 1714 per
1516 1672 1573 1705 illa
1594 1673 1698 1706 ostia.

991 1723 1056 1755 Sed
1072 1723 1232 1756 Salmasii
1246 1723 1416 1755 correctio
1438 1732 1506 1755 non
1521 1722 1608 1755 facit
1619 1732 1697 1755 sen·

992 1784 1067 1806 sum
1082 1774 1183 1815 hujus
1198 1774 1266 1806 loci
1282 1774 1470 1815 planiorem
1485 1784 1495 1805 :
1517 1781 1586 1805 non
1604 1773 1695 1806 enirn

992 1824 1143 1866 explicat
1159 1824 1202 1856 ad
1219 1824 1300 1866 quid
1316 1823 1485 1856 referatur
1498 1823 1583 1856 illud
1598 1834 1696 1865 quau-

991 1878 1058 1907 tam
1073 1885 1232 1917 sequens.
1279 1875 1453 1907 Domitius
1468 1874 1517 1907 sic
1533 1874 1629 1906 illum
1644 1875 1694 1907 lo·

992 1937 1069 1959 cnm
1109 1927 1374 1968 interpretatur.
1426 1926 1606 1959 Hactenus
1649 1925 1694 1958 de

991 1977 1160 2010 reditibus
1184 1976 1353 2019 Papinius
1373 1977 1508 2009 locutus
1530 1981 1600 2008 est:
1618 1977 1693 2018 jarn

990 2027 1143 2060 laborem
1176 2031 1213 2060 et
1241 2027 1473 2069 prudentiam,
1505 2035 1693 2069 curamque

990 2078 1129 2110 Etrusci
1158 2077 1277 2110 laudat
1302 2078 1339 2110 in
1364 2078 1417 2110 his
1446 2076 1693 2110 distribuendis

989 2138 1053 2170 pro
1068 2128 1203 2161 ratione
1215 2137 1452 2170 expensurum.
1475 2127 1611 2168 Exitus]
1619 2128 1692 2160 Sei·

989 2179 1072 2212 licet
1111 2179 1276 2221 impensae
1323 2178 1506 2211 faciendae.
1549 2177 1694 2219 Evolvit]

989 2231 1127 2269 Versat,
1143 2230 1240 2272 angit
1257 2240 1335 2262 cum
1350 2239 1444 2270 cura,
1454 2230 1619 2272 quicquid
1630 2229 1692 2262 mi-

989 2282 1075 2314 litiae
1091 2282 1146 2313 vel
1159 2281 1194 2313 in
1214 2281 1353 2313 urbanis
1379 2279 1536 2313 aedificiis
1561 2284 1693 2312 testau-

990 2332 1107 2364 randis
1121 2331 1387 2374 impendendum
1405 2337 1490 2364 erat.
1533 2331 1690 2363 Putarim

989 2381 1120 2424 dicere,
1135 2382 1185 2414 ait
1211 2382 1416 2422 Gronovius,
1430 2381 1562 2414 exitum
1576 2387 1690 2413 osten-

987 2432 1084 2474 dere,
1098 2437 1135 2465 et
1147 2432 1276 2474 liquido
1292 2432 1451 2474 probare,
1467 2441 1568 2473 quam
1582 2430 1690 2463 fuerit

987 2483 1099 2515 animo
1108 2482 1202 2523 vigili
1217 2492 1258 2514 ac
1273 2483 1403 2524 sagaci,
1415 2491 1493 2514 cnm
1508 2482 1690 2523 sequentia

988 2533 1102 2566 omnia
1112 2533 1180 2564 rite
1196 2532 1381 2564 curaverit.

1032 2587 1094 2616 loo
1117 2582 1206 2624 Pila]
1227 2583 1297 2615 Per
1310 2583 1388 2624 pila,
1403 2592 1479 2624 quae
1502 2587 1602 2614 erant
1618 2582 1690 2614 tela

989 2634 1129 2676 propria
1143 2633 1317 2674 Romanis,
1333 2633 1494 2674 intelligit
1515 2633 1688 2665 exercitus

989 2686 1170 2717 Romanos.
1214 2682 1344 2724 Tn'bus]
1380 2682 1421 2714 Id
1451 2687 1518 2723 est,
1544 2684 1687 2725 populus

987 2735 1022 2767 in
1038 2735 1152 2778 plures
1169 2734 1278 2767 tribus
1293 2733 1430 2766 divisus.
1475 2733 1521 2766 Et
1544 2743 1606 2775 per
1627 2733 1686 2766 tri-
