1800 3060
196 186 282 228 ‘280

695 200 735 231 P.
770 197 959 231 PAPINH
992 200 1158 232 STATI!

430 294 629 338 Deflebis
650 295 776 349 pius;
807 299 850 338 et
870 296 1020 339 Pharo
1041 303 1222 341 cruenta

430 362 648 416 Pompeio
670 362 799 405 dabis
819 364 950 406 altius
971 365 1234 420 sepulcrum.

432 431 552 472 Haec
573 430 717 483 primo
733 431 912 484 juvenis
934 445 1067 474 canes
1087 434 1171 475 sub
1195 447 1310 485 aevo,

431 497 551 539 Ante
569 511 709 540 annos
731 499 898 541 Culicis
921 499 1196 545 Maroniani.

431 565 573 607 Cedet
593 565 728 608 Musa
746 566 869 608 rudis
888 567 1052 610 ferocis
1073 569 1189 611 Enni

1602 572 1660 614 ’75

200 679 339 722 plorabis
353 679 469 711 crimen
485 679 606 720 Canopi
619 680 780 721 AEgyptii‚
789 685 819 713 et
831 680 989 714 decorabis
1004 681 1188 722 Pompeium
1206 682 1323 715 tumulo
1338 682 1457 725 altiori,
1469 694 1559 726 quam
1574 685 1664 717 daret

201 724 336 756 crudelis
350 723 481 754 Pharos.
528 723 610 754 Haec
635 724 723 754 ludes
745 725 859 764 primis
872 724 1016 763 juventa
1040 725 1144 766 annis,
1166 729 1240 757 ante
1264 729 1402 767 motem,
1425 738 1485 768 qua
1508 728 1664 767 Virgilius

201 767 327 808 scripsit
341 775 430 798 suum
447 765 598 798 Culicem.
641 766 769 799 Inculta
790 768 888 800 Musa
903 767 1006 807 ‚fortis
1021 766 1122 800 Ennii
1145 769 1204 800 tibi
1228 770 1328 811 cedet,
1351 780 1388 802 ac
1410 769 1553 802 sublimis
1569 771 1665 811 furor

816 863 1009 878 eeeeaeaeeooe
1013 863 1052 877 θ’

200 933 361 963 285.-75
389 930 496 962 Caedet
525 929 606 962 Ald.
633 932 751 963 1.-77
774 930 820 963 Et
835 931 887 973 qui
908 941 967 973 per
982 932 1074 971 freta
1088 931 1181 965 duxit
1194 932 1337 966 venett.
1353 932 1468 966 Parm.
1487 933 1588 966 Rom.
1603 933 1664 966 Vi·

853 1023 999 1056 NOTAE

199 1099 276 1131 quae
293 1087 460 1120 Casiotidi
475 1087 689 1120 contermina
701 1094 755 1120 est
769 1096 778 1118 :
800 1098 821 1121 a
835 1097 904 1131 quo

196 1143 234 1172 et
257 1145 449 1171 extremum
473 1139 546 1171 Nili
573 1139 695 1171 ostium
722 1139 903 1172 Orientem

198 1199 318 1222 versus
356 1189 592 1222 ‘Pelusiacum
607 1189 618 1204 ’
643 1195 802 1222 vocatum
836 1194 903 1222 est.

198 1240 383 1273 Conditum
398 1239 513 1272 ferunt
527 1249 547 1271 a
563 1240 670 1271 Peleo
684 1239 826 1273 Achillis
843 1251 903 1282 pa-

200 1297 267 1325 tre.
313 1291 427 1323 Hodie
443 1291 763 1332 vocaturDamiata,
777 1294 842 1333 vel,
864 1298 903 1326 ut

196 1342 273 1374 aliis
289 1342 416 1384 placet,
432 1343 576 1374 Tenessa.
619 1342 687 1374 Sed
711 1343 744 1374 in
761 1343 826 1375 hoc
843 1354 902 1385 po·

198 1393 258 1426 eta
288 1397 428 1425 secutus
452 1397 506 1425 est
539 1393 716 1424 Lucanum
742 1394 798 1428 lib.
818 1404 900 1428 vm.

195 1444 266 1475 ‘Et
290 1444 465 1476 Pelusiaci
487 1447 557 1476 tam
573 1444 684 1476 mollis
711 1444 812 1476 turba
839 1446 903 1478 Ca-

199 1493 305 1536 nopi.’

241 1547 282 1576 71
308 1544 409 1586 Pius]
442 1546 560 1578 Pietas
588 1546 679 1578 euim
709 1551 775 1587 est,
818 1546 902 1580 flere

196 1601 362 1627 mortuos.
408 1596 452 1627 Et
470 1596 579 1627 Pharo
594 1596 736 1637 cruenta]
769 1597 901 1630 Pharos

196 1645 307 1678 insula
321 1647 491 1688 quondam
515 1657 622 1688 prope
639 1647 901 1691 Alexandriam,

195 1705 286 1728 nuuc
312 1697 504 1730 continenti
525 1698 699 1739 adjuncta.
747 1700 900 1742 Cruenta]

196 1747 252 1780 Ob
269 1748 403 1780 caedem
415 1748 588 1790 Pompeii.

238 1801 280 1830 72
304 1799 452 1840 Pompeio
479 1799 568 1831 dabis
595 1801 692 1832 allius
713 1802 901 1844 sepulcrum]

195 1849 237 1882 Id
254 1854 321 1892 est,
334 1851 430 1883 dabis
447 1853 602 1884 carmine
617 1852 783 1894 Pompeio
799 1854 900 1886 altius

197 1905 236 1934 et
247 1901 520 1943 magnificentius
536 1907 572 1934 et
588 1903 777 1936 durabilius
790 1907 903 1946 sepul-

193 1961 300 1993 crum,
313 1963 412 1994 quam
428 1954 456 1985 si
472 1953 630 1985 conditus
647 1953 770 1988 fuisset
785 1956 820 1987 in
834 1957 903 1998 Py*

196 2003 397 2044 ramidibus,
412 2014 489 2046 quae
505 2009 584 2036 sunt
598 2005 759 2046 sepulcra
780 2015 900 2047 regum

195 2053 446 2095 AEgyptiorum.

236 2107 279 2136 74
293 2105 379 2137 Ante
392 2115 490 2138 annos
507 2105 626 2138 Culicis
636 2106 836 2148 Maroniani]
851 2109 903 2140 Ex

193 2154 258 2188 lioc
274 2156 363 2198 loco,
383 2163 420 2190 et
435 2157 507 2190 vita
523 2158 652 2190 Lucani
675 2158 837 2190 Suetonio
850 2164 902 2191 at-

197 2207 342 2248 tributa,
366 2208 443 2241 luce
465 2209 590 2241 clarius
620 2209 780 2250 probavit
801 2210 900 2242 Jose-

194 2258 282 2300 phus
319 2260 486 2302 Scaliger,
526 2260 707 2302 Virgilium
747 2262 898 2294 Culicem

195 2319 293 2341 suum
309 2309 435 2343 fecisse
452 2311 614 2352 majorem
631 2315 727 2348 natu,
743 2315 780 2343 et
801 2321 900 2344 exer-

189 2361 397 2402 citationem,
428 2372 530 2404 quam
558 2366 683 2404 putent
705 2362 809 2405 aliqui
824 2374 833 2402 ;
862 2368 899 2396 et

189 2406 368 2444 Lucanum
386 2412 563 2445 Poeticam
590 2414 745 2454 attigisse
772 2414 897 2446 teneri-

197 2462 310 2496 oribus
326 2463 435 2501 annis,
451 2474 550 2506 quam
562 2464 758 2505 Virgilium.

236 2516 278 2546 75
303 2514 398 2546 Musa
420 2515 509 2546 rudis
526 2515 648 2553 ferocis
668 2515 767 2557 Enni]
790 2515 897 2549 Quin-

192 2569 248 2598 tus
264 2564 394 2596 Ennius
413 2565 576 2596 oriundus
603 2576 623 2596 a
642 2566 819 2607 Messapo,
842 2576 898 2598 na-

194 2620 251 2649 tus
276 2616 432 2656 Tarenti,
459 2619 496 2647 ut
522 2615 631 2647 refert
656 2617 835 2658 Eusebius,
863 2621 901 2649 ut

192 2676 275 2699 vero
288 2667 445 2700 scribunt
461 2667 555 2699 Mela
571 2672 607 2699 et
628 2668 729 2699 Silius
743 2668 900 2708 Italicus,

194 2718 314 2750 Rudiis
326 2719 412 2751 urbe
429 2718 610 2751 Calabriae.
642 2717 674 2749 A
691 2718 823 2750 Catone
840 2729 899 2751 au-

195 2776 266 2805 tem
279 2774 452 2813 quaestore
466 2769 608 2802 Romam
625 2769 826 2812 translatus,
844 2769 901 2802 ba-

955 1089 1078 1122 bitavit
1093 1089 1127 1122 in
1143 1092 1260 1121 monte
1276 1087 1462 1128 Aventino,
1484 1097 1590 1130 parvo
1603 1087 1663 1120 ad-

955 1140 1092 1173 modum
1109 1141 1203 1172 victu
1214 1144 1410 1180 contentus,
1431 1143 1467 1170 et
1482 1139 1580 1170 unius
1604 1149 1662 1171 an-

957 1191 1044 1223 cillae
1061 1191 1268 1223 ministerio.
1315 1190 1439 1222 Cicero
1461 1188 1572 1221 refert
1585 1199 1663 1230 sep·

959 1243 1161 1283 magenario
1188 1242 1351 1283 majorem
1387 1240 1537 1272 Ennium
1574 1250 1665 1272 mor-

958 1295 1054 1324 tuum
1067 1291 1187 1326 fuisse.
1233 1292 1389 1323 Priorem
1406 1291 1600 1332 Scipionem
1616 1289 1663 1322 A-

956 1341 1125 1374 fricanum
1165 1342 1311 1374 maxime
1353 1341 1473 1381 coluit,
1509 1345 1665 1373 secutus-

958 1401 1025 1434 que
1040 1397 1094 1424 est
1109 1392 1234 1424 eumin
1247 1392 1387 1432 bellum,
1398 1401 1417 1422 a
1430 1401 1497 1433 quo
1513 1391 1662 1424 vicissim

957 1443 1007 1474 ita
1019 1442 1164 1475 dilectus
1179 1442 1227 1474 fui
1235 1447 1259 1483 t,
1273 1447 1311 1474 ut
1325 1441 1426 1473 Ennii
1441 1446 1588 1473 statuam
1601 1451 1677 1480 suo·

957 1494 1114 1535 sepulcro
1129 1493 1268 1534 imponi,
1283 1492 1481 1534 clarumque
1497 1492 1581 1524 illud
1602 1501 1663 1525 no-

957 1553 1048 1585 men,
1061 1544 1162 1575 immo
1181 1553 1262 1576 vero
1279 1543 1424 1585 spolium
1438 1553 1480 1575 ex
1490 1543 1595 1579 tertia
1610 1553 1663 1577 or·

956 1594 1008 1626 bis
1025 1599 1122 1636 parte
1139 1599 1287 1636 raptum,
1309 1595 1344 1626 in
1357 1594 1473 1627 cinere
1488 1604 1665 1636 supremo,

957 1654 1033 1677 cum
1065 1645 1186 1678 Poetae
1219 1645 1321 1677 titulo
1349 1645 1418 1686 legi
1440 1645 1598 1687 jusserit,
1625 1651 1665 1678 ut

957 1697 1092 1729 Plinius
1119 1697 1180 1729 lib.
1195 1706 1260 1730 vu.
1288 1706 1366 1739 cap.
1381 1700 1434 1730 30.
1467 1701 1504 1729 et
1529 1697 1664 1730 Solinus

956 1757 1032 1789 cap.
1048 1751 1081 1780 7.
1097 1748 1263 1780 scribunt.
1298 1747 1404 1780 Ovid.
1418 1747 1497 1781 Art.
1509 1747 1587 1780 Am.
1603 1757 1664 1780 ιιι.

956 1797 965 1816 ‘
979 1799 1110 1830 Ennius
1122 1799 1269 1830 emeruit
1281 1799 1433 1832 Calabris
1443 1800 1477 1831 in
1491 1799 1663 1832 montibus

957 1854 1054 1881 ortus
1081 1849 1268 1891 Contiguus
1294 1850 1377 1891 poni
1401 1851 1519 1892 Scipio
1542 1861 1664 1893 magne

958 1899 1048 1932 tibi!
1094 1901 1183 1932 Nam
1214 1901 1369 1941 sepultus
1394 1905 1448 1932 est
1474 1901 1605 1933 Ennius
1627 1902 1662 1934 in

959 1952 1118 1993 sepulcro
1143 1952 1315 1994 Scipionis
1333 1952 1389 1984 via
1404 1952 1518 1994 Appia
1533 1952 1575 1985 ad
1593 1953 1661 1995 pri-

959 2012 1052 2034 mum
1078 2003 1122 2034 ab
1150 2003 1235 2034 urbe
1262 2003 1469 2034 milliarium.
1512 2003 1663 2044 Scripsit

959 2052 1146 2086 Annalium
1159 2053 1277 2091 libros,
1291 2053 1434 2095 Satires,
1451 2053 1663 2096 Tragoedias,

960 2103 1166 2144 Comoedias,
1180 2114 1256 2146 quae
1272 2104 1384 2136 omnia
1399 2104 1592 2146 perierunt,
1603 2115 1662 2137 ex-

959 2156 1069 2197 eeptis
1092 2156 1221 2198 aliquot
1247 2155 1412 2195 versibus,
1427 2155 1483 2197 qui
1500 2156 1626 2197 passim
1641 2167 1662 2190 a

957 2206 1184 2247 scriptoribus
1210 2205 1372 2240 citantur.
1425 2206 1581 2239 Mortuus
1606 2213 1662 2240 est

956 2257 1132 2289 articulari
1145 2256 1277 2296 morbo,
1290 2265 1389 2298 quem
1400 2256 1582 2290 immodico
1593 2258 1663 2291 vini

958 2312 1043 2349 potu
1059 2311 1292 2339 contraxerat,
1325 2307 1427 2340 Unde
1442 2313 1479 2339 et
1495 2308 1662 2342 Horatius

958 2370 1000 2392 11.
1024 2360 1252 2401 Epistolarum
1275 2359 1318 2390 de
1341 2369 1383 2391 eo
1400 2364 1559 2401 tanquam
1582 2360 1659 2401 plus

958 2412 1038 2442 vino
1072 2409 1190 2442 dedito
1219 2409 1293 2441 liaee
1318 2409 1465 2441 cecinit:
1502 2409 1512 2428 ‘
1529 2409 1660 2442 Ennius

953 2462 1027 2503 ipse
1054 2465 1156 2502 pater
1191 2469 1365 2502 nunquam
1396 2459 1458 2492 nisi
1485 2463 1587 2501 potus
1614 2461 1658 2493 ad

953 2521 1047 2543 arma
1063 2510 1228 2542 Prosiluit
1245 2509 1414 2542 dicenda!
1439 2510 1569 2544 Scribit
1583 2510 1657 2552 ipse

953 2562 1081 2594 Ennius
1094 2561 1126 2592 in
1145 2560 1313 2602 principio
1327 2559 1509 2591 Annalium
1521 2569 1658 2593 suorum

952 2613 1009 2656 (ut
1027 2617 1147 2644 auctor
1173 2615 1227 2643 est
1243 2609 1454 2653 Porpliyrio)
1474 2612 1605 2644 somnio
1620 2622 1658 2645 se

953 2662 1302 2704 admonitum,quod‚
1325 2662 1510 2694 secundum
1529 2664 1658 2705 Pytha-

956 2725 1050 2758 gorae
1083 2715 1292 2757 opinionem,
1315 2713 1428 2746 anima
1454 2714 1596 2747 Homeri
1621 2716 1657 2748 in

953 2777 1052 2802 suum
1078 2777 1200 2810 corpus
1223 2765 1412 2809 transierit,
1432 2765 1524 2809 quod
1552 2766 1656 2800 etiam
