1800 3060
212 210 300 251 504

714 224 752 254 Ρ.
787 224 975 256 ΡΑΡΙΝΙΙ
1010 227 1174 259 STATH

216 315 316 358 Nec
338 320 483 359 tamen
503 317 573 360 hic
595 322 764 362 mutata
784 319 925 374 quies,
945 323 1202 376 probitasve
1224 325 1432 369 secundis

217 383 452 427 Intumuit:
483 389 604 427 tenor
624 385 740 428 idem
762 389 923 439 animo,
944 402 1175 445 moresque
1195 393 1399 444 modesti,

218 451 412 494 Fortuna
427 457 664 505 crescente,
684 461 884 498 manent:
915 456 1038 499 fovet
1057 459 1192 501 anxia
1213 473 1340 503 curas

217 519 449 574 Conjugis‚
470 521 754 577 hortaturque
774 525 922 576 simul,
944 525 1168 581 flectitque
1188 528 1378 571 labores.

1580 533 1666 575 120

217 586 329 640 Ipsa
349 588 490 643 dapes
510 589 724 641 modicas,
743 596 788 632 et
810 593 961 635 sobria
981 594 1140 647 pocula
1161 595 1310 647 tradit,

217 653 571 710 Exemplumque
588 657 644 699 ad
663 657 800 700 herile
820 664 993 702 monet:
1024 662 1145 703 velut
1159 662 1344 718 Appula
1363 665 1529 721 conjux

216 720 438 774 Agricolae
460 725 600 778 parci,
622 726 694 767 vel
715 726 810 767 sole
831 727 992 769 infecta
1010 727 1189 780 Sabina,

217 788 332 840 Quae
353 791 472 832 videt
491 793 675 844 emeriti,
690 794 785 848 jam
804 798 1190 849 prospectantibus
1211 799 1354 849 astris,

214 856 413 912 Tempus
431 858 588 901 adesse
608 861 703 911 viri,
724 875 910 916 propere
931 876 1195 918 mensasque
1216 870 1422 921 torosque

1582 855 1668 911 125

217 924 424 977 Instruit,
443 933 736 984 expectatque
757 943 916 972 sonum
935 931 1160 974 redeuntis
1187 933 1335 975 aratri.

215 992 365 1036 Parva
382 995 564 1050 loquor:
595 1000 742 1039 tecum
763 998 935 1052 gelidas
956 1013 1103 1042 comes
1122 1000 1202 1042 illa
1221 1013 1300 1055 per
1322 999 1495 1053 Arctos,

214 1060 574 1118 Sarmaticasque
594 1065 784 1120 hyemes,
807 1067 1075 1123 Istrumque,
1097 1073 1144 1110 et
1163 1068 1328 1123 pallida
1347 1069 1494 1112 Rheni

215 1129 415 1184 Frigora,
434 1137 584 1176 tecum
604 1147 756 1177 omnes
777 1137 924 1178 animo
942 1137 1098 1179 durare
1119 1149 1199 1192 per
1218 1142 1370 1189 aestus,

213 1251 244 1279 et
257 1250 351 1290 signa
364 1252 499 1285 cohortis
512 1253 581 1285 Deo
592 1256 703 1297 plenoe.
749 1255 815 1287 His
826 1259 928 1287 tamen
941 1266 1002 1287 non
1026 1260 1072 1288 est
1092 1260 1213 1289 mutata
1230 1258 1343 1289 mentis
1364 1257 1586 1298 tranquillitas,
1610 1266 1668 1288 nee

207 1293 349 1331 probitas
361 1300 506 1336 corrupta
517 1300 563 1328 est
574 1298 796 1338 prosperitate.-
816 1299 898 1330 idem
913 1302 999 1330 tenor
1010 1300 1125 1340 animo,
1138 1304 1169 1332 et
1179 1304 1271 1332 aucta
1279 1300 1414 1339 fortuna
1427 1302 1533 1332 eadem
1546 1309 1666 1331 morum

213 1337 374 1371 modestia.
405 1339 472 1370 Sua
485 1340 681 1372 solicitudine
692 1341 773 1373 levat
787 1351 876 1373 curas
887 1342 1006 1381 mariti,
1016 1346 1106 1383 atque
1118 1353 1180 1375 una
1194 1345 1323 1382 excitat,
1337 1344 1524 1385 mitigatque
1538 1344 1666 1375 labores.

214 1377 292 1419 Ipsa
315 1381 366 1412 illi
377 1382 506 1422 apponit
528 1393 638 1424 parcos
661 1384 757 1424 cibos,
777 1388 807 1415 et
822 1384 968 1424 frugalia
987 1386 1107 1425 pocula,
1127 1390 1159 1418 et
1180 1386 1260 1418 bunc
1279 1386 1402 1425 format
1429 1388 1470 1417 ad
1493 1386 1667 1427 exemplum

213 1421 341 1454 domini.
393 1424 483 1457 Velut
509 1435 590 1457 uxor
609 1426 735 1467 Appula
756 1427 846 1468 parci
869 1428 1032 1467 agricole:
1056 1429 1103 1460 cel
1127 1429 1182 1461 illa
1205 1429 1335 1467 nigram
1360 1430 1423 1461 sole
1447 1429 1578 1469 Sabino,
1599 1437 1667 1469 quoe

213 1465 313 1497 cernit
326 1467 494 1499 orientibus
505 1469 606 1500 stellis
610 1470 681 1508 jam
691 1471 935 1512 appropinquare
948 1471 1083 1502 reditum
1096 1471 1170 1511 viri,
1191 1473 1324 1511 confecto
1339 1473 1450 1503 diurno
1465 1482 1566 1512 opere,
1586 1474 1667 1502 ster-

213 1508 321 1548 nitque
340 1510 404 1541 cito
428 1520 563 1543 mensam
583 1516 615 1544 et
638 1513 746 1552 tectos,
765 1523 802 1544 ae
821 1513 984 1553 opperitur
1006 1515 1168 1555 strepitum
1194 1516 1378 1547 revertentis
1400 1515 1514 1547 aratri.
1558 1514 1668 1546 Pauca

213 1551 293 1583 dico.
340 1553 451 1584 Tecum
457 1553 542 1592 forti
554 1556 656 1587 am'mo
675 1557 732 1588 illa
755 1556 900 1588 coluisset
923 1556 1007 1588 socia
1031 1559 1143 1588 vadere
1165 1567 1223 1599 per
1245 1558 1364 1598 rigidos
1374 1557 1613 1599 Septemtrioues
1635 1559 1668 1588 et

171 1604 174 1607 ·
214 1591 337 1626 brumas
362 1595 564 1639 Sarmaticas,
587 1599 818 1640 Danubiumve,
843 1609 881 1631 ac
893 1598 1023 1639 frigora
1047 1599 1165 1640 Rheni,
1187 1610 1254 1642 quae
1280 1601 1427 1642 pallorem
1450 1601 1614 1639 inducunt,
1634 1602 1668 1632 et

821 1689 1059 1703 eeeeeeeeee

212 1761 312 1794 quem
328 1751 382 1784 hie
395 1752 490 1785 loeus
504 1752 561 1785 diu
571 1754 691 1786 torsit:
705 1754 840 1786 tandem
853 1764 970 1786 verum
983 1754 1082 1793 vidit,
1094 1753 1325 1793 cuijus—11⁷
1339 1754 1409 1786 Pro
1423 1756 1543 1786 mutata
1550 1753 1666 1785 Parm.

213 1799 250 1826 et
266 1795 365 1827 Rom.
380 1795 521 1835 habent,
537 1800 802 1830 σηπίαι-122
825 1797 895 1829 Pro
922 1801 1022 1829 monet
1049 1798 1176 1830 Venet.
1194 1800 1224 1829 1.
1245 1807 1359 1837 moves,
1382 1796 1667 1839 quemadmodum

210 1837 408 1878 conjecerat
421 1839 762 1872 Marklandus.—-123
787 1840 904 1872 Sabino
919 1841 996 1872 edd.
1011 1845 1096 1872 vett.
1129 1840 1292 1872 Heinsius
1310 1840 1354 1872 ad
1370 1840 1475 1872 Ovid.
1494 1840 1610 1871 Amor.
1624 1847 1666 1871 n.

209 1883 241 1912 4.
259 1884 312 1914 16.
330 1881 483 1914 correxit
498 1882 631 1919 Sabina,
647 1882 739 1923 quod
755 1884 911 1924 reposuit
926 1883 1270 1916 Marklandns.—l24
1293 1883 1364 1915 Pro
1384 1883 1481 1914 astris
1502 1883 1668 1914 Parmen-

211 1923 256 1955 sis
284 1925 522 1957 austra—128
555 1925 764 1969 Histrumque
794 1926 1075 1959 Heinsius.—129
1105 1927 1194 1959 Edd.
1225 1930 1312 1958 vett.
1334 1927 1449 1957 durata
1474 1935 1532 1968 per
1561 1928 1666 1956 ωηο.

869 2017 1015 2051 NOTAE

254 2083 314 2112 117
343 2080 456 2123 Quies]
479 2081 548 2114 Hic
581 2092 645 2123 pro
676 2083 777 2115 animi
808 2088 913 2124 statu,
967 2083 1038 2115 bini
1055 2083 1157 2115 etiam
1174 2081 1291 2124 populi
1307 2080 1434 2122 Italiae,
1455 2089 1523 2112 uou
1546 2077 1665 2122 procul

211 2131 246 2164 in
276 2141 343 2174 quo
377 2141 443 2164 nec
473 2133 647 2174 prosperis
673 2144 736 2166 nee
759 2134 912 2166 adversis
970 2134 1088 2165 Roma.

209 2187 404 2214 movetur-e
430 2192 490 2214 sua
513 2184 604 2215 sede.
651 2184 815 2225 Probitas]
843 2184 912 2216 Hic

212 2232 486 2265 moderationem
503 2233 604 2265 animi
621 2234 805 2276 siguificat.

252 2287 315 2316 122
340 2285 526 2327 Exemplum
539 2286 580 2316 ad
590 2285 708 2327 herile]
723 2285 910 2318 Domitiani

211 2334 356 2373 scilicet,
373 2335 416 2368 de
432 2337 531 2378 cujus
552 2336 738 2369 sobrietate
753 2338 909 2372 Suetoni-

209 2398 249 2420 us
266 2399 343 2431 cap.
360 2392 414 2422 21.
439 2389 562 2432 Appula
576 2389 702 2430 conjux,
715 2391 779 2423 sole
794 2390 910 2432 infecta

209 2439 344 2481 Sabina]
367 2440 432 2472 His
459 2440 564 2473 etiam
593 2440 742 2473 foeminis
771 2441 908 2473 laudem

211 2490 382 2523 castitatis
400 2495 436 2523 et
452 2491 673 2532 parcimoniae
696 2491 820 2524 tribuit
835 2491 909 2524 Ho-

207 2541 324 2581 ratius,
353 2541 463 2581 Epod.
491 2551 515 2573 1.
561 2541 683 2575 ‘Quod
720 2542 749 2573 si
784 2541 910 2583 pudica

205 2591 327 2623 mulier
351 2591 384 2622 iu
407 2595 538 2632 partem
559 2592 660 2632 juvet
687 2593 836 2625 Domum
867 2603 907 2625 ac

205 2642 326 2674 dulces
359 2640 508 2673 liberos:
545 2641 672 2674 Sabina
696 2643 821 2684 qualis,
847 2647 908 2676 aut

203 2697 348 2734 perusta
378 2690 506 2723 solibus
533 2691 688 2723 Pernicis
718 2703 804 2724 uxor
833 2691 906 2734 Ap·

203 2743 300 2786 puli.’
357 2740 499 2783 Appula]
533 2742 586 2773 Ex
613 2742 741 2783 Apulia
767 2743 906 2784 regione

203 2794 316 2828 Italiae
327 2793 362 2825 in
377 2801 503 2834 magna
519 2791 667 2826 Graecia.
699 2792 834 2834 Sabina]
849 2793 909 2826 Sa-

1013 2187 1075 2216 127
1101 2184 1207 2215 Parva
1223 2181 1346 2223 loquor]
1365 2181 1589 2223 Ἐπανόρθωσις
1610 2191 1666 2214 ea·

969 2235 1135 2277 dem‚qua
1149 2244 1226 2266 usus
1235 2238 1290 2265 est
1306 2233 1338 2264 in
1353 2233 1463 2274 Epulo
1488 2232 1665 2264 Eucharis-

966 2287 1036 2319 tieo
1054 2298 1062 2319 ε
1083 2287 1094 2304 ‘
1106 2286 1219 2318 Parva
1236 2287 1368 2327 loquor,
1384 2293 1446 2316 nec
1470 2284 1548 2316 dum
1565 2293 1663 2326 aequo

966 2341 1056 2378 tuos,
1087 2336 1305 2376 Germanice,
1343 2334 1480 2367 vultus!
1535 2335 1635 2367 Mens
1656 2345 1666 2367 ι

964 2388 1125 2421 Nondum
1141 2387 1212 2420 dixi
1234 2386 1276 2418 de
1299 2385 1469 2428 Priscilla,
1490 2385 1580 2428 quod
1596 2394 1664 2417 ma-

962 2440 1013 2483 gis
1029 2439 1128 2472 laude
1143 2439 1282 2480 dignum
1299 2441 1364 2469 est.

1006 2492 1070 2522 128
1105 2489 1357 2530 Sarmaticasque
1391 2485 1530 2529 hyemes]
1571 2484 1662 2518 Quia

962 2541 1099 2583 hyemes
1115 2540 1149 2572 iu
1165 2540 1218 2571 bis
1228 2537 1422 2580 regionibus
1433 2537 1660 2569 Sarmatarum

961 2591 1107 2622 maxime
1124 2593 1291 2630 pungunt.
1336 2588 1392 2619 De
1405 2585 1570 2617 Sarmatis
1589 2585 1663 2626 jam

962 2640 1042 2674 alibi
1058 2640 1216 2672 diximus.
1248 2634 1439 2678 lucrumque]
1455 2634 1662 2676 Danubium,

961 2691 1018 2734 qui
1035 2690 1137 2722 etiam
1154 2689 1245 2721 Ister
1261 2685 1458 2719 vocabatur.

1006 2744 1069 2773 129
1095 2741 1209 2772 Omnes
1222 2736 1330 2781 aestus]
1351 2735 1393 2768 Id
1410 2739 1476 2778 est,
1489 2735 1566 2768 loca
1581 2735 1662 2769 eali-

964 2792 1112 2825 dissimae
1128 2788 1267 2823 Africae.
