1800 3060
194 211 253 254 60
694 223 735 253 P.
771 222 961 253 ΡΑιηΝιι
997 222 1161 253 εἰἈτιι

196 318 303 361 Non
325 323 496 370 gravat,
518 321 562 360 et
582 321 720 359 sectae
737 318 972 374 praetendit
993 318 1108 360 colla
1132 317 1355 367 Medusae,

197 387 293 429 Ceu
314 387 507 427 stimulis
529 386 748 428 accendat
767 400 924 440 equum
943 400 953 428 :
985 400 1070 427 nec
1091 386 1261 427 dulcior
1279 398 1469 439 usquam

198 455 338 497 Lecta
359 455 471 497 Deae
494 454 649 507 sedes;
679 468 761 497 nec
783 455 836 504 si,
857 459 1002 509 pater,
1025 456 1122 509 ipse
1142 459 1326 496 teneres.

198 522 406 573 Pectora,
429 535 530 576 quae
550 523 706 564 mundi
727 522 908 564 valeant
928 522 1135 564 evolvere
1163 534 1308 571 curem,

1603 451 1662 492 40

196 651 259 673 acm
278 652 347 674 eam
369 646 496 683 gravat,
523 646 554 673 et
579 641 689 681 objicit
712 651 788 683 equo
813 645 1006 681 amputatum
1031 645 1125 682 caput
1142 641 1294 677 Medusoe,
1308 650 1360 672 seu
1377 641 1466 671 illum
1478 640 1663 671 instimulee.

197 684 297 717 Nulla
311 688 399 717 sedes
414 689 460 717 est
473 686 599 725 gratior
612 686 705 726 Deae,
719 695 774 716 nec
788 685 833 716 sic
846 685 915 726 ipse
934 688 1027 725 puter
1040 689 1171 717 teneres.
1218 685 1334 716 Pectus
1349 683 1443 715 habes
1457 693 1559 725 capax
1573 692 1663 714 cura-

812 790 1054 802 OO‘O‘OOO‘ON

197 869 284 900 tonia
299 870 492 909 vulga—38
515 869 677 901 Bartiiius
689 870 777 911 conj.
794 870 866 900 Non
879 872 1006 908 gravat,
1021 871 1155 899 exsertoe
1167 867 1338 909 proetendit
1349 878 1362 905 ,·
1385 867 1457 907 alii,
1475 867 1566 899 inter
1580 875 1671 908 quos

197 912 354 944 Jortiuus
373 913 528 951 Nostras‚
549 914 758 953 praetendens,
782 918 818 943 ut
838 913 870 943 in
893 912 1015 943 codice
1030 912 1108 943 Sen.
1133 911 1190 942 sed
1207 912 1270 942 hoc
1285 920 1350 942 non
1368 910 1489 952 probat
1500 910 1664 941 Bam.—

198 957 241 986 39
266 956 330 987 Ceu
341 956 477 987 stimulis
491 956 632 987 accendit
648 965 764 987 ornnes
780 954 881 987 codd.
895 960 931 987 et
946 955 1023 986 edd.
1039 960 1124 985 vett.
1138 954 1234 995 prob.
1251 954 1371 985 Barth.
1387 953 1495 984 Aldus
1511 953 1664 984 correxit

198 1000 358 1038 accendat,
380 1005 416 1029 et
443 1005 522 1040 post
546 1009 619 1030 voc.
650 999 792 1030 Medusoe
814 998 992 1029 sententiae
1026 996 1126 1028 finem
1150 997 1276 1038 posuit.
1318 997 1423 1029 Bern.
1444 1001 1479 1027 et
1502 995 1666 1027 Pan-has.

196 1050 330 1072 comma
352 1042 644 1082 interposuerunt,
666 1042 760 1083 quod
785 1050 901 1072 omnes
922 1041 1043 1082 reliqui
1071 1040 1273 1081 probarunt,
1306 1045 1434 1080 praeter
1459 1038 1664 1071 Hand—40

199 1083 292 1116 Laeta
310 1084 433 1116 Venet.
448 1088 478 1116 1.
501 1084 589 1116 Vide
606 1085 784 1116 Drakenb.
803 1085 844 1116 ad
858 1084 916 1116 Sil.
934 1084 1013 1115 Itai.
1030 1092 1112 1115 vm.
1124 1086 1200 1115 5118.
1215 1092 1271 1114 nec
1282 1083 1329 1114 sic
1341 1082 1494 1115 Gronov.
1507 1086 1542 1114 et
1555 1083 1664 1112 veen.

200 1132 236 1158 et
252 1128 344 1158 sicin
361 1127 493 1159 duobus
505 1127 605 1159 codd.
622 1138 677 1159 nec
691 1129 719 1158 si
733 1128 836 1168 patris
850 1127 919 1168 ipsa
931 1130 1047 1159 teneret
1067 1127 1202 1157 Pectora
1214 1126 1292 1165 alii;
1308 1129 1426 1157 teneret
1442 1125 1544 1156 etiam
1563 1124 1666 1156 Crue.

197 1179 253 1200 uec
267 1171 307 1210 si,
319 1173 423 1211 pater,
439 1171 506 1212 ipsa
521 1174 640 1202 teneret
655 1171 802 1209 Pectora,
816 1181 897 1211 quae,
911 1172 964 1210 &a
1001 1169 1205 1202 Caideriuus
1218 1179 1228 1208 ;
1242 1179 1298 1200 nec
1310 1169 1340 1200 si
1350 1168 1454 1210 patris
1464 1168 1533 1208 ipsa
1547 1171 1669 1199 teneres

200 1212 336 1244 Pectora
351 1214 529 1245 Tristanus
557 1214 590 1244 in
615 1214 886 1245 Commentaires
917 1213 1135 1254 Historiques
1156 1213 1251 1244 Tom.
1277 1221 1302 1243 ι.
1330 1221 1363 1252 p.
1383 1213 1542 1242 32¹1.-41
1569 1210 1665 1242 Leid.

198 1256 322 1287 caleant
334 1257 440 1288 mundi
452 1267 464 1294 ‚·
487 1257 584 1288 Urat.
608 1260 738 1298 pateant
749 1267 762 1294 ,·
785 1257 912 1288 Venet.
929 1259 959 1288 1.
975 1257 1126 1287 deducere
1139 1264 1241 1295 curas,
1255 1254 1400 1286 fortasse
1416 1263 1459 1286 ex
1477 1253 1573 1295 Virg.
1589 1252 1665 1285 AEu.

867 1354 1008 1387 NOTAE

243 1419 285 1449 38
311 1417 384 1449 Non
408 1418 539 1460 gravat]
578 1419 709 1451 Statius
737 1419 808 1459 ino,
834 1420 907 1451 Non

197 1473 327 1510 gravat,
341 1471 453 1511 tangit
468 1471 684 1503 divinitatem
697 1481 737 1503 ac
753 1471 909 1512 majesta·

199 1526 269 1551 tem
287 1530 406 1552 manus
423 1521 593 1553 Caesareae
618 1522 653 1552 in
675 1522 810 1553 colosso
827 1521 907 1560 illo3

200 1570 296 1613 quasi
313 1570 408 1602 dicat
423 1570 572 1613 effigiem
585 1572 687 1608 iiiam,
704 1581 794 1614 quae,
806 1581 909 1613 prop·

201 1626 255 1653 tet·
278 1630 403 1653 numen
427 1627 463 1654 et
489 1623 622 1663 pondus
646 1623 743 1663 Deae,
759 1623 816 1654 vix
840 1623 909 1654 ulia

201 1672 270 1704 alia
310 1682 425 1712 manu,
459 1673 525 1704 etsi
563 1673 714 1712 brevior,
746 1673 907 1705 sustineri

197 1725 332 1764 posset,
357 1722 405 1754 ita
432 1723 579 1754 insidere
606 1723 720 1754 manui
751 1723 911 1763 caesaris,

201 1777 240 1804 ut
253 1782 329 1804 eam
345 1782 388 1804 ne
401 1777 513 1813 gravet
529 1773 679 1816 quidem.
723 1773 910 1805 Veteribus
940 1775 943 1776 ⁷

202 1824 292 1855 euim
305 1833 508 1866 persuasum
521 1829 596 1856 erat
611 1825 763 1856 Deorum
779 1828 911 1856 statuas

202 1883 325 1915 graves
349 1875 530 1906 admodum
547 1885 587 1907 ac
609 1875 815 1916 ponderosas
830 1874 910 1906 fuis-

202 1934 253 1965 se,
268 1929 306 1957 ut
319 1934 436 1957 eorum
452 1926 590 1957 numine
611 1926 743 1968 plenas,
760 1929 799 1957 ut
814 1930 910 1967 patet

203 1985 247 2007 ex
270 1976 479 2008 Claudiano:
506 1977 538 2007 in
557 1986 606 2008 tv.
622 1978 725 2009 Cous.
741 1977 908 2009 Honorii:

203 2029 213 2044 ‘
231 2027 476 2058 Penetraiibus
492 2027 565 2058 exit
580 2026 734 2068 Effigies,
752 2027 863 2058 brevis
876 2028 914 2058 il-

203 2077 238 2108 la
247 2077 384 2119 quidem
397 2089 405 2109 :
421 2077 481 2109 sed
496 2077 659 2119 plurimus
672 2077 760 2109 infra
774 2078 915 2119 Liniger

204 2133 240 2160 et
258 2129 372 2169 posita
385 2129 535 2169 suspirat
551 2135 647 2160 veste
658 2128 815 2160 sacerdos
829 2130 912 2161 Tes-

205 2183 297 2211 tatus
307 2178 430 2210 sudore
441 2178 573 2211 Deum.’
593 2180 636 2210 Et
646 2179 914 2220 sectaeproetendit

204 2230 282 2260 colla
299 2228 458 2269 Medusoe]
482 2229 649 2270 Intelligit
674 2229 831 2270 AEgidem
845 2230 912 2260 Mi-

203 2287 334 2318 nervag
353 2288 413 2309 seu
439 2279 612 2320 clypeum,
630 2279 687 2321 qui
708 2280 855 2311 habebat
878 2280 911 2310 iu

205 2329 319 2360 medio
335 2329 482 2361 umbone
497 2335 602 2371 caput
619 2330 788 2370 Medusae,
800 2335 838 2362 ut
851 2339 913 2361 sae-

207 2379 284 2421 pius
294 2379 367 2421 jam
383 2380 542 2412 diximus.
587 2381 791 2412 Parrhasius
807 2381 914 2423 conji-

207 2431 255 2462 eit
268 2441 392 2473 equum
410 2432 598 2463 Domitiani
616 2433 821 2463 transversis
836 2441 915 2463 ocu·

206 2482 262 2521 lis,
279 2481 364 2512 etin
389 2481 566 2512 Medusam
593 2491 669 2523 quae
694 2491 782 2523 pone
800 2481 915 2513 stabat

206 2533 240 2565 in
258 2533 394 2574 clypeo,
407 2532 461 2562 vel
477 2531 586 2572 oegide
609 2532 793 2573 Minervae,
808 2535 915 2564 retor-

209 2588 246 2614 ta
262 2582 397 2614 cervice
421 2582 610 2622 suspicere,
626 2583 716 2614 sicut
741 2584 856 2625 Equos
878 2584 914 2615 in

207 2632 382 2676 AEsquiliis
411 2631 591 2671 videmus3
625 2632 686 2663 sed
718 2643 783 2664 non
815 2634 915 2665 bene.

210 2683 289 2715 Non
306 2683 395 2714 enim
411 2682 548 2713 habitus
563 2682 638 2724 ipse
655 2684 840 2716 convenire
855 2694 916 2726 po-

207 2738 279 2765 test
295 2743 396 2775 equo,
407 2733 464 2776 qui
475 2743 597 2765 cursum
611 2735 762 2776 minatur,
774 2740 812 2767 ut
827 2734 917 2767 infra

212 2785 348 2819 dicitur.

1005 1421 1048 1450 39
1086 1418 1151 1449 Ceu
1185 1417 1322 1449 stimulis
1355 1417 1502 1448 accendat
1544 1416 1669 1457 equum]

961 1469 1123 1501 Imitatus
1139 1474 1192 1501 est
1219 1468 1331 1500 Poeta
1354 1467 1560 1507 Hesiodum,
1577 1466 1667 1507 apud

961 1530 1061 1562 quem
1091 1520 1249 1551 Minerva
1278 1517 1422 1560 a’gidem
1451 1517 1608 1559 quatiens
1635 1525 1670 1547 e-

962 1581 1047 1613 quos
1074 1569 1238 1602 Herculis
1267 1570 1309 1601 ad
1334 1578 1470 1600 cursum
1499 1567 1668 1599 stimulat.

962 1624 1015 1656 Ἐν
1033 1623 1095 1666 ’γάρ
1116 1629 1192 1663 σφιν
1214 1621 1306 1663 μένος
1330 1619 1387 1659 ἧκε
1410 1620 1464 1652 θεὰ
1488 1620 1670 1659 γλαυκῶπις

962 1675 1085 1716 Ἀθήνη,
1099 1673 1199 1714 Alyta‘
1213 1671 1440 1705 ἀνασσείσασα.
1486 1672 1571 1703 Num
1591 1669 1670 1711 ipsit

963 1727 1101 1758 animum
1135 1727 1302 1758 addiderat
1338 1725 1406 1756 Dea
1436 1724 1534 1755 ocutis
1568 1722 1671 1753 casii:

964 1777 1124 1817 Minerva,
1137 1786 1281 1808 concussa
1294 1774 1423 1815 AEgide.

1010 1828 1078 1859 Nec
1091 1827 1211 1859 dulcior
1223 1836 1357 1867 unquam
1368 1825 1465 1856 Lecta
1476 1823 1555 1855 Dece
1566 1823 1669 1865 sedes]

964 1879 1091 1920 Magna
1114 1879 1186 1910 laus
1207 1882 1243 1909 et
1269 1876 1445 1917 ingeniosa
1468 1874 1671 1914 Domitiani,

964 1928 1080 1960 dicere
1094 1929 1288 1960 Minervam
1300 1925 1527 1968 gratissimum
1543 1924 1671 1956 habere

963 1979 1114 2011 sinistrae
1146 1980 1218 2021 ejus
1253 1977 1416 2014 insidere,
1446 1985 1510 2007 nec
1541 1974 1670 2006 ducere

967 2029 1033 2061 sibi
1049 2029 1248 2071 optabilius,
1265 2028 1293 2060 si
1317 2032 1418 2070 pater
1439 2026 1512 2068 ipse
1530 2026 1673 2067 Jupiter

967 2090 1042 2111 eam
1059 2084 1208 2112 teneret.

1010 2133 1052 2162 40
1075 2131 1145 2163 Nec
1165 2130 1193 2161 si
1217 2129 1293 2171 [sic]
1320 2131 1424 2170 pater,
1447 2128 1514 2169 ipse
1537 2125 1674 2168 teneres]

968 2182 1088 2213 Mens:
1113 2182 1164 2213 Tu
1190 2181 1332 2222 Jupiter
1349 2181 1421 2221 ipse
1445 2182 1547 2219 pater
1573 2179 1675 2219 Deae,

968 2242 1033 2263 nou
1058 2237 1151 2263 tanta
1174 2232 1280 2273 ipsius
1299 2231 1489 2272 voluptate,
1503 2238 1578 2261 eam
1605 2227 1674 2260 fer-

967 2291 1034 2322 res,
1049 2289 1196 2313 teneres.
1232 2280 1378 2315 Quidam
1393 2278 1530 2311 codices
1545 2277 1674 2310 habent

966 2334 1006 2372 si,
1020 2342 1087 2374 quo
1104 2337 1241 2364 retento
1255 2332 1323 2362 erit
1336 2338 1451 2360 sensus
1464 2339 1472 2359 z
1499 2327 1575 2359 Nec
1599 2327 1674 2359 dui-

967 2382 1041 2413 cior
1071 2391 1214 2424 unquam
1242 2380 1342 2411 sedes
1368 2379 1456 2410 Deae
1485 2378 1577 2409 tecta
1606 2381 1673 2418 est,

967 2441 1032 2463 nec
1057 2433 1240 2472 legeretur,
1254 2430 1282 2461 si
1305 2430 1379 2470 ipse
1402 2432 1502 2470 pater
1524 2437 1599 2459 eam
1621 2431 1674 2459 te-

968 2491 1092 2521 ueres;
1115 2491 1194 2512 cum
1224 2478 1433 2521 apostrophe
1462 2478 1504 2510 ad
1536 2478 1674 2511 Jovem.

969 2531 1157 2564 Gronovius.

1009 2585 1049 2614 41
1076 2579 1227 2621 Pectora]
1248 2579 1425 2612 Gronovio
1446 2577 1596 2609 debetur
1622 2586 1675 2609 re·

969 2633 1104 2666 stitutio
1119 2633 1216 2673 hujus
1230 2630 1312 2669 ioci,
1329 2629 1385 2671 qui
1404 2629 1599 2660 intellectus
1615 2637 1675 2660 au·

970 2689 1027 2717 tea
1050 2693 1116 2715 non
1132 2681 1259 2714 fuerat.
1302 2680 1344 2711 In
1369 2679 1433 2710 hoc
1455 2678 1545 2710 enim
1567 2678 1675 2710 inter-

970 2740 1088 2776 pretes
1110 2731 1249 2773 decepti
1265 2734 1356 2770 suut,
1377 2728 1468 2771 quod
1494 2737 1563 2759 non
1580 2728 1674 2761 vide·

971 2791 1052 2818 runt
1079 2781 1319 2826 apponendam
1347 2789 1422 2812 esse
1449 2779 1675 2813 distinctionis
