1800 3060
248 215 307 257 40
671 226 949 259 ΑυοΤοΒυΜ
983 227 1292 260 'resrlmomA

375 332 550 375 Marius
592 332 874 374 Salomonius
915 331 1184 385 Alberticus,
1219 334 1292 377 Jc.
1344 334 1588 380 Comment.

686 401 743 442 ad
773 401 880 455 Leg.
903 400 1078 453 Gallus,
1094 415 1198 457 pag.
1220 403 1263 445 9.

307 500 480 543 Statius
497 499 708 543 Caecilius
725 501 947 554 Comicus,
962 507 1008 545 et
1029 502 1202 545 Statius
1223 503 1445 559 Papinius
1465 505 1704 557 HeroicuS‚

249 568 406 611 Poetae
429 570 623 611 celebres
642 570 831 612 fuerunt.

335 669 366 712 J
369 670 541 712 acobus
561 669 806 722 Pontanus,
828 668 962 712 Attio.
982 670 1148 714 Bellar.
1171 671 1295 714 Part.
1319 684 1373 714 11.
1394 686 1496 728 pag.
1517 673 1618 717 337.

304 742 411 798 Cui,
433 760 606 802 quaeso,
632 748 820 800 Statius,
852 749 1055 791 sublimis
1085 749 1162 791 ille
1184 753 1226 792 et
1260 751 1407 793 celsus
1428 751 1577 795 Poeta
1596 752 1704 808 Lip-

248 816 333 866 sio,
368 820 413 857 et
442 829 536 870 prae
570 817 773 859 omnibus
818 818 1037 859 veteribus
1072 830 1127 859 ac
1161 819 1407 861 recentibus
1439 818 1703 874 Virgilianae

245 884 471 938 majestati
490 885 673 938 propior
692 885 934 938 Scaligero,
957 897 1037 926 cur
1057 883 1346 938 Claudianus,
1366 891 1459 928 tam
1490 886 1702 929 rotundus

247 954 291 992 et
311 957 525 994 venustus
546 951 705 1003 Poeta,
736 953 1011 1006 diligentium
1041 956 1084 994 et
1112 953 1225 995 bene
1253 954 1529 997 literatorum
1560 955 1703 996 Inter-

247 1022 422 1071 pretum
452 1021 551 1061 luce
581 1020 794 1071 destituti,
825 1020 872 1061 in
901 1020 1093 1062 tenebris
1123 1020 1294 1062 tamdiu
1325 1021 1488 1063 deserti
1511 1020 1702 1075 jacent?

247 1085 418 1128 Gratiae
450 1087 729 1129 debebantur
757 1100 928 1141 magnae
965 1087 1103 1129 Scoto
1137 1087 1329 1139 cuidam,
1359 1092 1404 1130 et
1432 1088 1561 1130 alteri
1592 1088 1702 1130 His-

245 1165 378 1206 pano,
398 1159 440 1197 et
459 1156 591 1198 tertio
610 1155 851 1206 Germano,
870 1155 909 1197 si
937 1156 1224 1210 praestiterint
1242 1155 1365 1211 quod
1384 1156 1700 1211 promiserunt.

247 1220 552 1265 Promiserunt
600 1226 746 1265 autem
786 1236 937 1264 omnes
974 1223 1020 1264 in
1059 1226 1292 1278 utrumque
1331 1223 1697 1266 Commentarios.

246 1287 385 1340 Quod
407 1291 534 1332 Deus
551 1289 657 1345 opt.
681 1291 808 1333 Max.
828 1292 937 1333 bene
958 1291 1161 1333 fortunet.

244 1387 379 1444 Casp.
420 1389 652 1433 Cunradus
696 1390 1096 1446 Prosopographiae
1138 1389 1315 1434 Melicae
1352 1389 1603 1434 Millenario
1641 1402 1695 1433 11.

859 1472 960 1513 pag.
981 1459 1081 1501 185.

490 1537 718 1580 Punmus
740 1538 960 1580 STA'rws
982 1537 1249 1590 PAPmms,
1271 1548 1448 1580 POETA.

329 1602 570 1649 Proximus
589 1618 636 1648 es
653 1619 842 1658 summo,
864 1605 1031 1648 Vatum
1050 1605 1138 1647 nisi
1160 1618 1359 1648 summus
1379 1605 1579 1648 haberis:

383 1671 598 1728 Virgilius
618 1674 812 1729 praeeat!
843 1678 887 1716 te
908 1675 984 1716 via
1004 1686 1119 1727 pone
1139 1677 1271 1715 tenet.

384 1774 571 1817 Samuel
593 1775 866 1827 Dresemius,
888 1775 944 1818 ad
967 1775 1046 1816 lib.
1068 1786 1113 1816 V.
1135 1773 1166 1816 J
1169 1773 1327 1829 osephi
1350 1773 1557 1815 Devonii.

298 1853 546 1909 Papinius:
578 1858 592 1877 ‘
613 1854 791 1898 Fortius
819 1856 1047 1899 incursant
1075 1853 1227 1910 Tyrii?
1286 1852 1418 1895 Unde
1434 1852 1574 1894 Silius
1589 1851 1700 1893 affir-

240 1922 383 1964 mavit
400 1935 462 1974 se,
483 1936 581 1965 cum
602 1924 678 1965 lib.
698 1935 783 1965 xv.
824 1927 838 1946 ‘
856 1923 1023 1966 Acrius
1042 1923 1130 1965 hoc
1150 1921 1314 1965 Italum
1334 1921 1477 1975 pubes
1494 1909 1700 1962 incurrit.’

243 1989 307 2031 Ut
321 1990 462 2032 multa
475 1991 566 2033 alia
585 2004 642 2032 ex
662 1991 742 2033 illo
757 1991 959 2042 deducta,
974 1991 1136 2045 quibus
1154 1990 1392 2032 aestimium
1411 1988 1556 2042 magni
1575 1986 1697 2028 illius

245 2056 405 2100 Poetae
426 2063 625 2112 augetur,
656 2060 783 2115 cujus
813 2072 971 2101 nomen
999 2070 1279 2112 nequaquam
1309 2060 1404 2097 tam
1432 2055 1604 2097 frivolis
1632 2067 1698 2095 re-

240 2125 448 2168 cessibus
479 2127 709 2169 obscurari
740 2127 907 2179 debuit,
928 2141 1028 2170 cum
1052 2131 1098 2168 et
1117 2125 1202 2168 Vir
1222 2125 1398 2175 doctus,
1417 2126 1461 2166 et
1482 2121 1698 2165 Consula-

238 2192 314 2243 ris,
345 2196 391 2234 et
425 2194 685 2249 aliquandiu
719 2194 831 2238 sorte
851 2193 1076 2251 σῦγχρονος,
1098 2193 1208 2236 tanti
1227 2195 1330 2247 post
1347 2191 1530 2233 unicum
1548 2188 1698 2244 Virgi-

243 2260 352 2302 lium
371 2261 497 2303 illum
516 2262 682 2304 fecerit.

898 2333 1040 2377 Idem.

299 2410 492 2454 Maximi
513 2412 687 2465 Poetae,
708 2413 947 2465 Homerus,
968 2412 1201 2466 VirgiliuS,
1221 2410 1407 2453 Statius.

349 2510 405 2553 L.
425 2509 660 2554 Vitruvius
682 2511 896 2564 Roscius,
915 2512 972 2554 de
994 2511 1186 2554 Ratione
1208 2510 1427 2562 Docendi,
1447 2524 1492 2566 p.
1512 2512 1586 2553 77.

296 2600 411 2643 Post
439 2600 674 2655 Virgilium
704 2603 836 2646 Statii
866 2602 1046 2657 Papinii
1071 2601 1266 2644 Thebais
1291 2602 1453 2656 optime
1473 2601 1692 2654 relinque-

239 2673 325 2709 tur.
384 2667 505 2710 Nam
536 2682 637 2712 cum
657 2670 714 2712 ad
734 2670 860 2713 illius
879 2670 1169 2713 imitationem
1190 2669 1440 2724 composita
1460 2669 1533 2720 sit,
1554 2667 1694 2710 minor

239 2735 324 2778 erit
343 2735 470 2778 labor
486 2736 533 2778 in
555 2735 782 2780 discendo.
