1800 3060
196 189 283 230 144
699 195 740 225 P.
773 193 963 225 PAPlNu
997 192 1162 225 s‘rA'ru

201 297 344 350 Inque
364 293 508 335 sinum
528 304 627 345 quae
649 304 770 344 saepe
787 294 908 332 tuum
927 289 1026 331 fora
1047 288 1226 331 turbida
1247 292 1449 343 questum
1603 287 1660 329 10

201 362 480 415 Confugiunt,
502 360 635 412 leges,
657 359 875 411 urbesque
896 357 1167 410 ubicumque
1181 359 1363 409 togatae,

202 429 318 481 Quae
341 433 415 469 tua
433 426 686 480 longinquis
707 426 947 480 implorant
959 425 1064 478 jura
1086 423 1289 478 querelis,

202 499 378 540 Certent
396 495 555 537 laetitia
571 508 583 546 3
613 506 839 547 nosseque
858 506 915 534 ex
933 492 1086 533 ordine
1109 491 1239 533 collis

203 564 474 613 Confremat‚
495 566 542 603 et
562 561 723 602 sileant
742 559 910 614 pejoris
929 571 1153 600 murmura
1171 558 1300 600 samae
1317 571 1328 601 :

203 632 387 686 Quippe
406 634 572 679 manet,
588 629 858 682 longumque
884 639 983 669 aevo
1005 625 1214 667 redeunte
1234 625 1438 677 manebit,

204 699 352 750 Quem
373 709 512 752 penes
531 695 764 750 intrepidae
784 695 907 736 mitis
928 694 1135 737 custodia
1152 693 1331 737 Romae.

1604 626 1661 668 15

203 842 389 883 confugiunt
404 843 445 874 ad
460 845 504 882 te,
514 845 546 874 et
559 841 742 881 municipia,
751 844 782 872 et
795 840 909 881 oppida
922 839 1031 881 ubique
1045 843 1166 882 togata,
1180 850 1247 881 quoe
1261 850 1278 872 e
1292 840 1460 882 long-inquo
1474 838 1601 871 veniunt
1614 839 1665 873 in->

204 890 353 918 vocatura
367 885 632 925 tuamfflstitiam,
645 885 833 916 contendant
852 883 982 923 gaudio.
1018 883 1143 915 Deinde
1156 893 1242 915 mons
1255 886 1359 915 noster
1370 886 1564 920 consonet,e1
1581 890 1664 914 mur-

204 937 294 962 mura
301 928 442 968 funestae
458 929 562 968 famoe
574 927 700 960 sileant.
744 926 804 959 111e
818 927 900 958 enim
911 926 992 958 vivit
1006 929 1037 958 et
1051 926 1142 967 longe
1154 926 1238 959 vivet
1251 926 1343 958 annis
1354 925 1564 967 redeuntibus,
1578 933 1666 966 quem

814 1040 1056 1054 eeeeeeeeeeee

208 1133 320 1167 Colin.
338 1133 468 1176 Gryph.
485 1134 550 1165 &c-
570 1132 615 1164 Es
628 1132 715 1171 coelo,
730 1130 797 1163 Dis
809 1140 853 1167 es,
875 1134 914 1162 nt
928 1130 1079 1163 correxit
1094 1129 1390 1163 ealdwinus—io
1411 1130 1556 1163 Venett.
1577 1133 1609 1163 1.
1633 1135 1667 1164 2.

207 1180 241 1210 3.
255 1179 289 1209 4.
306 1177 405 1209 Rom.
421 1176 538 1208 Parm.
553 1175 800 1207 Brix.Vicent.
814 1173 920 1205 Aldd.
938 1174 1050 1205 Colin.
1066 1173 1201 1215 Gryph.
1215 1173 1320 1205 Basil.
1332 1175 1397 1206 dcc.
1412 1177 1519 1215 questu
1528 1183 1541 1210 ‚·
1563 1174 1668 1206 lectio

207 1224 346 1262 questum
360 1223 414 1251 est
430 1228 474 1250 ex
489 1218 691 1259 conjectura
705 1216 1002 1249 Marklandi.—11
1026 1215 1131 1248 Aldd.
1146 1216 1258 1248 Colin.
1273 1215 1406 1257 Grypb.
1434 1216 1539 1248 Basil.
1562 1217 1669 1249 Bern.

208 1263 368 1295 Grasser.
385 1262 530 1294 Gevart.
546 1261 612 1294 Til.
628 1261 729 1293 Cruc.
745 1260 898 1292 Gronov.
914 1259 1032 1291 Barth.
1047 1259 1157 1291 Veen.
1173 1259 1303 1299 Delph.
1318 1263 1356 1291 et
1382 1258 1510 1292 Markl.
1527 1260 1671 1301 legesque

208 1306 378 1346 urbesque,·
399 1309 620 1336 mutaverunt
637 1303 723 1335 Edd.
737 1302 930 1344 Bipontini‚
943 1302 1042 1343 jussu
1058 1301 1257 1333 Marklandi
1271 1301 1306 1332 in
1321 1301 1412 1332 curis
1434 1301 1613 1341 secundis;
1636 1307 1671 1334 et

190 1348 258 1380 'ita
280 1352 376 1380 certe
400 1348 435 1378 in
450 1347 578 1379 Venet.
605 1349 636 1377 1.
659 1346 774 1378 Parm.
800 1349 837 1376 et
864 1344 1051 1377 Rom.—13
1074 1345 1203 1376 Venet.
1229 1347 1261 1376 1.
1287 1353 1342 1375 nos
1367 1347 1455 1384 teque
1477 1354 1519 1376 ea·
1542 1345 1673 1382 ordinm

208 1391 327 1423 Parm.
343 1395 380 1422 et
394 1389 495 1422 codd.
510 1389 735 1429 manuscripti
755 1399 764 1419 ε
787 1396 932 1428 nosseque
947 1397 988 1419 ex
1002 1387 1111 1418 ordine
1121 1397 1132 1424 ‚·
1155 1387 1256 1419 Rom.
1272 1389 1305 1418 1.
1326 1389 1359 1418 2.
1387 1391 1512 1418 ceterae
1528 1386 1669 1419 Venett.

195 1433 316 1467 ,Aldd.
332 1436 365 1466 l.
380 1436 413 1466 2.
437 1432 547 1465 Colin.
574 1432 710 1475 Gryph.
738 1433 770 1463 1.
794 1433 827 1463 2.
852 1430 960 1462 Basil.
985 1432 1018 1463 1.
1045 1432 1078 1462 2.
1103 1430 1209 1462 Bern.
1235 1431 1303 1461 &c.
1327 1438 1473 1471 nosseque
1497 1430 1673 1462 revocavit

866 1535 1014 1569 NOTAE

208 1640 330 1664 norum
347 1633 422 1663 tota
444 1629 629 1662 castrensis
655 1628 751 1670 signa
773 1636 915 1660 venera·

209 1686 279 1719 tur,
294 1680 392 1722 signa
409 1680 522 1722 jurat,
545 1680 703 1712 omnibus
727 1679 806 1711 Diis
825 1688 915 1720 prae-

210 1729 334 1773 ponit!

255 1783 298 1812 10
321 1780 407 1812 Fora
420 1778 564 1820 turbida]
601 1778 644 1811 Id
669 1782 736 1819 est,
761 1777 913 1819 litigato-

210 1839 278 1864 res.

256 1883 298 1913 11
321 1878 438 1920 Leges]
460 1879 532 1911 Per
546 1879 642 1919 leges,
665 1877 851 1919 municipia
865 1878 915 1909 in-

211 1931 353 1972 telligit,
369 1940 444 1972 quae
467 1930 538 1961 suis
564 1929 696 1970 legibus
718 1928 916 1960 utebantur.

217 1984 375 2024 Urbesque
390 1981 524 2022 togatae]
553 1981 656 2013 Urbes
678 1983 807 2021 togatoe,
825 1980 917 2011 colo-

214 2034 283 2066 niae
310 2037 391 2065 sunt
418 2033 597 2073 Romanae,
613 2036 674 2064 aut
687 2033 754 2064 alia
778 2031 918 2072 oppida,

213 2094 290 2126 quae
307 2083 368 2125 jus
395 2082 547 2114 civitatis
571 2082 737 2114 Romanae
763 2080 918 2113 obtinue-

213 2138 306 2175 rant,
322 2133 478 2176 quamvis
500 2133 575 2174 jam
591 2132 650 2164 diu
665 2135 740 2164 tota
751 2131 859 2163 Italia
873 2130 922 2163 ci·

214 2186 326 2217 vitate
339 2185 494 2216 Romana
509 2183 674 2215 decorata
688 2181 815 2214 fuerat.

260 2238 302 2267 12
324 2233 538 2275 Longinquis]
559 2233 649 2265 Nam
665 2231 825 2274 usquead
842 2241 923 2264 cen-

213 2285 376 2318 tesimum
391 2285 540 2326 lapidem
551 2283 754 2325 jurisdictio
770 2282 924 2315 Praefec-

215 2335 244 2367 ti
259 2335 336 2367 urbi
352 2333 616 2367 extendebatur.
653 2333 756 2364 Ultra
771 2331 923 2365 Praefec-

217 2390 273 2418 tus
296 2385 490 2425 Praetori03
513 2389 553 2416 ut
579 2387 675 2416 notat
698 2383 866 2425 Ulpianus
889 2383 924 2415 in

217 2436 422 2478 fragmentis
449 2435 637 2468 Pithaeanis
662 2434 706 2466 de
736 2434 922 2476 Plagiariis

217 2487 278 2519 lib.
296 2495 352 2518 lx·
375 2491 413 2518 et
425 2486 468 2518 de
489 2485 616 2519 Officio
642 2484 812 2518 Praefecti
828 2485 922 2517 urbis

218 2537 282 2569 lib.
306 2545 334 2568 1.
378 2536 450 2568 Dio
474 2540 588 2568 tamen
615 2536 677 2568 lib.
694 2544 759 2568 ιιι.
794 2535 853 2568 ubi
880 2535 923 2567 de

220 2585 398 2619 Praefecto
421 2586 516 2618 urbis
539 2586 623 2628 agit,
642 2586 923 2628 jurisdictionem

221 2638 297 2679 ejus
312 2637 492 2678 angustius
505 2637 690 2669 terminat:
709 2637 790 2678 Ἔξω
802 2638 860 2675 τῆς
871 2635 926 2668 πό·

222 2694 302 2720 hem·
334 2687 428 2730 μεχρὶ
459 2687 654 2726 πεντήκοντα
679 2687 733 2720 καὶ
761 2686 926 2728 ἑξακοσίων

227 2737 372 2780 σταδίων,
393 2739 487 2772 Ultra
501 2738 606 2771 urbem
620 2748 715 2779 usque
728 2740 769 2771 acl
779 2741 924 2772 sexcem

969 1630 1001 1660 et
1015 1627 1235 1670 quinquagena
1247 1627 1363 1660 wadia.
1406 1627 1485 1660 Nisi
1508 1627 1543 1660 in
1558 1627 1672 1659 Dione

969 1678 1229 1710 rescribendum
1245 1679 1300 1721 sit,
1315 1677 1519 1720 ἑπτακοσίων,
1531 1687 1593 1710 seu
1604 1687 1674 1720 sep-

967 1728 1192 1768 tingentomm.

1012 1780 1053 1809 13
1089 1779 1250 1819 Nosseque
1271 1777 1465 1819 [nosterque]
1487 1776 1591 1817 collis]
1613 1777 1672 1809 In-

969 1833 1117 1869 certum,
1126 1838 1170 1860 au
1182 1829 1390 1860 Parnassum
1399 1827 1585 1869 intelligat,
1593 1827 1675 1869 quia

970 1878 1124 1912 Gallicus
1139 1878 1250 1911 Poeta
1269 1882 1357 1919 erat,
1378 1887 1422 1910 an
1441 1882 1593 1909 montem
1617 1877 1676 1908 ali·

971 1938 1073 1971 quem
1088 1928 1193 1969 urbis,
1215 1929 1251 1960 in
1267 1938 1336 1971 quo
1351 1929 1451 1961 simul
1467 1927 1615 1961 Rutilius
1637 1931 1676 1959 et

971 1979 1142 2020 Papinius
1156 1977 1371 2012 habitabant.

1015 2032 1058 2062 14
1080 2029 1206 2062 Sileant
1235 2029 1351 2071 moria
1377 2038 1539 2062 murmura
1557 2029 1676 2070 fame]

973 2079 1126 2120 Scilicet,
1142 2089 1219 2121 quae
1245 2083 1322 2112 erat
1345 2079 1517 2112 Gallicum
1536 2080 1678 2111 moritu-

977 2140 1063 2163 rum.

1021 2183 1062 2212 15
1085 2181 1167 2212 AEvo
1181 2179 1343 2220 redeunte]
1363 2179 1453 2214 ,Quia
1464 2178 1587 2211 fortior
1599 2188 1679 2211 eva-

977 2235 1075 2263 serat
1105 2234 1185 2272 post
1218 2230 1416 2271 sanitatem,
1446 2239 1548 2272 quam
1578 2235 1680 2261 antea

978 2285 1068 2322 erat,
1083 2286 1121 2313 et
1134 2281 1232 2323 quasi
1247 2290 1372 2313 novum
1390 2290 1500 2313 aevum
1524 2280 1679 2321 auspica-

977 2333 1081 2366 batur
1096 2332 1258 2364 Rutilius.
1292 2332 1405 2374 Supra
1419 2331 1528 2363 enim:
1546 2331 1556 2349 ‘
1571 2331 1679 2362 Dam-

979 2393 1133 2426 nosaque
1157 2383 1215 2415 fila
1242 2387 1393 2416 senectae
1420 2383 1541 2423 Exuit,
1575 2385 1680 2425 atque

977 2435 1059 2467 alios
1082 2433 1201 2465 melior
1217 2433 1399 2466 revirescit
1412 2433 1447 2465 in
1462 2432 1593 2466 annos!

1029 2487 1071 2517 16
1095 2484 1271 2525 Intrepidoe
1302 2483 1425 2525 Rome]
1460 2483 1555 2515 Vera
1582 2483 1680 2525 hujus

979 2534 1073 2567 urbis
1099 2534 1185 2566 laus.
1230 2534 1438 2566 Claudianus
1458 2533 1547 2566 Pan.
1577 2533 1682 2566 tertio

979 2585 1015 2617 in
1029 2584 1255 2617 Stilichonem
1272 2584 1316 2616 de
1329 2584 1454 2616 Roma:
1478 2584 1682 2625 ‘Nunquam

979 2635 1162 2668 succubuit
1173 2635 1354 2675 damnis,et
1365 2634 1486 2667 territa
1497 2634 1590 2666 nullo
1598 2633 1684 2665 Vul-

963 2694 1080 2730 ,neren
1101 2688 1182 2728 ‘post
1208 2685 1346 2718 Cannas
1371 2684 1602 2727 Trebiamque
1629 2693 1682 2716 re-

976 2732 1087 2770 vixit?
