1800 3060
230 196 317 240 418
730 210 770 240 P.
804 210 998 242 ΡΑΡιΝιι
1031 211 1197 247 svm-11

345 305 403 347 Et
424 304 597 347 Censor
616 305 825 360 prohibet
842 319 990 349 mares
1013 308 1194 351 adultos

343 374 550 415 Pulchrae
570 374 846 428 supplicium
866 376 1021 417 timere
1041 376 1221 420 formae:

343 441 435 492 Qui
454 441 599 483 reddit
620 441 844 496 Capitolio
865 443 1119 485 Tonantem
1138 458 1149 496 ;

342 509 403 550 Et
422 509 590 551 Pacem
611 511 792 564 propria
812 510 946 552 domo
967 512 1173 565 reponit;

342 576 433 628 Qui
454 578 575 631 genti
597 579 757 632 patriae
777 579 928 620 futura
949 592 1126 634 semper

344 645 502 687 Sancit
521 646 692 697 limina,
712 646 1008 701 Flaviumque
1031 648 1223 702 coelum3

342 712 452 764 Hic,
474 726 603 755 coeno
623 714 778 756 bibulo
798 714 918 756 viam
939 720 1166 769 gravante,

342 781 403 823 Et
423 782 597 836 campis
619 783 704 824 iter
726 796 855 825 amne
877 783 1118 836 detinente,

1643 382 1699 423 15

1638 722 1696 764 20

222 903 286 943 bet,
302 913 340 935 ne
360 913 461 935 mares
483 903 586 936 adulti
601 907 739 936 metuant
763 904 866 936 secari
890 906 927 937 ob
941 905 1090 938 eximiam
1102 906 1263 945 somnam:
1294 907 1349 949 qui
1362 908 1505 945 restituit
1532 909 1692 951 Capitolio

220 946 344 986 Jovem,
361 950 392 978 et
408 948 524 980 Pacem
537 947 663 988 propria
675 949 746 979 sede
767 949 913 981 donavit.-
937 950 991 989 qui
1008 950 1127 981 dicauit
1141 953 1259 982 aeterna
1274 952 1387 992 templa
1406 952 1498 991 genti
1509 954 1638 993 patrie,
1660 956 1692 984 et

223 989 370 1022 Flauiam
388 991 568 1032 oedem,il1e
582 991 663 1023 tollit
680 992 788 1032 longos
811 992 972 1033 circuitus,
995 993 1050 1033 qui
1065 993 1242 1033 gravabant
1263 993 1347 1026 viam
1367 995 1523 1036 publicam
1538 1006 1637 1037 coeno,
1658 999 1691 1027 et

838 1092 1077 1105 ‘mmm

223 1158 398 1198 Campanos
413 1157 526 1198 quatit.
570 1157 693 1189 Lectio
718 1161 837 1188 nostra
863 1155 1010 1187 debetur
1032 1157 1340 1191 Marklando.—l9
1362 1159 1493 1192 Omnes
1517 1159 1592 1193 fere
1608 1161 1691 1194 edd.

220 1201 406 1232 exhibent:
432 1201 637 1241 Flaviumque
657 1201 787 1232 culmen.
834 1200 1026 1231 Domitiani
1049 1201 1149 1232 codd.
1179 1202 1371 1234 habebant:
1397 1204 1604 1244 Flaviumque
1625 1205 1687 1236 cal-

219 1254 304 1283 vum,
329 1249 366 1276 et
390 1244 440 1275 sic
457 1244 563 1275 etiam
587 1244 703 1275 Parni.
728 1248 766 1275 et
792 1243 893 1274 Rom.
942 1243 1144 1284 Flaviumque
1169 1246 1278 1277 coelum
1302 1250 1358 1278 est
1377 1256 1421 1278 ex
1447 1248 1690 1279 emendatione

218 1286 530 1318 Marklandi.—20.
557 1289 598 1318 21
623 1287 691 1318 Hic
718 1286 817 1318 scenis
839 1286 944 1326 populi
966 1287 1036 1317 vias
1055 1291 1227 1325 mantes
1252 1289 1298 1320 Ee
1317 1299 1346 1322 c.
1361 1289 1385 1322 i.
1401 1299 1489 1321 omne
1512 1290 1691 1323 detinentes

220 1329 325 1362 Aldd.
340 1330 450 1362 Colin.
462 1335 498 1362 et
511 1329 644 1372 Gryph.
692 1329 864 1361 Domitius
882 1329 1060 1361 tentabat:
1083 1340 1168 1361 coeno
1182 1331 1233 1362 Ιιίο
1244 1333 1396 1372 pomaeo,-
1420 1334 1570 1365 Cruceus
1587 1345 1596 1364 ε
1619 1333 1689 1366 Hic

217 1383 302 1404 coeno
328 1373 436 1414 populi
463 1373 529 1404 vias
545 1377 698 1412 gravatas
710 1383 724 1411 ,⁴
753 1373 960 1404 Gevartius:
991 1372 1059 1404 Hic
1087 1373 1198 1405 scamis
1217 1375 1326 1415 populi
1343 1375 1415 1406 vius
1433 1379 1600 1417 gravatas,
1620 1377 1642 1408 i.
1655 1386 1688 1410 e.

212 1415 344 1458 juncis,
356 1426 374 1448 a
388 1417 517 1448 Graeco
529 1418 646 1457 χοῖνος·
662 1421 697 1448 et
713 1416 776 1447 hac
791 1425 876 1447 voce
891 1420 1036 1446 utuntur
1051 1415 1211 1457 Plautus,
1222 1417 1320 1457 Cato,
1333 1423 1370 1450 et
1383 1419 1582 1451 Columella.
1600 1419 1689 1452 Gro-

217 1459 339 1491 novius
354 1460 468 1491 Diatr.
481 1470 559 1500 cap.
572 1463 627 1491 40.
652 1460 719 1491 Hic
730 1459 831 1491 scenis
840 1458 946 1499 populi
959 1458 1027 1490 vias
1038 1462 1190 1497 gravatas
1199 1470 1212 1497 ,·
1241 1465 1278 1492 et
1290 1461 1354 1493 hoc
1370 1461 1527 1494 defendit
1545 1462 1689 1494 Elench:

217 1501 411 1534 Antidiatr.
429 1512 504 1543 cap.
521 1507 553 1535 5.
575 1503 608 1533 in
629 1503 737 1544 Reliq.
755 1511 839 1533 vero
850 1502 893 1532 ad
910 1501 1004 1542 Sylv.
1023 1511 1107 1543 quas
1123 1503 1224 1542 longo
1240 1508 1319 1544 post
1330 1509 1484 1545 tempore
1501 1504 1625 1546 edidit,
1641 1506 1691 1536 le-

217 1545 292 1584 git:
317 1546 385 1578 Hic
398 1546 493 1578 coenis
504 1546 613 1587 populi
628 1545 697 1577 vius
709 1548 871 1585 gravatas,
886 1554 927 1576 eo
944 1544 1035 1586 quod
1051 1545 1177 1578 venet.
1193 1549 1225 1578 2.
1242 1551 1280 1578 et
1303 1547 1412 1579 codex
1429 1547 1544 1580 Rhod.
1561 1548 1690 1580 habue-

218 1593 299 1620 runt
312 1589 404 1621 saevis
419 1594 456 1621 et
466 1589 561 1632 senis,
576 1589 668 1631 quod
686 1593 740 1621 est
754 1588 859 1620 etiam
876 1588 911 1619 in
925 1588 1044 1620 Parm.
1075 1587 1146 1620 Pro
1158 1593 1312 1630 gravatas
1338 1591 1461 1632 scripti
1485 1591 1588 1624 codd.
1611 1601 1689 1632 gra-

885 1693 918 1726 N
922 1693 1032 1726 OTAE

217 1768 283 1795 tur.
330 1763 459 1796 Fortem
487 1765 611 1806 sexum]
644 1765 775 1796 Mares.
833 1763 929 1795 Hinc

211 1814 316 1854 jocus
342 1813 521 1856 Apollonii
544 1815 636 1856 apud
665 1815 927 1855 Philostratum,

217 1864 335 1897 audito
347 1865 539 1897 Domitiani
549 1865 593 1898 de
605 1865 734 1898 vitibus
748 1865 926 1897 succiden-

215 1915 267 1947 dis
295 1916 432 1948 edicto:
458 1916 571 1956 ‘Hic,'
601 1916 724 1958 inquit,
761 1917 926 1957 ‘praecla-

215 1974 272 1996 rus
282 1965 492 2006 Imperator,
505 1967 564 2008 qui
578 1976 689 1998 mares
704 1966 851 1998 castrari
869 1975 925 1998 ve·

215 2015 296 2055 tuit,
312 2020 440 2047 terram
453 2018 650 2048 Eunucham
665 2015 774 2049 fecit.¹

259 2069 301 2099 14
326 2068 372 2099 Et
390 2067 508 2100 Censor
518 2068 662 2109 prohibet
673 2078 775 2100 mares
785 2068 925 2110 adultos]

215 2118 225 2136 ⁴
240 2118 394 2160 Censor,’
430 2119 480 2152 sic
510 2129 531 2150 a
562 2119 680 2151 Plinio
711 2123 854 2151 vocatur
890 2120 925 2151 in

215 2169 394 2210 Epistfflis,
422 2174 460 2202 et
490 2169 665 2202 Martialis
695 2169 740 2201 de
776 2170 899 2202 eodem
914 2181 922 2201 :

213 2221 225 2239 ‘
239 2220 372 2253 Censor
383 2221 819 2264 maxime,principumq11e
831 2223 925 2263 prin-

215 2271 322 2312 ceps.¹
368 2273 415 2305 Et
442 2273 565 2305 Dionis
594 2273 776 2315 Epitome:
803 2273 924 2305 Domi-

215 2323 329 2355 tianus
345 2328 474 2364 autem,
502 2324 649 2356 Caesaris
667 2323 848 2356 dictatoris
865 2333 923 2355 ex-

213 2375 340 2414 emplo,
363 2375 580 2406 consulatum
606 2374 642 2406 in
666 2383 772 2405 annos
792 2374 924 2415 decem,

213 2427 250 2455 et
262 2433 441 2456 censuram
459 2429 662 2466 perpetuam
678 2425 849 2456 assumsit.

259 2478 298 2507 15
316 2476 462 2507 Pulchroe
470 2477 656 2517 supplicium
670 2477 781 2508 timere
788 2475 920 2517 fomae]

213 2525 351 2557 Crimen
379 2531 455 2558 erat
495 2528 675 2568 pulchrum
709 2528 816 2568 nasci,
843 2527 922 2569 quia

211 2575 355 2609 formosi
368 2577 466 2619 pueri
486 2582 568 2610 ante
585 2577 670 2610 illud
685 2578 836 2610 edictum
852 2578 922 2609 Do-

211 2629 346 2660 mitiani
361 2628 614 2660 castrabantur.
644 2629 783 2661 Consol.
799 2628 842 2660 ad
856 2629 922 2661 Ur-

212 2689 308 2712 sum:
339 2679 489 2714 ‘Quales
519 2679 633 2711 dubiae
668 2684 746 2721 post
779 2681 921 2712 crimina

210 2729 329 2763 formae
338 2731 395 2763 De
406 2740 490 2763 sexu
502 2731 647 2763 transire
654 2730 807 2773 jubent!
827 2731 919 2763 Vide

212 2781 322 2815 Coma
333 2782 451 2815 Earini
466 2791 518 2815 vs.
533 2784 589 2814 78.

1026 1765 1068 1795 16
1093 1763 1159 1799 Qua·
1186 1764 1293 1796 reddit
1322 1764 1479 1806 Capitolio
1504 1763 1691 1804 Tonantem]

981 1814 1203 1846 Domitianus
1243 1814 1334 1846 enim
1369 1824 1495 1846 novum
1523 1815 1691 1856 templum

980 1864 1061 1896 Jovi
1090 1866 1288 1907 Capitolino
1313 1870 1501 1907 struxerat,
1524 1865 1640 1907 priore
1670 1874 1692 1896 a

981 1917 1196 1957 Vespasiano
1209 1918 1377 1958 excitato,
1390 1916 1580 1949 combusto.

1024 1969 1064 1998 1⁷
1090 1968 1136 1999 Et
1160 1968 1275 1999 Pacem
1292 1969 1423 2009 propria
1447 1969 1536 1999 domo
1549 1966 1690 2008 reponit]

979 2018 1210 2058 Vespasianus
1232 2018 1371 2060 quidem
1395 2018 1560 2060 templum
1585 2018 1690 2050 Pacis

980 2068 1188 2109 construxit,
1233 2068 1293 2100 sed
1330 2068 1556 2101 Domitianus
1601 2067 1687 2099 illud

981 2120 1091 2152 auxit.

1026 2175 1066 2203 18
1085 2171 1149 2208 Qui
1162 2171 1255 2212 genti
1266 2171 1384 2212 patrie
1398 2171 1554 2214 [Flaviae]
1566 2170 1685 2211 farm

979 2232 1100 2264 semper
1113 2222 1227 2254 Sam-it
1247 2222 1372 2262 limina,
1397 2222 1603 2264 naviumque
1626 2233 1688 2255 ατ-

979 2274 1042 2304 lum
1064 2273 1213 2315 [culmen]
1235 2273 1401 2305 Declarat
1421 2273 1487 2305 hoc
1503 2273 1548 2304 P.
1565 2273 1686 2305 Victor

979 2324 1023 2355 de
1036 2324 1232 2365 regionibus
1245 2324 1352 2364 urbis,
1363 2333 1441 2356 cnm
1454 2324 1522 2356 ait:
1534 2322 1544 2340 ‘
1555 2324 1686 2356 Malum

979 2374 1164 2415 Punicum,
1179 2375 1223 2406 ad
1249 2374 1339 2416 qnod
1355 2374 1576 2406 Domitianus
1591 2373 1686 2406 (ledi-

979 2427 1073 2458 cavit
1104 2427 1270 2468 templum
1299 2427 1467 2458 Minervae
1497 2426 1683 2465 Flavianum

976 2486 1036 2508 seu
1054 2478 1219 2518 templum
1244 2477 1357 2518 gentis
1381 2477 1533 2515 Flaviae3
1554 2481 1591 2507 et
1605 2480 1683 2507 erat

976 2528 1097 2559 domus
1113 2527 1211 2569 ejus?
1243 2529 1291 2559 Et
1305 2527 1511 2560 Suetonius:
1537 2527 1548 2544 ‘
1559 2525 1685 2566 Domo,

976 2588 1078 2620 quam
1094 2583 1215 2619 postea
1237 2578 1270 2609 iu
1295 2578 1459 2619 templum
1476 2576 1587 2618 gentis
1603 2575 1681 2608 Fla-

978 2629 1041 2661 viae
1057 2629 1256 2661 convertit.’
1672 2640 1674 2643 v

1018 2683 1061 2711 20
1084 2679 1164 2719 Hic,
1182 2689 1266 2711 coeno
1279 2677 1381 2710 bibulo
1405 2677 1491 2709 viam
1513 2680 1682 2719 maome,

974 2731 1083 2772 [coenis
1090 2730 1198 2772 populi
1209 2730 1278 2761 vias
1287 2727 1486 2770 grmntesfl
1504 2728 1549 2760 Et
1563 2728 1683 2770 campis

972 2783 1036 2814 iter
1057 2791 1144 2814 mnne
1165 2780 1335 2822 detinente,
1359 2779 1463 2822 [omne
1476 2777 1681 2820 detineam]
