1800 3060
553 206 830 239 SYLVARUM
865 205 962 236 1218.
993 204 1059 234 lv,
1090 194 1134 235 9.

291 303 546 353 Cultellum,
567 306 781 344 tenuesve
802 299 1067 342 codicillos?

293 371 484 421 Ollare3‚
503 382 628 423 rogo,
648 382 734 410 uon
754 369 925 410 licebat
943 378 1076 417 uvas,

292 438 494 481 Cumano
511 438 688 492 patinas
707 436 782 479 vel
800 436 903 477 orbe
923 437 1080 483 tortas,

292 505 391 548 Aut
409 518 541 547 unam
560 505 666 547 dare
685 502 915 558 synthesin
934 499 1059 555 (quid
1078 498 1229 540 horres
1241 499 1281 548 ’1)

293 571 510 614 Alborum
530 572 738 621 calicum,
758 574 892 624 atque
913 567 1211 610 caccaborum
1228 566 1248 606 ’1

121 722 237 752 cereos,
249 714 454 752 mutuumve,
469 722 507 744 ac
518 721 631 753 parvos
643 710 814 742 codicillos?

851 709 926 741 Nm·
947 708 1162 747 aetham-ogo

1522 565 1581 606 45

1164 700 1362 747 ,ii-ream
1384 708 1526 738 servatas
1547 705 1581 735 in

121 755 207 797 ollio,
219 757 403 798 puniatque
418 736 518 788 to’rm
527 755 561 786 in
575 755 646 786 orbe
659 755 809 794 Cumano,
818 755 874 785 ut
888 761 982 783 anum
997 750 1159 793 synhesin
1172 749 1264 792 (quid
1277 749 1384 781 horres
1391 748 1419 791 1)
1433 749 1580 780 madido·

124 939 255 971 tellus.
277 940 595 971 mmmmm—43
619 937 830 970 Heinsiusin
842 937 987 970 Advers.
1002 936 1062 968 lib·
1071 945 1122 968 lv.
1139 945 1217 976 cap.
1228 937 1261 966 9.
1274 944 1308 976 p.
1324 936 1400 966 62².
1417 943 1480 974 pro
1492 933 1581 971 vulg.

124 981 257 1022 iambe,
280 981 363 1022 legit
374 981 424 1012 vel
438 981 523 1019 orbe,
545 991 644 1022 quam
667 981 955 1021 emendationem,
979 979 1075 1020 qnasi
1095 988 1203 1016 suani,
1226 978 1260 1008 iu
1286 982 1420 1008 textum
1445 975 1584 1007 admisit

124 1023 447 1056 marmanda—4⁵
468 1003 653 1055 Salmasius
669 1023 711 1055 ad
732 1023 866 1055 Histor-
881 1023 1030 1063 August.
1044 1022 1174 1062 script.
1188 1000 1285 1052 ''rom.
1301 1029 1343 1051 ιι.

1359 1029 1393 1060 p.
1408 1021 1482 1050 773.
1498 1018 1583 1058 legit

122 1066 278 1099 ΔΙοοι-ιιιιι
290 1075 353 1108 pro
378 1066 538 1106 Alb-rum,
553 1072 590 1098 et
604 1066 670 1098 hoc
686 1066 912 1108 comprobare
930 1065 1066 1097 videtur
1085 1063 1219 1096 Gudins
1241 1062 1285 1094 ad
1302 1061 1441 1094 Phaedr.
1455 1070 1512 1092 ιιι.
1530 1063 1580 1092 13.

126 1108 289 1142 Heinsius
290 1077 443 1141 ¹'veroad
459 1108 562 1141 ovid
579 1108 653 1141 Art.
670 1108 746 1142 Am.
771 1118 829 1141 ιιι.
843 1111 917 1141 244.
933 1108 1016 1140 etin
1034 1105 1255 1139 Advers.1.1.
1269 1106 1346 1138 vult
1370 1104 1583 1136 Obba-m.-

779 1205 923 1239 NOTAE

124 1285 252 1315 cuntur
263 1281 453 1314 tamenab
469 1291 542 1313 nsu.
578 1280 748 1313 Martialis
762 1280 822 1313 lib.
874 1279 1016 1321 figulina
1042 1279 1219 1311 Cumana:
1241 1286 1318 1308 nam
1351 1275 1480 1318 patinae
1515 1275 1582 1307 Cu·

124 1340 206 1365 nv.
230 1331 298 1373 Ep.
320 1334 374 1364 42.
417 1331 428 1349 ‘
444 1331 514 1364 Hic
544 1331 607 1364 tibi
638 1336 824 1364 nocturnos

123 1381 307 1425 prmtabit
319 1391 440 1429 cerens
455 1380 575 1423 ignes!
613 1381 760 1414 Quidam
774 1387 825 1413 ta-

123 1441 204 1464 men
233 1431 372 1464 codices
394 1431 523 1464 habent
539 1435 687 1469 «reaten
706 1431 826 1474 sicque

125 1480 238 1514 dictos
262 1482 545 1524 interpretantur,
568 1482 660 1524 quia,
691 1486 730 1514 nt
750 1481 826 1523 jam

126 1531 287 1574 diximus,
304 1542 326 1564 a
349 1531 563 1563 tenuioribus
586 1531 826 1564 mittebantur.

124 1580 225 1614 Idem
239 1581 408 1614 Martialis
419 1581 480 1613 lib.
489 1589 525 1613 x.
538 1580 639 1622 Epig.
654 1583 709 1613 87.
730 1582 741 1601 ‘
753 1581 825 1613 Ab·

128 1631 176 1664 sit
190 1635 313 1665 c'ereus
327 1631 415 1663 aridi
429 1630 587 1663 clientis?

168 1683 211 1714 ⁴1
236 1681 415 1720 Catullum,
429 1685 571 1713 tenuem
584 1680 755 1722 codiciaco]
777 1681 827 1713 Hi

126 1732 233 1764 etim
258 1732 294 1763 iu
319 1731 559 1763 Saturnalibus
587 1731 826 1764 mittebantur.

129 1781 313 1824 efficium]
333 1778 376 1814 m
386 1785 452 1822 est,
463 1782 647 1823 pugillares
660 1782 718 1824 qui
735 1783 827 1815 dice-

126 1834 268 1877 bantur,
297 1835 467 1877 duplices,
495 1835 662 1876 triplices,
691 1835 827 1877 quintu-

126 1884 251 1927 plica,
275 1884 456 1924 aduobus,
479 1884 599 1926 tribus,
612 1889 650 1917 et
678 1886 827 1928 quinque

125 1933 232 1967 &nist

142 2006 146 2008 -
169 1987 214 2017 ⁴2
237 1986 362 2018 Ollaeres
383 1985 474 2027 avus]
497 1986 635 2019 Ollares
663 1995 745 2018 uvas
771 1996 828 2018 vo-

129 2040 212 2068 cant
220 2036 417 2078 Scriptores
433 2046 509 2078 quae
526 2037 560 2068 iu
577 2036 652 2068 onis
664 2036 828 2069 fictilibus

126 2085 278 2118 condite
291 2090 495 2128 perennant,
507 2092 543 2117 et
558 2086 830 2118 suntdurabiles.

126 2135 263 2168 Plinius
286 2135 396 2168 tradit
411 2136 615 2168 venuculam
637 2146 737 2168 uvam
752 2137 829 2168 ollis

127 2186 351 2228 aptissimam.
379 2186 473 2218 Hinc
489 2186 571 2218 illud
589 2187 829 2227 Horatianum,

128 2237 337 2270 ‘Venucula
364 2236 527 2269 convenit
550 2237 648 2269 ollis!
689 2236 827 2269 Ollares

127 2296 203 2320 uve
215 2295 268 2328 os,
277 2288 500 2328 stomachum,
511 2292 547 2320 et
557 2288 756 2321 aviditatem
769 2299 825 2320 ex·

125 2339 252 2380 citant,
265 2339 368 2381 paulo
384 2344 499 2371 tamen
514 2339 687 2379 graviores
707 2340 826 2371 existi-

127 2393 266 2422 mautur
279 2388 352 2421 fieri
374 2389 580 2421 vinaciornm
596 2389 715 2422 halitu.
759 2390 828 2422 Ga·

127 2441 228 2474 lenus
242 2450 301 2473 eas
316 2440 484 2480 celebrat,
495 2444 665 2481 putatque
679 2440 831 2472 saluber-

92 2507 106 2516 κ
130 2490 247 2523 rimas.
290 2491 407 2523 Docet
442 2491 633 2524 Columella
666 2491 727 2522 lib.
759 2500 831 2523 111.

132 2548 210 2582 cap.
223 2543 278 2573 43.
300 2540 583 2583 quemadmodum
608 2541 685 2572 ollae
707 2540 831 2573 fictiles

132 2591 296 2632 parandae
318 2592 401 2631 sint,
431 2591 556 2633 quibus
579 2601 655 2623 uvae
684 2592 832 2624 conditae

133 2646 328 2673 serventur.
371 2640 460 2673 Vide
474 2645 512 2673 et
522 2640 672 2673 Plinium
688 2641 747 2675 lib.
758 2651 834 2674 xxv.

133 2697 213 2731 cap.
229 2693 260 2722 l.

177 2741 220 2772 43
244 2741 381 2774 cum
404 2741 491 2784 orbe]
527 2741 571 2775 Id
596 2747 663 2784 est,
691 2742 727 2775 in
758 2746 834 2775 rota

876 1339 986 1361 manae
1014 1328 1139 1360 fictiles
1166 1327 1401 1369 praestabant3
1428 1326 1519 1368 quod
1545 1331 1584 1358 et

878 1380 1011 1412 Plinius
1027 1379 1147 1412 scribit
1168 1383 1204 1410 et
1224 1378 1396 1410 Martialis
1418 1377 1480 1410 lib.
1505 1386 1583 1410 xlv.

880 1431 947 1474 Ep.
970 1434 1044 1463 114.
1067 1431 1078 1450 ‘
1094 1430 1194 1462 Hauc
1220 1429 1286 1461 tibi
1311 1429 1465 1461 Cumano
1491 1427 1584 1459 rubi·

879 1481 1028 1513 cundam
1050 1481 1193 1522 pulvere
1219 1483 1343 1511 testam
1368 1471 1583 1520 Municipem

879 1532 972 1564 misit
986 1536 1082 1563 casta
1094 1531 1229 1573 Sibylla
1242 1529 1362 1561 suam!

922 1585 964 1614 44
987 1581 1159 1624 Synthesis
1186 1579 1279 1622 (qnid
1304 1576 1468 1620 horream
1496 1578 1583 1620 Syn-

880 1632 985 1664 thesis
1010 1630 1227 1673 significabat
1248 1633 1284 1661 et
1296 1633 1428 1661 vestem
1452 1628 1586 1669 pretio-

880 1692 967 1722 sam,
995 1687 1032 1714 et
1062 1690 1240 1713 numerum
1270 1678 1502 1720 septenarium
1538 1677 1583 1709 dc

880 1732 1034 1774 qualibet
1047 1741 1098 1770 rc,
1112 1735 1151 1762 ut
1172 1730 1228 1762 bic
1248 1729 1413 1769 videmus,
1427 1732 1465 1759 et
1489 1728 1585 1760 colli-

881 1783 972 1824 gitur
1007 1792 1051 1814 ex
1081 1779 1239 1813 Martiali
1270 1779 1330 1810 lib.
1355 1787 1407 1810 tv.
1434 1778 1500 1819 Bp.
1528 1780 1584 1809 46.

878 1834 888 1851 ‘
903 1832 1108 1874 Septenaria
1115 1829 1286 1872 synthesis
1296 1827 1466 1870 Sagunti?
1496 1828 1586 1860 Quia

880 1893 925 1914 ex
940 1882 1132 1923 Saguntina
1146 1879 1270 1920 argilla
1295 1878 1425 1910 fiebant
1447 1879 1583 1919 pocula.

882 1933 1008 1975 Itaque
1039 1931 1151 1964 Poe’ta
1178 1931 1269 1962 ludit
1292 1930 1329 1961 in
1358 1930 1584 1970 ambiguitate

881 1984 980 2025 liujus
1021 1982 1115 2014 vocis
1152 1981 1352 2022 Syutliesis3
1389 1989 1468 2012 nam
1506 1990 1583 2013 curn

880 2034 1066 2076 Synthesin
1089 2032 1256 2073 petiisset,
1273 2031 1404 2062 veritus
1429 2040 1474 2062 ne
1495 2030 1585 2071 Gry-

883 2085 969 2125 phus
992 2082 1228 2114 offenderetur
1251 2080 1487 2122 magnitudine
1511 2090 1585 2111 mn-

882 2134 986 2175 neris,
1008 2138 1139 2166 vestem
1154 2132 1364 2172 intelligens,
1379 2130 1498 2162 statim
1525 2131 1586 2162 ad·

883 2185 945 2227 dit,
957 2185 1031 2226 quid
1042 2181 1172 2215 horres?
1188 2182 1282 2224 quasi
1296 2181 1398 2221 dicat,
1413 2182 1491 2213 Non
1503 2186 1586 2222 peto

881 2236 1056 2278 synthesin
1071 2239 1214 2272 vestem,
1233 2233 1292 2263 sed
1311 2233 1487 2273 synthesiu
1504 2233 1586 2264 cali-

881 2297 957 2319 cum
970 2297 1008 2318 ac
1018 2285 1258 2318 caccaborum.
1281 2283 1376 2315 Hinc
1387 2288 1484 2324 patet
1498 2284 1586 2326 Syn·

881 2338 992 2370 thesin
1023 2345 1091 2368 non
1117 2345 1221 2366 unnm
1243 2344 1303 2365 vas
1323 2333 1443 2380 fictile,
1467 2339 1507 2366 ut
1533 2335 1585 2367 ait

883 2387 1069 2426 Domitius,
1082 2385 1143 2417 sed
1162 2385 1259 2426 plura
1273 2381 1480 2425 siguificare.

925 2441 967 2470 45
990 2437 1140 2469 Alborum
1162 2435 1303 2473 calicum,
1324 2438 1418 2476 aeque
1445 2435 1588 2467 caccabo-

883 2488 967 2529 mn]
989 2488 1201 2519 Mentionem
1217 2490 1254 2517 et
1267 2483 1354 2516 facit
1371 2485 1491 2517 horum
1513 2496 1586 2518 mu-

884 2549 1003 2571 nerum
1021 2537 1190 2570 Martialis
1210 2536 1328 2578 Epigr.
1350 2546 1454 2577 supra
1479 2537 1587 2569 citato

885 2591 927 2622 ad
954 2590 1135 2622 Umbrum.
1176 2588 1223 2620 Et
1244 2587 1304 2620 lib.
1329 2597 1406 2620 x1v.
1428 2588 1493 2628 Ep.
1511 2591 1588 2620 108.

885 2647 922 2674 et
936 2644 1012 2674 115.
1047 2638 1215 2679 Albam]
1234 2638 1276 2670 Id
1293 2643 1359 2678 est,
1371 2638 1426 2669 vel
1443 2638 1587 2678 pelluci-

885 2692 1018 2732 dorum,
1032 2691 1089 2723 vel
1111 2690 1227 2722 vilium
1242 2699 1283 2720 ac
1298 2688 1515 2730 simplicium,
1540 2688 1585 2720 ad

885 2741 1139 2775 extenuandum
1153 2740 1314 2783 pretium.
