1800 3060
231 196 320 240 382

740 210 780 239 Ρ.
812 209 1005 240 ΡΑΡΙΝΙΙ
1039 208 1204 241 STA'rn

233 306 326 348 Sed
346 305 563 360 probitas,
584 307 626 346 et
647 317 796 359 opaca
818 306 960 360 quies,
980 309 1026 348 et
1046 305 1227 349 sordida
1246 320 1471 362 nunquam

234 373 429 416 Gaudia.

489 372 621 425 Quas
644 378 793 415 autem
815 374 1022 416 comitem
1042 379 1088 416 te
1108 380 1238 430 rapto
1255 389 1335 430 per
1354 376 1530 419 undas?

237 441 523 495 Quanquam,
545 446 590 484 et
610 442 650 483 si
668 442 835 496 gelidas
856 442 963 484 irem
985 456 1219 484 mansurus
1239 444 1298 486 ad
1318 443 1500 497 Arctos,

237 509 326 550 Vel
345 522 479 564 super
500 509 736 564 Hesperiae
754 510 872 552 vada
893 510 1136 564 caligantia
1155 511 1342 563 Thules,

1643 514 1701 556 20

239 577 332 619 Aut
352 578 689 632 septemgemini
710 582 848 633 caput
867 578 985 620 haud
1002 579 1280 633 penetrabile
1302 579 1418 633 Nili,

239 645 286 688 H
291 651 486 688 ortarere
508 646 620 689 vias.

682 646 862 690 Etenim
883 651 977 699 tua,
996 651 1173 703 (nempe
1194 649 1387 703 benigna

242 763 324 795 bitus
355 766 385 794 et
416 764 500 804 quies
521 763 659 804 obscura,
682 768 712 796 et
735 774 891 806 nunquam
912 765 1033 805 plebeia
1059 766 1190 806 gaudia.
1239 767 1315 799 Non
1338 767 1419 807 dico,
1440 777 1496 808 per
1521 768 1601 808 quod
1623 776 1709 798 mare

240 807 306 836 volo
335 816 383 837 me
412 807 593 838 comiteris.-
629 817 710 843 cum,
740 808 769 839 si
795 809 1012 850 proficiscerer·
1042 809 1242 841 habitaturus
1269 811 1310 842 ad
1337 811 1494 851 rigentem
1523 811 1711 850 Septemtri-

240 859 341 888 onem,
370 851 419 880 vel
447 850 532 881 ultra
559 860 644 882 mene
677 851 891 882 Occidentalis
919 852 1044 890 Thales,
1068 854 1118 884 vel
1147 852 1273 891 fontem
1301 854 1485 895 impervium
1517 854 1601 892 Nili,
1625 853 1710 884 ex'ci-

241 896 327 924 tures
342 903 390 924 me
404 894 445 924 ad
468 894 610 925 eundum.
647 894 769 935 Nempe
783 894 835 925 hic
849 895 970 926 animus
986 898 1058 926 tuus
1069 899 1129 936 est,
1153 906 1242 938 quem
1265 896 1341 928 mihi
1361 897 1537 929 devinctum
1559 905 1710 940 prospera

999 984 1096 997 ΜΟ

242 1028 301 1061 ubi
325 1028 377 1059 bae
398 1036 517 1068 voces,
535 1027 646 1070 (turba
668 1032 705 1060 et
727 1027 829 1072 curm)
850 1029 1362 1063 commutantur.’Mark1.——22.
1377 1032 1419 1062 23
1441 1029 1547 1062 ‘Haec
1558 1039 1644 1062 mens
1658 1034 1713 1063 tua

909 1125 941 1156 N
947 1124 1052 1157 OTAE

244 1186 290 1220 de
313 1187 467 1220 Tlieatro
488 1188 560 1222 Jnl.
577 1190 752 1223 Caesarem
780 1191 953 1233 Bulenge-

245 1248 333 1270 rum.

290 1292 331 1322 17
355 1291 503 1323 Probitas
535 1295 567 1324 et
601 1303 696 1334 opaca
726 1293 828 1335 quies]
866 1294 955 1326 Haec

245 1340 313 1373 duo
332 1343 481 1383 jungere
505 1348 598 1375 amat
621 1345 765 1377 Statius.
811 1346 956 1378 Pietate

246 1390 453 1425 Abascantii
467 1404 476 1424 :
500 1395 510 1412 ‘
530 1394 606 1426 Nec
623 1399 740 1427 tamen
755 1396 807 1428 his
823 1401 956 1428 mutata

246 1442 359 1484 quies,
391 1444 616 1487 probitasque
659 1447 820 1479 secundis
857 1447 954 1480 Intu-

246 1494 358 1525 muit-¹
400 1495 550 1527 Probitas
565 1497 655 1528 enim
676 1498 732 1529 hic
754 1498 956 1531 moderatio-

246 1556 325 1577 nem
348 1547 452 1579 animi
469 1558 509 1580 ac
534 1550 823 1591 tranquillitatem
851 1551 956 1592 signi·

246 1596 344 1637 fleat,
365 1607 433 1630 non
449 1597 627 1632 efferentis
643 1610 680 1632 se
706 1601 796 1633 ultra
818 1601 958 1633 modum

248 1658 318 1681 snae
335 1654 480 1691 naturae,
495 1649 658 1692 fortunar,
671 1652 797 1693 meriti,
812 1651 958 1693 dignita-

249 1699 308 1740 tis,
318 1699 467 1732 decoris.
514 1701 570 1732 lta
585 1702 595 1719 ⁴
610 1702 813 1743 improbitas
825 1702 834 1716 '
849 1702 960 1734 Mani-

249 1750 309 1791 lio,
335 1759 398 1791 pro
425 1751 620 1784 vehementi
646 1753 773 1785 mentis
805 1753 959 1795 impetu:

248 1802 259 1818 ‘
276 1800 358 1842 Ipse
379 1801 446 1832 sibi
468 1802 525 1833 lex
549 1806 615 1843 est,
629 1807 666 1835 et
681 1813 749 1845 qua
775 1803 845 1836 fert
867 1814 960 1836 cum·

251 1861 319 1893 que
366 1853 526 1885 voluntas
575 1854 809 1896 Praecipitant
857 1856 961 1888 vires.

251 1903 341 1935 Laus
371 1907 426 1936 est
448 1905 660 1936 contendere
688 1911 838 1939 cuncta:
863 1907 908 1938 Et
933 1906 962 1937 si

250 1952 341 1984 sorte
367 1953 465 1985 bonis
488 1955 674 1987 accesserit
699 1956 848 1997 impetus
872 1957 962 1988 ausis

252 2003 465 2044 Improbitas
501 2004 563 2037 fiet
593 2006 714 2043 virtus,
745 2010 781 2038 et
817 2006 964 2038 condere

253 2054 358 2092 bella,
373 2054 420 2086 Et
442 2056 576 2096 magnis
602 2056 750 2097 patriam
766 2057 895 2097 poterit
911 2066 965 2087 or-

253 2115 337 2137 nare
353 2106 555 2147 triumphis!
591 2107 700 2140 Quies
714 2107 844 2139 dicitur
857 2117 965 2148 opaca,

253 2155 336 2197 quia
354 2156 413 2198 qui
429 2159 512 2188 snnt
530 2156 648 2198 quieto
673 2158 784 2188 animo
808 2156 964 2189 umbram

254 2211 292 2238 et
301 2206 452 2238 latebras
470 2211 642 2248 quaerunt,
658 2217 722 2239 nec
737 2208 770 2239 in
787 2208 964 2250 publicum

253 2257 407 2288 libenter
442 2267 479 2288 se
510 2257 675 2298 produnt.
720 2257 857 2290 Sordida
885 2269 964 2290 nun-

253 2318 347 2348 quam
375 2308 511 2349 gaudia]
540 2309 679 2341 Sordida
702 2309 823 2350 gaudia
852 2314 969 2350 vocat,

257 2368 334 2399 quae
350 2368 396 2390 ex
419 2359 520 2391 rebus
543 2359 690 2401 abjectis
707 2365 744 2392 et
765 2360 965 2400 humilibus,

257 2414 294 2440 et
325 2419 400 2450 quae
427 2410 574 2441 animum
611 2410 794 2442 humanum
828 2421 966 2443 movere

258 2469 326 2491 non
343 2466 532 2501 merentur,
548 2461 746 2502 capiuntur.
790 2461 848 2494 Sic
863 2466 967 2494 vocat

258 2510 357 2542 ludos
385 2511 563 2552 gymnicos
593 2516 629 2544 et
663 2512 832 2554 scenicos,
859 2522 898 2545 ac
927 2523 969 2544 ea

258 2562 473 2602 spectacula,
489 2571 567 2603 quae
591 2562 626 2594 in
650 2563 760 2596 Circis
781 2564 968 2596 theatrisve

259 2611 527 2644 exhibebantur.

305 2666 347 2695 19
371 2663 504 2695 Gelidus
530 2664 661 2706 Arctos]
688 2665 859 2708 Intelligit
882 2670 970 2699 trac·

261 2717 336 2745 tum
350 2713 674 2755 Septemtrionalem
686 2716 743 2758 qui
760 2726 897 2759 semper
909 2716 971 2749 fri-

261 2774 346 2805 gore
371 2774 412 2798 ac
437 2765 573 2798 nivibus
601 2765 706 2807 riget,
732 2766 823 2799 unde
848 2767 972 2808 gelidas

1009 1194 1111 1225 vocat
1122 1190 1262 1224 Arctos.
1296 1190 1510 1232 Septemtrio
1526 1194 1640 1222 autem
1658 1199 1716 1221 vo-

1009 1245 1108 1273 catur
1133 1241 1273 1282 Arctos,
1294 1243 1374 1284 quia
1399 1241 1558 1282 subjacet
1582 1240 1716 1273 duabus

1009 1291 1108 1331 ursis,
1123 1302 1199 1334 quae
1213 1291 1339 1324 Graece
1355 1292 1519 1324 dicuntur
1533 1290 1651 1332 ἆρκτοί.

1052 1346 1094 1375 20
1122 1344 1179 1376 Vel
1191 1353 1285 1385 super
1299 1343 1464 1385 Hesperia
1478 1343 1558 1374 vada
1577 1341 1718 1382 caligan-

1009 1393 1056 1426 tia
1079 1394 1207 1435 Thales]
1228 1394 1339 1426 Thule
1364 1394 1474 1426 insula
1500 1393 1534 1425 in
1559 1392 1718 1434 Septem-

1011 1444 1157 1476 trionem
1171 1454 1317 1485 vergens
1330 1444 1418 1475 ultra
1430 1442 1602 1483 Orcades,
1615 1451 1718 1484 quam

1011 1495 1067 1526 alii
1083 1495 1284 1532 Islandiam,
1299 1495 1356 1526 alii
1382 1493 1641 1526 Tilemarchiam
1659 1501 1718 1523 vo-

1012 1550 1106 1577 cant.
1150 1545 1252 1578 Dicit
1264 1544 1550 1584 vadamligantim
1574 1542 1627 1575 vel
1639 1542 1720 1584 quia

1013 1606 1090 1628 cum
1112 1597 1188 1628 baec
1214 1596 1326 1628 insula
1350 1596 1476 1628 habeat
1498 1594 1720 1627 latitudinem

1014 1646 1182 1688 graduum
1205 1649 1259 1678 6³.
1284 1644 1325 1678 fit
1351 1650 1390 1678 ut
1417 1645 1511 1678 circa
1535 1644 1720 1677 solstitium

1014 1697 1220 1738 hybernum,
1234 1697 1318 1728 nihil
1341 1695 1417 1729 fere
1433 1701 1494 1728 aut
1509 1705 1609 1738 quarn
1624 1695 1721 1728 mini-

1013 1757 1106 1778 mum
1133 1747 1203 1779 diei
1228 1747 1378 1780 habeant
1403 1747 1476 1790 ejus
1498 1747 1633 1787 iucolae,
1649 1746 1721 1779 sole

1014 1798 1216 1839 Capricorni
1247 1798 1419 1840 tropicum
1448 1798 1492 1831 ab
1522 1798 1588 1830 illis
1618 1798 1721 1839 longe

1014 1849 1170 1880 dissitum
1186 1855 1424 1890 percurrente.
1450 1850 1480 1881 E
1490 1854 1610 1882 contra
1620 1848 1722 1880 etiam

1015 1899 1109 1931 circa
1131 1900 1288 1931 aestivum
1312 1900 1510 1941 solstitium,
1527 1909 1628 1942 quam
1645 1899 1723 1931 bre-

1018 1950 1165 1981 vissimae
1183 1949 1231 1982 ibi
1246 1954 1326 1982 sunt
1347 1955 1478 1991 noctes,
1494 1951 1567 1983 sole
1582 1950 1625 1982 ab
1648 1950 1723 1982 illo-

1018 2011 1094 2032 rum
1108 2001 1285 2033 horisonte
1305 2012 1405 2044 quam
1429 2002 1605 2034 minimum
1629 2010 1725 2032 rece-

1019 2052 1137 2085 dente.
1181 2053 1248 2085 Vel
1264 2054 1345 2096 quia
1359 2054 1416 2086 Sol
1432 2053 1480 2086 ibi
1491 2053 1630 2095 occidit,
1641 2062 1728 2085 mer-

1019 2104 1178 2146 giturve;
1216 2111 1255 2136 ut
1289 2105 1515 2147 Protreptico
1552 2104 1724 2146 Crispini:

1017 2159 1026 2174 ‘
1045 2156 1272 2198 Quantasque
1310 2157 1508 2199 nigrantem
1549 2155 1725 2188 Fluctibus

1018 2206 1175 2238 occiduis
1205 2207 1371 2250 fessoque
1402 2206 1606 2249 Hyperione
1636 2205 1729 2238 Thn-

1019 2256 1102 2288 len.’
1146 2257 1329 2299 Hesperiae]
1352 2257 1443 2292 Quia
1457 2251 1662 2290 haec'insula
1677 2267 1727 2290 re·

1019 2312 1142 2349 spectu
1154 2310 1276 2349 nostri,
1289 2309 1539 2342 occidentalior
1552 2313 1618 2340 est.

1062 2361 1103 2390 21
1127 2359 1195 2391 Aut
1208 2360 1445 2402 septemgemini
1463 2364 1557 2402 caput
1570 2361 1653 2392 haud
1674 2370 1729 2403 pe-

1019 2409 1172 2442 netrabile
1188 2410 1275 2452 Nili]
1298 2411 1352 2443 De
1371 2411 1452 2443 Nilo
1467 2410 1573 2444 fluvio
1588 2410 1728 2452 AEgypti

1022 2461 1150 2502 saepins
1181 2462 1291 2494 locuti
1328 2472 1455 2494 sumus.
1499 2462 1639 2495 Dicitur
1659 2472 1730 2503 sep-

1022 2513 1215 2553 temgemini,
1231 2515 1313 2555 quia
1325 2519 1458 2557 septem
1473 2514 1568 2546 ostiis
1585 2514 1617 2545 in
1631 2523 1727 2546 mare

1022 2563 1223 2606 AEgyptium
1239 2563 1437 2597 effunditur.
1462 2565 1563 2606 Caput
1578 2565 1662 2597 haud
1674 2573 1729 2606 pe-

1023 2614 1193 2656 netrabile]
1216 2615 1305 2648 Quia
1329 2620 1425 2648 vetus
1448 2614 1525 2648 fons
1549 2616 1623 2648 Nili
1647 2615 1729 2648 huc·

1024 2675 1133 2708 usque
1149 2665 1356 2708 incognitus.

1067 2718 1110 2748 22
1135 2716 1310 2748 Hortarere
1323 2715 1406 2757 vias]
1427 2716 1486 2749 Sic
1500 2716 1644 2750 Tacitus
1657 2715 1728 2748 An-

1025 2769 1091 2801 nal.
1119 2778 1161 2802 11.
1204 2770 1213 2787 ‘
1232 2768 1463 2802 Hortantibus
1498 2768 1623 2802 dehinc
1658 2766 1730 2810 qui-
