1800 3060
0 410 19 483 ‘'miz-¹¹
0 304 21 399 Ε’ςῶὲ
0 238 19 293 bv:
8 223 10 226 <

0 779 23 1107 §ww-mmsrqs.
0 715 17 770 eve
0 634 17 710 ..κιαι-Α
0 501 19 630 W
0 484 4 494 v

0 1562 2 1566 ’
0 1383 32 1529 §aget-5⁵
6 1318 10 1319 ¹
0 1117 20 1287 «⁴2-'b⁴>,·ss·]³[*

0 1730 23 1851 satiust&—
23 1684 26 1686 ,

17 1959 22 1971 .,
3 1872 26 1951 ..oq-gs?
17 1859 23 1863 ,

549 255 827 288 εΥινΛιωΜ
874 254 968 286 ms.
1004 255 1068 285 iv.
1089 244 1132 286 6.

1483 242 1570 285 453

113 353 320 403 Pectora,
339 364 440 395 cum
462 350 629 406 patulis
650 354 836 392 tererem
857 362 997 403 vagus
1016 349 1107 391 otia
1127 348 1279 404 Septis

111 421 142 464 J
145 434 218 463 am
235 420 445 462 moriente
465 419 550 468 die,
571 419 720 473 rapuit
739 432 808 461 me
828 430 960 459 coena
979 418 1152 471 benigni

114 487 342 530 Vindicis:
371 487 467 529 haec
488 488 608 529 imos·
621 486 979 545 animi—perlapsa
996 497 1199 526 recessus

112 555 396 598 Inconsumta
415 559 589 598 manet:
621 564 761 609 neque
778 555 892 596 enim
912 553 1106 596 ludibria
1126 553 1294 595 ventris
1541 552 1571 593 5

113 622 376 674 Hausimus‚
396 628 475 665 aut
494 623 653 678 epulas
672 623 848 665 diverso
867 636 891 664 e
913 622 1008 664 sole
1027 622 1209 676 petitas,

113 689 328 745 Vinaque
348 691 574 745 perpetuis
595 704 692 734 aevo
713 691 926 733 certantia
945 690 1091 732 fastis.

114 757 188 801 Ah
206 758 378 801 miseri!
409 763 525 813 quos
545 771 679 801 nosse
692 759 839 814 juvat,
861 757 966 813 quid
989 755 1201 799 Phasidis
1222 756 1317 798 ales

114 881 220 924 Septis
232 883 288 915 sub
297 884 398 926 Μ
410 883 652 924 ὕει’,ὗεπίςπιιε
673 884 797 916 Vindex
810 884 903 916 draxit
916 893 965 916 me
978 884 1019 916 ad
1031 885 1211 915 coenaudum
1224 892 1336 915 secum.
1382 882 1464 914 Hoec
1483 889 1570 912 σακε

230 926 264 958 in
277 926 490 968 penitissimas
501 929 613 959 utentis
626 927 762 959 latebras
775 931 870 959 restat
888 928 1031 967 integra:
1052 937 1113 958 non
1127 927 1209 958 enim
1223 926 1407 958 comedimus
1430 923 1571 964 cupedia,

113 971 171 1000 aut
183 968 269 1001 eibos
281 973 402 1002 avectos
414 980 432 1002 e
447 970 543 1002 uariis
555 971 744 1011 regionibus,
766 974 798 1002 et
819 970 951 1002 bibimus
972 970 1058 1008 vina,
1076 979 1145 1010 quoe
1171 970 1390 1001 contendebant
1415 969 1571 1000 vetustate

112 1020 186 1044 cua
197 1012 326 1045 cta-nis
337 1012 450 1053 sartis.
492 1013 547 1045 Al·
561 1014 710 1054 infelices,
731 1013 786 1055 qui
798 1016 909 1045 curant
923 1012 1014 1054 scire,
1036 1014 1111 1054 quid
1124 1013 1192 1044 avis
1208 1012 1356 1044 Phasidis
1376 1011 1507 1054 differat
1528 1007 1567 1040 ab

725 1108 960 1121 ‘mne

112 1151 219 1213 pedon
234 1173 504 1207 Parmensis.—⁷
533 1174 672 1217 Vinaque
692 1176 829 1208 centenis
851 1185 928 1217 «τεο,
953 1177 1006 1216 &¹⁶-
1029 1174 1118 1216 couj.
1147 1173 1397 1213 Marklaudus;
1420 1172 1482 1206 sed
1496 1182 1567 1214 per·

772 1271 912 1304 NOTAE

159 1339 173 1369 †
206 1333 372 1377 Hercules]
402 1335 444 1368 Id
470 1341 536 1376 est,
563 1337 697 1378 signum
726 1337 813 1369 Her-

115 1384 214 1417 culis.

157 1438 174 1472 t
201 1435 430 1478 Epitrapezios]
454 1437 496 1469 Id
518 1442 583 1479 est,
605 1438 730 1470 mensis
755 1448 815 1479 ap-

115 1485 256 1526 positus.
288 1487 474 1520 Veteribus
488 1489 578 1521 enim
594 1499 700 1521 sacrae
717 1495 815 1522 erant

115 1544 242 1569 mensa
257 1537 475 1580 impositione
501 1541 683 1573 salinorum
710 1548 745 1574 et
771 1542 815 1573 si-

115 1586 286 1628 gillorum,
310 1599 386 1631 qnae
413 1590 614 1632 ἐπιτραπέζια
635 1593 815 1625 vocabant.

116 1638 217 1670 Unde
229 1639 401 1673 Arnobius
413 1642 472 1674 lib.
487 1651 527 1675 11.
543 1644 553 1661 ‘
564 1644 687 1675 Sacras
698 1643 815 1675 facitis

114 1697 249 1722 mensas
263 1691 446 1723 salinorum
463 1693 637 1734 appositu,
660 1700 696 1725 et
715 1694 815 1726 sinin·

114 1739 215 1772 lucris
229 1740 379 1774 Deorum
390 1742 411 1774 π’
432 1742 496 1775 hoc
512 1748 577 1783 est,
599 1746 675 1776 θεῶν
690 1745 815 1787 ἐπιτρα-

114 1789 242 1831 πεζων,
266 1792 457 1833 cujusmodi
477 1794 532 1827 hie
548 1795 718 1829 Hercules
734 1798 816 1839 Epi-

115 1843 284 1883 trapezios
291 1843 442 1886 Papinio
453 1849 489 1876 et
499 1845 652 1879 Martiali
663 1848 815 1881 celebra-

116 1899 182 1926 tus.
226 1895 314 1928 Inde
335 1896 455 1929 ‘sacra
475 1898 622 1930 meusae’
644 1900 733 1940 apud
761 1910 817 1932 ve·

115 1948 221 1977 teres.
249 1945 336 1978 Inde
350 1952 386 1979 et
401 1948 435 1979 iu
449 1948 670 1990 ὀμοτραπέζοις
685 1950 818 1991 religio.

115 1994 278 2028 Herculis
297 2002 412 2029 autem
426 1998 556 2039 signum
574 1999 654 2030 illud
673 2000 818 2042 Lysippi

116 2055 216 2078 mauu
230 2046 360 2080 factum
376 2048 475 2080 initio
485 2048 675 2082 Alexandri
688 2049 817 2090 fuerat3

117 2104 196 2128 mox
221 2105 364 2131 venerat
387 2100 423 2131 in
445 2110 566 2132 manus
589 2101 816 2142 Hanuibalis;

116 2147 243 2180 deiude
264 2149 383 2190 Syllae,
406 2159 448 2182 ac
464 2150 602 2182 tandem
619 2151 719 2183 Nouii
734 2153 817 2184 Vin-

117 2197 216 2230 dicis.

159 2249 178 2290 §
203 2248 319 2290 Nouii]
354 2250 467 2283 Nouia
495 2261 576 2293 gens
604 2252 723 2285 Romae
747 2254 818 2295 ple-

117 2298 194 2331 beis
218 2305 255 2332 et
278 2302 478 2334 consularis.
523 2302 565 2334 Iu
591 2313 659 2345 qua
686 2305 818 2336 Nonius

117 2349 293 2391 Asprenas
308 2353 426 2384 consul
452 2363 530 2385 cum
553 2355 724 2387 Laterano
740 2365 819 2388 ann.

117 2400 160 2432 ab
176 2401 270 2435 Urbe
284 2403 425 2435 condita
432 2406 509 2436 846.
521 2403 588 2436 fuit
603 2412 639 2437 et
652 2406 738 2438 alter
749 2408 818 2439 No-

116 2451 192 2482 nius
199 2454 322 2485 consul
333 2463 407 2485 cum
418 2454 659 2487 Valentiniano
669 2457 818 2495 Caesare,

117 2511 197 2534 anu.
211 2503 299 2536 Urb.
321 2504 422 2536 cond.
439 2508 534 2538 1198.
555 2505 622 2539 fuit
637 2512 672 2539 et
687 2508 819 2539 Nonius

116 2553 304 2586 Marcellus
334 2557 589 2597 grammaticus,
620 2558 716 2599 cujus
742 2558 818 2590 libri

117 2608 239 2637 extant
263 2604 308 2637 de
332 2605 532 2639 Latinorum
558 2609 727 2641 nominum
753 2610 819 2642 ori-

119 2661 210 2694 gine.
374 2675 383 2682 ·

156 2702 172 2743 ΙΙ
200 2703 355 2745 Vindicis]
385 2706 584 2749 cognomen
607 2708 754 2748 plurium
769 2708 820 2741 fa-

117 2753 286 2838 miiigrum
298 2757 449 2800 Vindex,
463 2763 501 2791 ut
513 2764 648 2792 constat
657 2769 701 2792 ex
712 2761 821 2803 scrip-

118 2805 183 2837 tori
210 2814 259 2839 us.

911 1338 933 1368 2
958 1336 1080 1378 Septi-s]
1119 1336 1227 1378 Septa
1253 1335 1346 1367 locus
1374 1334 1408 1366 in
1439 1333 1570 1375 Campo

870 1387 1013 1426 Martio,
1046 1396 1113 1418 non
1151 1392 1284 1418 tantum
1314 1385 1475 1424 comitiis,
1508 1383 1569 1415 sed

869 1438 974 1469 etiam
989 1437 1255 1469 deambulationi
1276 1436 1403 1468 civium
1424 1435 1572 1467 destina-

870 1492 938 1528 tus,
961 1494 1000 1520 ut
1015 1488 1071 1530 qui
1088 1488 1198 1520 vicino
1213 1487 1344 1529 Tyberi
1358 1487 1496 1528 apricus
1518 1495 1570 1517 es-

869 1543 934 1579 set,
955 1539 1111 1580 coelnque
1127 1538 1303 1570 salubriori
1319 1538 1493 1569 invitaret.

910 1593 929 1621 5
948 1589 1150 1620 Incousumta
1164 1587 1284 1627 manet]
1303 1587 1402 1618 Plato
1419 1586 1454 1618 iu
1469 1586 1572 1618 1³11ae-

869 1640 932 1672 dro
963 1641 973 1658 ‘
991 1648 1165 1671 sermones
1194 1637 1369 1670 convivia’
1397 1641 1511 1674 vocat,
1534 1641 1572 1669 et

870 1691 993 1723 Cicero
1015 1690 1050 1721 in
1064 1689 1203 1731 Topicis
1225 1689 1367 1730 ‘epulas
1389 1686 1569 1719 discendi:

870 1745 990 1776 Sermo
1005 1743 1095 1775 enim
1108 1748 1159 1774 est
1172 1748 1290 1784 pastus
1301 1741 1487 1773 animorum
1500 1749 1574 1772 sua-

870 1794 1037 1826 vissimus.
1080 1793 1235 1825 Ludibrio
1248 1791 1379 1832 centris]
1401 1790 1457 1823 Sic
1474 1794 1575 1823 vocat

869 1846 982 1879 lautas
998 1847 1117 1887 epulas
1138 1850 1175 1877 et
1190 1844 1348 1886 cupedia.

922 1900 942 1929 7
978 1897 1118 1938 Vinaque
1144 1894 1301 1937 perpetuis
1326 1904 1391 1926 oevo
1417 1892 1575 1924 certantia

861 1948 976 1990 fastis]
1014 1948 1092 1981 Quo
1129 1947 1220 1979 enim
1253 1946 1442 1978 vetustiora
1473 1949 1574 1976 erant

870 1999 961 2039 vina,
980 2007 1021 2030 eo
1035 1997 1275 2030 laudabiliora.
1319 1995 1444 2036 Tangit
1457 2000 1573 2027 autem

869 2059 1001 2082 morem
1020 2049 1216 2082 ascribendi
1240 2049 1375 2080 nomina
1396 2047 1574 2079 consulum

871 2100 1058 2142 amphoris,
1073 2110 1134 2132 seu
1151 2100 1266 2141 testis,
1289 2099 1439 2138 cadisve,
1456 2099 1498 2130 ad
1514 2107 1573 2130 no-

871 2150 1012 2183 tandam
1039 2151 1108 2182 vini
1130 2155 1282 2183 aetatem.
1330 2150 1451 2190 Fastis]
1484 2148 1574 2182 Quia

870 2202 1008 2234 nomina
1022 2202 1201 2234 consulum
1228 2200 1325 2232 fastis
1341 2199 1574 2231 inscribeban-

871 2257 927 2284 tur
944 2253 1117 2294 pemetuis,
1141 2252 1176 2284 id
1202 2256 1269 2291 est,
1293 2251 1445 2290 aeternis,
1460 2255 1499 2282 ut
1513 2250 1575 2282 im-

873 2303 1006 2344 perium
1037 2303 1228 2334 Romanum
1256 2301 1446 2333 credebant
1476 2305 1577 2332 aeter-

872 2362 964 2387 num.

915 2407 936 2435 8
956 2403 1010 2435 Ah
1030 2403 1151 2445 miseri]
1182 2401 1391 2443 Per-stringit
1405 2402 1517 2443 gulam
1533 2411 1576 2434 ac

871 2456 1042 2487 luxuriam
1072 2457 1123 2487 sni
1154 2456 1329 2496 temporis.
1386 2455 1573 2486 Manilius:

872 2508 883 2524 ‘
897 2506 1016 2537 Ventri
1032 2506 1106 2547 jam
1127 2506 1259 2546 longius
1283 2506 1363 2546 itur,
1377 2507 1488 2539 Quam
1505 2515 1575 2538 mo·

873 2556 917 2588 do
946 2554 1101 2588 militiae!
1145 2556 1304 2588 Plinius:
1327 2557 1337 2573 ‘
1356 2557 1434 2588 Alvi
1465 2558 1578 2597 gratia

874 2609 1046 2649 praecipue
1073 2607 1219 2640 avaritia
1241 2609 1430 2648 expetitur.
1486 2608 1577 2639 Huic

873 2659 1008 2690 luxuria
1028 2658 1206 2692 conditur:
1230 2659 1309 2691 huic
1337 2660 1517 2699 navigatur
1532 2658 1577 2690 ad

874 2708 1027 2740 Phasin:
1052 2710 1130 2741 huic
1155 2708 1324 2750 profunda
1345 2709 1442 2740 vadis
1458 2708 1577 2750 exqui-

875 2759 1020 2791 runtur!
1077 2760 1228 2792 Phasidis
1262 2759 1340 2800 ales]
1377 2759 1576 2792 Phasianus.

874 2810 964 2843 Vide
985 2809 1100 2843 Satur.
1116 2820 1164 2843 vs.
1179 2813 1232 2842 78.
