1800 3060
547 201 822 232 evannum
859 201 955 231 mn.
988 200 1040 232 11.
1069 191 1111 231 6.

1466 193 1551 234 255

105 294 331 338 Nobilitas
342 299 407 336 ‘ex
425 297 570 336 mente
588 294 694 357 suin
724 307 780 335 ne
794 294 1034 348 comprime
1056 294 1205 346 fletus,

105 361 177 405 Ne
196 361 376 416 pudeat:
405 365 581 415 rumpat
598 361 759 403 fraenos
778 361 901 402 dolor
921 362 1019 412 iste,
1039 362 1258 416 (Deisque

102 430 153 472 Si
172 432 259 471 tam
272 428 380 470 dura
399 426 614 483 placent‚)
629 428 845 470 hominem
865 429 1021 482 gemis,
1040 428 1132 484 (hei
1153 430 1284 471 mihi!
1316 431 1462 473 subdo

98 553 364 595 „saeua-ymas

365 576 374 592 ,
382 553 585 586 neembesoas
596 553 647 585 iis.
691 552 758 584 Iste
768 552 867 583 luctus
877 552 961 584 laxet
969 563 1072 585 omnes
1083 554 1228 594 habenas,
1239 558 1270 587 et
1282 555 1367 587 Deos
1376 555 1505 593 incuset,
1516 552 1547 583 si

104 598 169 642 tam
179 605 263 628 εσσε
274 596 353 637 ipsis
366 597 452 627 cordi
464 596 540 628 sint.
582 596 687 649 ιυςα
705 595 796 635 Une,
808 595 976 634 famulum,
990 596 1082 638 (Heu
1096 596 1166 629 me!
1186 599 1253 639 ipse
1266 599 1396 630 accendo
1409 598 1543 629 dolorem

701 688 940 702 000000000000

100 750 241 783 ecurt.

284 750 295 767 ‘
309 750 419 783 Quam
441 751 530 782 male
550 751 606 782 hic
624 755 881 791 argumentatur
903 751 1044 791 Statius,
1068 755 1105 783 et
1130 761 1185 783 res
1212 752 1363 784 diversas
1393 757 1430 785 et
1458 753 1542 784 nihil

98 801 275 825 eommwe
287 793 453 825 habentes
469 794 668 834 conjungit!
691 793 848 833 Libertas,
863 794 988 835 inquit,
1002 794 1100 832 maior
1114 795 1227 833 ¹fimeto
1240 798 1413 827 stemmate.
1449 795 1541 829 Quid

96 835 236 867 &mai
249 844 325 867 eum
334 836 455 876 juncto,
467 836 581 877 longo,
595 842 631 868 et
643 837 842 868 continuato
855 839 1014 868 stemmate
1027 840 1041 867 2
1063 837 1202 869 Dixisse
1215 837 1333 869 debuit
1348 849 1356 869 :
1382 838 1541 870 Libertas

96 878 187 918 omni
201 877 364 917 vindicta,
393 879 484 910 omui
511 879 775 910 manumissione
802 879 930 918 major;
968 889 1034 911 non
1060 879 1185 920 juncto
1208 885 1387 912 stemmate
1411 881 1542 920 major;

121 919 226 961 nippe
242 919 403 969 jpnctom
417 926 561 952 stemma
581 930 649 952 non
672 921 714 952 ad
741 921 935 952 libertatem
957 920 1054 971 facit,
1079 922 1138 953 sed
1161 922 1389 955 nobilitatem.
1434 923 1541 954 Vides

91 962 1261 1040 &33:3153223321·ftzfflffissfsszffff‘sszaf‘ffstsszffzitt.
1275 975 1317 1039 3²?
1331 966 1542 1040 §33:²12

92 1055 175 1079 vero
185 1046 369 1079 Gerartius
389 1048 473 1089 legit
479 1048 559 1090 fluit
577 1058 638 1086 pro
648 1049 719 1087 fail
730 1060 745 1087 ,·
770 1049 796 1079 si
818 1049 908 1080 enim
926 1049 1104 1091 quicquam
1126 1050 1340 1089 mutandum,
1360 1050 1538 1091 scripsisse

93 1089 212 1122 debuit
229 1089 336 1132 fluit
358 1099 424 1121 non
441 1091 492 1132 flu

494 1090 546 1122 ie!
573 1091 788 1123 Maru—13
812 1091 936 1123 Venet.
955 1095 985 1123 l.
1012 1095 1044 1124 2.
1069 1094 1100 1124 8.
1118 1095 1152 1124 4.
1171 1093 1267 1125 Rom.
1291 1092 1393 1125 Aldd.
1424 1093 1536 1125 Colin.

92 1131 302 1173 Gradi-stc.
347 1133 511 1174 Dei-sque,·
537 1134 650 1165 Parm.
678 1134 826 1174 «linqua
850 1134 1032 1165 Gevartius
1062 1139 1099 1165 et
1128 1135 1247 1166 Barth.
1268 1136 1386 1176 legere
1415 1136 1536 1168 malint

91 1173 245 1215 Deosque.
288 1174 403 1207 ‘olim
427 1175 637 1217 conjeceram
654 1186 663 1206 τ
688 1176 807 1207 Deme
822 1176 888 1207 Hei
908 1178 1049 1217 tamstw.
1095 1177 1173 1208 Non
1190 1178 1292 1218 male,
1306 1178 1440 1218 opinor,
1458 1178 1536 1219 quia

90 1215 180 1249 idem
194 1217 446 1259 conjectantem
468 1223 589 1260 postea
604 1218 815 1260 deprehendi
831 1219 1041 1251 Gronovium
1058 1219 1173 1252 Diatr.
1200 1229 1276 1262 cap.
1299 1223 1354 1252 21.
1399 1221 1535 1253 Revera

745 1308 778 1342 N
783 1308 887 1342 01·AE

19 1387 23 1390 ’
89 1376 150 1419 qui
171 1377 279 1420 magis
303 1382 380 1411 erat
401 1379 489 1411 liber
509 1379 657 1411 moribus
677 1389 717 1411 ae
737 1380 788 1411 in-

89 1426 180 1468 dole,
200 1438 300 1471 quam
332 1429 362 1461 si
388 1430 491 1471 longa
511 1431 598 1462 serie
624 1430 787 1463 nobilium

89 1472 333 1512 descendisset.
368 1480 413 1512 Et
420 1480 485 1512 hoc
498 1481 683 1513 secundum
697 1482 786 1514 Stoi-

90 1537 163 1568 cos,
196 1530 256 1572 qui
289 1539 405 1563 veram
436 1532 631 1565 libertatem
656 1534 691 1564 in
714 1534 786 1565 sola

89 1578 262 1619 sapimtia
305 1580 491 1621 ponebant,
536 1592 577 1614 ae
616 1584 785 1616 neminem

87 1633 218 1669 praeter
239 1630 427 1671 sapientem
449 1633 594 1665 liberum
609 1643 683 1665 esse
698 1635 788 1666 dice-

87 1678 184 1710 bant.
226 1679 315 1712 Vide
329 1681 403 1713 eie.
418 1682 544 1715 Parad.
558 1693 593 1715 v.
605 1683 727 1715 Horat.
743 1693 785 1718 ιι.

88 1729 162 1761 Sat.
189 1732 223 1762 7.
274 1731 435 1764 Senecam
464 1733 603 1774 passim,
639 1734 784 1766 Dionem

87 1778 267 1813 Pmaeum
293 1781 460 1815 Oratione
480 1783 525 1815 de
548 1783 721 1816 Servitute
747 1792 784 1817 et

86 1830 279 1872 ubertate,
291 1837 329 1864 et
353 1834 474 1874 passim
492 1833 627 1866 Arriani
642 1835 780 1875 Epicte-

87 1883 174 1921 tam,
194 1885 232 1913 et
258 1877 413 1914 Persium
434 1883 507 1914 Sat.
532 1894 568 1916 v.
612 1883 783 1916 stemmate

78 1930 207 1972 juneo]
229 1932 427 1974 Propinquo
449 1933 638 1965 nobilitatis
661 1934 781 1975 gradu,

87 1990 154 2022 quo
169 1981 313 2024 aliquem
328 1983 567 2024 contingimus.
601 1983 656 2015 lta
670 1984 780 2016 Theb.

86 2039 129 2062 11.
148 2031 371 2072 ‘Sanguinem
376 2033 534 2074 junctum
542 2033 552 2047 ’
567 2033 675 2065 dixit:
688 2034 781 2065 ‘Tibi

84 2082 182 2123 larga
201 2082 327 2124 Pelops
349 2088 386 2115 et
398 2085 561 2116 Tantalus
575 2090 695 2116 auctor
710 2086 781 2117 No-

85 2131 215 2172 bilitas,
237 2133 445 2175 propiorque
462 2133 547 2165 fluat
561 2133 604 2165 de
620 2135 780 2175 sanguine

82 2178 209 2222 juncto
216 2182 376 2223 Jupiter:
393 2184 545 2215 Stemma
557 2189 683 2225 antem,
699 2186 780 2227 quia

86 2237 268 2265 stemmata
278 2234 384 2265 solum
400 2238 496 2266 erant
509 2244 640 2275 eorum,
654 2237 712 2277 qni
717 2236 778 2277 jus

85 2282 267 2324 imaginum
295 2283 481 2325 habebant,
506 2284 542 2316 id
569 2290 636 2324 est,
663 2295 778 2317 eorum

11 2347 24 2353 *
85 2328 144 2375 uui
154 2343 302 2366 summos
317 2335 534 2374 magistratus
548 2335 647 2375 Reip.
669 2345 779 2375 gesse-

84 2389 174 2418 rant.
202 2386 333 2418 Plinius
342 2386 399 2418 lib.
412 2395 531 2418 xxxv.
542 2396 619 2427 cap.
634 2389 667 2418 2.
690 2388 776 2420 ‘Ex-

84 2434 194 2475 proesi
213 2444 294 2467 cera
315 2436 428 2467 vultus
455 2437 598 2477 singulis
616 2436 775 2477 dispone-

83 2480 208 2518 bantur
220 2484 388 2527 armariis,
409 2492 447 2519 ut
463 2493 577 2519 essent
598 2488 774 2530 imagines,

83 2536 159 2578 'que
183 2537 430 2568 comitarentur
453 2537 623 2577 gentilitia
642 2536 773 2574 funera,

84 2583 284 2628 semperque
319 2585 481 2618 defuncto
518 2587 646 2629 aliquo,
681 2592 775 2619 totus

85 2635 204 2668 aderat
216 2635 353 2669 familiae
369 2637 453 2678 ejus,
466 2637 524 2679 qni
538 2647 684 2678 unquam
700 2637 774 2669 fne-

84 2690 153 2726 rat,
176 2687 339 2727 populus:
363 2687 550 2719 Stemmata
573 2697 652 2719 vero
674 2687 774 2719 lineis

84 2734 319 2770 discurrebant
332 2737 375 2769 ad
386 2737 551 2779 imagines
558 2737 692 2779 pictas?
712 2737 735 2770 J
738 2747 773 2768 n-

839 1379 952 1410 venal.
979 1379 1050 1410 Sat.
1082 1387 1164 1411 vm.
1206 1379 1415 1411 ‘Stemmata
1455 1378 1537 1420 quid

838 1427 996 1460 faciunt?
1026 1429 1119 1462 Quid
1134 1429 1276 1471 prodest
1287 1430 1451 1470 sangnine
1467 1429 1539 1460 lon·

840 1487 897 1517 go,
908 1478 1068 1519 Pontice,
1083 1480 1228 1519 censeri,
1236 1480 1414 1522 pictosque
1426 1484 1541 1512 osten·

838 1527 922 1559 dere
937 1529 1049 1560 vultus
1064 1529 1232 1570 Majorum
1245 1528 1269 1560 ?’

883 1581 923 1610 13
947 1580 999 1611 Ne
1011 1581 1124 1620 pudeat
1137 1591 1147 1611 .·
1168 1584 1292 1622 rumpat
1303 1580 1428 1619 froenos
1447 1582 1536 1613 dolor

837 1628 1075 1671 is1e‚(Deisqa‹e
1084 1630 1123 1662 Si
1132 1635 1198 1662 tans
1208 1632 1286 1662 dum
1298 1631 1464 1673 placento]
1475 1632 1539 1663 To-

838 1684 910 1711 tum
934 1681 1022 1713 bunc
1046 1682 1158 1713 locum
1173 1683 1222 1714 sie
1238 1683 1388 1714 illustrat
1404 1682 1536 1714 Grono-

838 1730 923 1770 vius,
939 1737 976 1763 et
990 1738 1108 1763 censet
1131 1732 1312 1772 legendum
1327 1732 1457 1771 Deinc,
1472 1742 1535 1773 pro

836 1780 986 1822 Deisque,
1000 1787 1035 1813 et
1051 1782 1118 1814 Hei
1134 1791 1197 1823 pro
1222 1781 1272 1821 Si,
1293 1788 1471 1823 totumque
1486 1783 1536 1813 lo·

837 1841 914 1862 cum
950 1833 1000 1864 sic
1021 1833 1256 1873 interstingnit
1269 1844 1278 1863 :
1314 1833 1366 1863 Ne
1392 1834 1512 1872 pudeat
1523 1843 1535 1864 .·

834 1886 959 1922 rumpat
978 1882 1101 1920 sroenos
1120 1884 1208 1914 dolor
1228 1884 1300 1921 iste,
1326 1882 1444 1915 Deinoe
1466 1883 1535 1914 Hei

832 1934 898 1963 tau·
909 1933 987 1963 dum
997 1933 1121 1973 placent
1133 1937 1146 1964 ,7
1165 1933 1317 1963 hominem
1328 1933 1429 1972 genis
1438 1932 1455 1965 !
1482 1933 1534 1964 hei

832 1981 910 2012 milui
920 1981 936 2013 !
956 1981 1051 2013 subdo
1066 1982 1138 2022 lpse
1147 1983 1240 2018 faces
1250 1994 1260 2014 :
1283 1983 1435 2014 hominem
1453 1983 1533 2014 Urse

833 2033 933 2061 tum
968 2031 1145 2063 Elncescit
1158 2033 1261 2072 enim,
1269 2032 1316 2062 aii
1327 2032 1534 2073 Gronovius,

834 2080 870 2111 in
901 2082 965 2114 hoc
998 2092 1128 2113 summa
1164 2091 1220 2113 ars
1255 2082 1534 2114 excellentissimi

833 2131 968 2172 Poetae,
986 2132 1074 2174 quod
1100 2132 1258 2174 periodos
1284 2133 1408 2163 breves
1437 2133 1534 2164 velut

831 2182 984 2223 suspiriis
1000 2183 1255 2223 intersfinguat,
1268 2188 1302 2213 et
1314 2183 1473 2223 abrupta,
1490 2193 1531 2215 ac

832 2241 899 2262 non
915 2232 1122 2263 cohaerentia
1135 2238 1248 2264 canat.
1282 2232 1326 2263 Ei
1337 2232 1371 2263 in
1386 2238 1455 2263 vet.
1469 2232 1529 2265 lib.

831 2282 997 2323 scriptum
1020 2282 1146 2322 fuerat,
1159 2287 1197 2314 ut
1216 2282 1352 2322 assolet,
1365 2291 1428 2323 pro
1444 2282 1529 2314 Hei.-

831 2332 865 2363 id
889 2333 922 2363 in
945 2333 984 2364 Si
1004 2333 1238 2373 degeneravit.
1282 2332 1446 2364 Insanum
1468 2333 1528 2364 do-

829 2382 929 2413 lendo
944 2389 979 2414 et
996 2382 1201 2423 plangendo,
1217 2382 1379 2414 invidiam
1394 2383 1474 2415 Diis
1489 2394 1527 2415 se

828 2432 944 2465 facere
956 2434 1145 2465 credebant
1159 2433 1256 2465 stulti
1271 2433 1423 2473 gentiles.
1467 2433 1525 2465 Ad

827 2483 894 2514 hoc
914 2493 995 2524 ergo
1017 2483 1141 2514 Ursum
1165 2483 1320 2514 bortatur
1340 2481 1464 2524 Poeta,
1488 2491 1525 2515 et

826 2533 921 2564 faces
943 2532 1052 2563 dolori
1078 2531 1210 2564 subdit:
1232 2541 1365 2565 omnem
1386 2533 1524 2564 modum

827 2584 973 2616 excedat
986 2584 1052 2615 ista
1065 2584 1300 2625 comploratio,
1320 2585 1387 2616 iste
1410 2584 1526 2624 planc-

828 2640 900 2673 tns;
918 2634 1136 2675 videantDii,
1146 2645 1247 2676 quam
1258 2635 1340 2676 ipsis
1352 2634 1438 2666 dura
1450 2635 1522 2675 pla-

826 2685 976 2726 cuerint,
990 2695 1090 2728 quam
1103 2686 1185 2719 saevi
1200 2685 1341 2723 fuerint,
1357 2695 1458 2727 quam
1474 2685 1522 2716 iu-

827 2734 927 2777 justi.
