1800 3060
166 185 252 226 150

660 192 701 223 P.
735 190 926 222 PAPINII
961 190 1126 222 STATlI

166 289 249 331 Nil
269 290 503 331 cunctante
525 286 666 329 malo:
697 299 781 329 uon
802 286 915 328 illud
937 287 1073 341 culpa
1093 291 1302 338 senectae,

164 355 371 412 (Quippe
392 369 444 398 ea
463 355 657 397 bissenis
675 354 755 397 vix
775 354 882 396 dum
900 368 1006 397 orsa
1026 355 1241 397 excedere
1259 352 1445 406 lustris‚)

169 424 258 468 Sed
275 424 400 465 labor
419 423 661 473 intendenS,
680 422 900 477 animique
919 423 965 464 in
984 423 1180 465 membra
1199 423 1382 477 vigentis

167 492 428 546 Imperium,
451 491 700 545 vigilesque
722 503 803 532 suo
826 504 906 544 pro
927 489 1107 532 Caesare
1127 502 1260 541 curae,

1570 490 1629 531 55

168 560 315 602 Dulce
337 571 478 613 opus:
509 558 612 600 hinc
634 557 782 599 fessos
800 557 975 611 penitus
996 558 1217 612 surrepsit
1233 558 1279 599 in
1299 561 1422 599 artus

170 628 400 670 Insidiosa
419 626 567 680 quies,
587 629 629 666 et
649 626 776 679 pigra
796 625 967 667 oblivia
987 627 1114 667 vitae.-

170 696 300 738 Tunc
322 695 463 744 DeuS,
485 692 637 746 Alpini
656 693 730 747 qui
744 693 877 748 juxta
897 693 1087 734 culmina
1105 693 1227 734 dorsi

171 763 324 816 Signat
345 760 586 816 Apollineo
608 764 786 802 sanctos
808 762 1070 815 cognomine
1089 760 1235 810 lucoS,

170 828 396 882 Respicit,
416 828 501 869 heu
521 827 634 869 tanti
655 827 826 881 pridem
847 841 1031 869 securus
1050 828 1218 869 alumni

1571 828 1671 885 60⁴

170 898 509 950 Perpessusque
528 908 695 937 moras:
731 895 839 937 Huc
860 908 1047 946 mecum,
1068 895 1311 950 Epidauria
1330 895 1493 950 proles,

163 1015 233 1055 suit
247 1016 414 1048 senectutis
428 1016 564 1066 (quippe
579 1025 614 1047 ea
630 1016 759 1047 vixdum
769 1018 970 1056 superaverat
983 1015 1144 1047 duodecim
1159 1015 1297 1057 lustra),
1311 1016 1366 1048 sed
1379 1015 1466 1047 labor
1480 1015 1630 1051 intentus,

170 1062 202 1090 et
217 1059 382 1100 imperium
393 1059 493 1090 animi
506 1059 642 1099 vigentis
655 1059 688 1089 in
703 1068 822 1099 corpus,
836 1061 867 1089 et
881 1058 992 1098 vigiles
1002 1069 1039 1090 uc
1054 1059 1244 1098 gratissima?
1258 1068 1342 1090 συν-ιε
1354 1068 1412 1100 pro
1423 1069 1478 1091 suo
1494 1058 1630 1090 Coesore.

172 1100 261 1133 Hinc
273 1102 440 1133 insidiosus
454 1102 626 1142 lethargus,
640 1105 732 1141 atque
745 1102 882 1132 omnium
896 1110 1001 1132 rerum
1015 1101 1126 1133 oblivio
1140 1101 1311 1134 insinuavit
1325 1110 1358 1133 se
1369 1102 1494 1143 penitus
1507 1102 1540 1133 in
1547 1101 1630 1140 futi-

169 1147 248 1182 gata
262 1145 411 1177 membra.
458 1145 543 1176 Tunc
558 1145 658 1194 Deus,
681 1144 735 1184 qui
754 1154 802 1184 pr
803 1153 850 1184 pe
864 1145 1025 1175 cacumina
1048 1145 1134 1176 dorsi
1154 1145 1267 1186 Alpini
1289 1145 1428 1176 illustrat
1451 1143 1633 1194 Apollineas

171 1187 276 1228 sylvas
297 1197 352 1218 suo
366 1197 454 1219 sacro
477 1187 668 1227 cognomine,
682 1188 820 1218 advertit
835 1187 949 1225 oculos,
972 1187 1030 1218 heu
1045 1188 1161 1218 dudum
1175 1188 1336 1227 negligens
1349 1187 1434 1219 tanti
1455 1185 1585 1223 alumni,
1600 1190 1631 1217 et

171 1230 355 1271 abrumpens
377 1240 481 1262 omnes
507 1239 619 1271 moros,
636 1230 709 1262 Huc
733 1239 851 1261 mecum
871 1230 971 1269 adsis,
993 1229 1052 1270 uit,
1072 1230 1188 1263 soboles
1208 1231 1399 1271 Epidauria,
1420 1231 1511 1262 rebus
1524 1230 1634 1262 arduis

770 1325 889 1337 OOOOOO
892 1325 1012 1338 m

172 1391 279 1432 legit:
303 1391 423 1432 vig-ilis,
446 1396 483 1424 ut
508 1392 579 1431 sit,
600 1393 692 1424 dulce
712 1401 787 1433 opus
808 1391 917 1431 vigilis
938 1401 1032 1423 curae.
1035 1394 1121 1423 —56
1143 1391 1261 1423 Heius.
1278 1390 1321 1422 ad
1337 1389 1444 1422 Ovid.
1460 1390 1549 1422 Met.
1565 1398 1633 1421 vn.

175 1437 250 1467 155.
265 1435 350 1475 legit
365 1435 503 1476 subrepit
518 1445 580 1476 pro
593 1435 759 1476 subrepsit.
803 1435 900 1466 Unus
917 1434 1024 1466 codex
1040 1434 1145 1466 habet
1167 1433 1229 1466 sibi
1254 1434 1350 1465 teuit.
1353 1435 1439 1465 -57
1460 1433 1586 1464 Venet.
1601 1436 1633 1464 l.

174 1477 292 1509 Parm.
308 1479 406 1510 Rom.
421 1479 561 1510 Vicent.
577 1478 672 1510 Brix.
688 1479 831 1510 Venett.
847 1481 880 1508 2.
896 1480 927 1509 3.
943 1480 976 1509 4.
1004 1477 1106 1509 Aldd.
1134 1477 1246 1509 Colin.
1274 1477 1374 1518 Gryp
1375 1475 1407 1508 h.
1427 1476 1532 1507 Basil.
1555 1475 1631 1507 aliae

168 1520 297 1560 pigraq
319 1522 467 1553 mutavit
477 1521 709 1553 Marklandus.
711 1524 797 1552 —58
822 1520 907 1552 Tunc
919 1519 1165 1561 Deu⁸‚Alpini.·
1186 1520 1251 1561 qui,
1262 1521 1315 1560 ⁸50-
1342 1518 1447 1551 Aldd.
1460 1522 1492 1550 l.
1501 1521 1533 1550 2.
1545 1518 1632 1550 Ber-

174 1564 305 1595 nartius
323 1564 416 1596 delet
431 1574 563 1596 comma
578 1570 656 1604 post
674 1564 776 1604 Deus,
799 1567 835 1594 et
855 1564 953 1594 colon
972 1568 1048 1603 post
1062 1563 1194 1603 Alpim‘;
1216 1563 1276 1594 sed
1292 1571 1423 1594 comma
1443 1561 1540 1602 ponit
1556 1566 1634 1601 post

173 1607 269 1638 dorsi.
273 1611 358 1638 -59
375 1607 504 1639 Omnes
516 1606 619 1639 codd.
633 1611 670 1639 et
685 1606 764 1638 edd.
776 1610 862 1637 vett.
876 1606 993 1645 Signat
1007 1605 1192 1646 Apolloneos
1204 1609 1321 1637 sancto.
1350 1605 1502 1636 Mutavit
1513 1603 1631 1635 Mark-

174 1649 294 1680 landus
299 1652 394 1682 .-61
418 1650 669 1690 Progressusque
683 1659 786 1680 moros
800 1649 915 1680 Parni.
933 1658 1019 1679 nnus
1031 1648 1290 1688 Lindenbrogii,
1312 1646 1416 1679 Aldd.
1433 1650 1462 1680 1.
1474 1649 1506 1678 2.
1520 1646 1632 1678 Colin.

176 1691 311 1733 Gryph.
329 1692 433 1725 Basil.
453 1694 555 1725 Beimn
572 1696 635 1725 διε.
679 1692 928 1732 Progressusque
942 1701 1064 1723 morans
1081 1692 1177 1722 Rom.
1193 1694 1230 1722 nt
1246 1690 1439 1722 emendavit
1466 1689 1570 1721 Bern.
1598 1689 1632 1720 iu

174 1739 358 1768 comment.
403 1736 663 1776 Praegressusque
677 1745 779 1767 moros
795 1735 869 1766 aliae
894 1739 980 1766 vett.
996 1734 1086 1776 quod
1102 1734 1244 1765 retinnit
1260 1733 1404 1767 Gevart.
1428 1736 1464 1764 et
1492 1741 1631 1772 recepe-

174 1783 255 1810 runt
282 1778 436 1811 Gronov.
461 1779 578 1811 Barth.
590 1779 700 1810 Veen.
721 1783 758 1810 et
784 1777 909 1819 Delph.
954 1777 1076 1809 Lectio
1100 1779 1218 1809 nostra
1245 1782 1299 1809 est
1323 1785 1367 1807 ex
1394 1774 1633 1807 emendatione

832 1864 973 1897 No'rAE

173 1944 243 1976 ceps
259 1934 411 1976 juvenile,
433 1935 523 1967 idem
548 1935 637 1977 quod
656 1945 795 1976 praeceps
819 1935 879 1966 im-

174 1997 264 2018 mune
289 1985 469 2019 Juvenali:
493 1988 562 2019 ‘Et
592 1987 763 2019 immensae
790 1997 877 2028 prae·

175 2046 258 2077 ceps
274 2036 418 2068 immane
435 2035 565 2068 ruinae.'

217 2089 258 2118 53
274 2086 416 2127 Lustris]
433 2086 607 2125 Lustrum,
621 2087 768 2127 spatium
782 2086 878 2127 quin·

175 2146 242 2178 que
258 2146 436 2177 annorum,
450 2141 489 2169 ut
506 2138 600 2178 pueri
619 2138 744 2169 sciunt.
782 2139 875 2179 Ergo

174 2186 316 2218 bissenis
331 2187 462 2228 lustris,
478 2192 529 2219 est
545 2188 725 2229 sexaginta
740 2188 848 2220 annis.

218 2242 259 2269 55
290 2238 465 2280 Vigilisque
490 2249 545 2270 suo
566 2248 623 2279 pro
638 2239 761 2270 Coesare
783 2249 877 2280 curae,

175 2288 278 2320 Dulce
293 2289 384 2330 opus]
418 2287 513 2322 Nihil
530 2289 618 2320 enim
643 2289 772 2330 gratius
802 2295 877 2322 erat

176 2347 217 2385 ac
233 2339 366 2371 dulcius
387 2339 531 2379 Rutilio,
552 2349 651 2382 quam
677 2340 876 2381 impendere

173 2387 431 2422 lucubrationes
448 2400 526 2422 suas
543 2401 582 2423 ac
594 2390 726 2432 vigilias
734 2392 874 2424 Caesari.

219 2441 261 2470 57
272 2439 428 2472 Insidiosa
437 2442 535 2482 quies,
545 2446 575 2473 et
582 2442 677 2483 pigra
685 2442 818 2484 [pigroe]
826 2444 878 2475 ob-

175 2489 251 2522 livia
265 2490 356 2531 vitae]
377 2491 436 2523 Sic
448 2490 603 2533 λήθαργον
615 2494 788 2534 exprimit,
799 2493 808 2511 ‘
822 2493 880 2536 qui

176 2545 230 2572 est
239 2546 430 2580 marcor,et
441 2541 719 2584 inexpugnabilis
731 2543 879 2576 uecessi-

176 2597 230 2623 tas
240 2591 372 2631 somni,'
384 2592 496 2633 iuquit
504 2592 624 2625 Celsus
636 2593 697 2626 lib.
707 2603 748 2626 11.
759 2604 837 2636 cap.
846 2598 879 2628 2.

175 2646 184 2659 ‘
198 2652 274 2673 cum
291 2642 495 2674 alienatione
511 2643 659 2676 mentis.’
702 2645 882 2687 Provenit,

178 2696 215 2724 ut
231 2692 327 2724 aiunt
342 2693 477 2734 medici,
500 2703 543 2726 ex
559 2694 685 2735 pituita
700 2694 882 2737 frigidiore

177 2746 214 2774 et
249 2742 449 2784 humidiore,
494 2743 748 2777 madefaciente
787 2756 880 2779 cere-

933 1934 1044 1969 brum,
1061 1933 1150 1965 unde
1167 1933 1276 1965 oritur
1289 1931 1382 1974 pigro
1397 1930 1510 1964 oblivio
1525 1932 1633 1963 omni-

932 1995 988 2016 nm
1004 1994 1131 2025 rerum,
1141 1989 1179 2016 ut
1190 1983 1356 2026 suspicari
1369 1982 1445 2025 quis
1459 1983 1565 2024 possit
1576 1983 1632 2016 hic

930 2034 1113 2076 legendum
1125 2046 1134 2067 ι
1155 2034 1251 2076 pigra
1262 2033 1387 2066 oblivia.

972 2089 1015 2118 58
1041 2087 1126 2118 Tunc
1141 2085 1241 2125 Deus,
1255 2086 1366 2126 Alpini
1381 2087 1434 2128 qui
1447 2085 1546 2125 Juxta
1567 2086 1631 2116 cul-

930 2137 1016 2168 mino
1028 2137 1113 2168 dorsi
1125 2135 1242 2176 Signat
1254 2137 1415 2177 Apollineo
1429 2139 1551 2168 sanctos
1560 2145 1633 2175 cog-

930 2187 1053 2219 nomine
1086 2186 1182 2227 lucos]
1218 2186 1388 2228 Intelligit
1424 2187 1632 2228 Apollinem,

932 2239 990 2280 qui
1005 2239 1189 2276 Vercellis,
1205 2238 1333 2279 oppido
1357 2238 1399 2270 ad
1420 2238 1558 2280 Alpium
1583 2247 1633 2269 ra-

932 2290 1028 2322 dices
1045 2290 1124 2330 sito,
1139 2290 1330 2329 colebatur,
1344 2293 1382 2322 et
1396 2289 1453 2321 nbi
1469 2293 1569 2321 erant
1583 2289 1634 2320 lu-

931 2341 962 2373 ci
988 2341 1140 2383 Apollini
1167 2341 1268 2382 sacri,
1306 2340 1545 2383 Apollineique
1576 2349 1632 2371 vo-

931 2391 1013 2423 catix

981 2447 1024 2475 60
1049 2441 1205 2484 Respicit]
1250 2441 1439 2483 Respicere
1473 2441 1635 2474 dicuutur

931 2493 994 2525 Dii
1021 2502 1096 2524 cum
1121 2492 1196 2533 jam
1226 2492 1333 2523 nostri
1357 2490 1632 2523 reminiscuntur.

937 2542 1031 2575 Tanti
1045 2542 1177 2583 alumni]
1201 2541 1320 2574 Rutilii
1346 2541 1476 2582 egregii
1501 2540 1634 2573 Poetae.

935 2593 1057 2626 Poetae
1074 2593 1164 2624 enim
1187 2592 1349 2624 dicuntur
1364 2591 1490 2623 alumni
1504 2591 1634 2633 Apolli-

934 2654 997 2677 ms.

976 2696 1017 2727 61
1033 2695 1256 2736 Perpessusque
1267 2692 1558 2735 [Praegresmque]
1571 2703 1634 2724 mo-

935 2745 1004 2787 ras]
1027 2745 1070 2778 Id
1093 2745 1196 2786 vulgo
1225 2742 1383 2786 dicimus,
1406 2742 1499 2778 haud
1526 2752 1634 2785 mora,
