1800 3060
229 222 315 265 194
726 234 767 264 P.
801 234 991 267 ΡΑιηΝιι
1029 234 1195 266 ετΑτιι

228 327 343 379 Quis
363 333 438 370 tua
459 328 701 383 colloquiis
720 329 875 370 hilaris
896 329 1103 371 mulcebit
1126 330 1286 371 amatis

226 396 457 438 Pectora‘!
486 397 586 450 quis
608 408 756 448 curas,
777 397 1030 450 mentisque
1051 409 1216 438 arcana
1238 398 1462 440 remittet?

228 463 481 505 Accensum
504 464 607 517 quis
626 464 716 506 bile
735 464 845 514 fera,
867 464 1131 518 famulisque
1151 469 1394 507 tumentem

231 531 401 581 Leniet,
423 531 681 586 ardentique
700 532 746 573 in
769 545 820 573 se
841 530 1048 573 deflectet
1067 532 1123 572 ab
1143 533 1210 574 ira
1223 534 1243 574 ‘l

229 599 446 653 Inceptas
468 600 569 653 quis
587 600 644 640 ab
667 612 740 645 ore
762 600 919 654 dapeS‚
939 599 1170 654 libataque
1192 601 1298 643 vina
1637 600 1694 642 60

228 666 429 717 Auferet,
450 670 494 708 et
514 666 635 708 dulci
656 667 854 709 turbabit
873 672 1036 708 cuncta
1054 667 1213 722 rapina
1227 669 1247 709 ‘t

229 734 347 786 Quis
365 734 604 776 matutinos
626 735 863 789 abrumpet
883 748 1099 776 murmure
1121 747 1300 777 somnos

230 802 476 856 Impositus
496 802 660 852 stratis,
679 802 920 856 abitusque
940 802 1181 844 morabitur
1201 804 1335 845 arctis

232 870 278 912 N
280 870 454 919 exibus,
475 873 609 924 atque
628 870 733 923 ipso
753 871 982 911 revocabit
1002 869 1059 911 ad
1081 870 1236 912 oscula
1255 874 1382 925 poste
1394 872 1415 912 'l

231 937 408 979 Obvius
429 937 605 978 intranti
623 950 775 978 rursus
799 938 901 992 quis
923 938 968 978 in
985 951 1078 988 ora,
1098 951 1359 992 manusque,
1635 939 1693 980 65

229 1005 459 1054 Prosiliet,
480 1004 777 1060 brevibusque
796 1005 1002 1047 humeros
1025 1006 1319 1048 circumdabit
1340 1006 1455 1048 ulnis
1469 1006 1489 1046 l

232 1073 364 1114 Muta
383 1073 542 1114 domus
561 1073 730 1126 pariter
751 1072 1029 1128 desolatique
1051 1078 1254 1127 penates,

232 1140 292 1182 Et
312 1140 425 1181 situs
447 1141 493 1181 in
513 1139 731 1191 thalamis,
754 1144 799 1182 et
818 1146 984 1184 moesta
1005 1141 1180 1183 silentia
1200 1141 1379 1182 mensis.

228 1281 367 1319 superest
386 1279 474 1310 nobis
489 1278 657 1310 recordari.
705 1278 798 1317 Quis,
818 1282 854 1310 ut
877 1278 944 1317 ille,
959 1277 1118 1318 jucunda-s
1136 1279 1232 1310 leniet
1251 1282 1337 1311 tuum
1362 1279 1499 1311 animum
1513 1279 1618 1318 gratis
1630 1288 1695 1310 ner·

229 1319 392 1353 monibus?
418 1321 498 1358 Quis
511 1322 608 1353 solvet
622 1321 833 1353 solicitudine-¹3
847 1324 878 1352 et
892 1321 1005 1352 mentis
1019 1325 1159 1353 secreta?
1183 1322 1264 1357 Quis
1277 1326 1309 1353 te
1322 1323 1486 1354 sustinebit
1499 1322 1560 1353 bile
1573 1321 1698 1363 inflam-

229 1367 360 1403 matum,
373 1368 404 1396 et
414 1363 560 1395 mulcebit
569 1365 684 1396 iratum
697 1365 805 1402 ser-vis,
819 1367 851 1395 et
861 1374 881 1394 a
886 1363 1048 1404 flagranti
1062 1365 1111 1395 ira
1125 1365 1319 1404 detorquebit
1333 1366 1366 1396 in
1380 1369 1432 1397 se?
1450 1365 1532 1400 Quis
1545 1364 1696 1404 rapietab

229 1415 284 1437 ore
305 1410 358 1438 tuo
378 1417 510 1439 semesos
532 1407 627 1446 cibos,
650 1410 682 1438 et
703 1406 853 1446 vinajam
866 1408 1046 1446 degustata,
1061 1410 1091 1438 et
1113 1407 1253 1438 turbabit
1274 1409 1378 1439 omnia
1388 1411 1484 1448 grata
1504 1409 1699 1448 direptione?

232 1449 314 1485 Quis
329 1450 406 1481 lecto
420 1450 568 1482 incubans
581 1459 636 1481 suo
649 1459 806 1481 murmure
820 1450 958 1481 excutiet
973 1450 1160 1481 'nominum
1174 1459 1312 1490 soporem
1322 1454 1336 1482 Ρ
1347 1454 1378 1482 et
1393 1450 1567 1481 retardabit
1580 1450 1697 1481 disces-

230 1501 300 1523 :um
316 1496 403 1524 tuum
415 1493 537 1524 strictis
550 1492 755 1533 amplexibus,
775 1495 807 1524 et
833 1495 864 1524 te
888 1492 1041 1523 revocabit
1064 1494 1105 1523 ad
1118 1503 1175 1524 sua
1189 1494 1292 1524 oscula
1305 1493 1345 1524 ab
1359 1493 1438 1533 ipsis
1443 1493 1591 1529 sor-ibus?
1616 1493 1697 1528 Quis

229 1544 339 1566 rursus
352 1545 515 1566 occurrens
528 1535 734 1574 ingredienti,
753 1535 855 1566 irruet
880 1534 913 1566 in
939 1535 1071 1572 vultum,
1098 1545 1263 1576 manusque
1284 1539 1366 1572 tuas,
1382 1539 1414 1567 et
1427 1536 1540 1567 ambiet
1557 1536 1698 1566 humeros

229 1578 328 1609 curtis
342 1578 501 1610 brachiis?
522 1579 620 1610 AEdes
629 1578 734 1617 silent,
740 1577 863 1618 fateor,
878 1581 910 1609 et
930 1577 1032 1608 orbati
1046 1579 1127 1609 lares
1139 1581 1224 1618 sunt,
1239 1581 1271 1609 et
1291 1580 1434 1620 squalent
1450 1578 1600 1619 cubicula,
1613 1580 1644 1608 et
1661 1578 1694 1608 in

845 1672 905 1684 ‘u

232 1753 263 1774 v.
276 1745 419 1775 ath—56
442 1743 452 1761 ‘
467 1742 642 1785 Displicet
658 1743 788 1784 syllaba
798 1742 908 1774 finalis
920 1744 950 1775 is
966 1743 1068 1776 toties
1084 1743 1253 1785 repetita3
1279 1752 1344 1775 nec
1355 1743 1471 1784 placet
1487 1753 1553 1775 vox
1569 1743 1696 1785 hilaris,

231 1786 361 1817 inutilis
378 1795 533 1826 prorsum
551 1791 587 1817 et
603 1785 786 1827 superflua.
832 1786 1006 1828 Conjicio:
1035 1787 1117 1823 Quis
1139 1790 1195 1818 tua
1217 1786 1389 1827 colloquiis,
1409 1787 1538 1825 Melior,
1550 1786 1695 1819 mulcebit

231 1829 346 1860 amatis
373 1829 505 1860 Pectora
520 1827 537 1861 21
573 1835 612 1859 ut
636 1838 738 1860 versu
762 1828 884 1869 primo.
931 1829 998 1861 Sed
1029 1829 1107 1860 vide
1137 1838 1239 1870 porro
1256 1839 1265 1861 :
1297 1833 1353 1860 tua
1383 1833 1520 1870 pectora.
1566 1829 1697 1869 enjus?

230 1871 410 1903 Glauciae?
436 1871 531 1913 atqui
545 1871 608 1903 hoc
618 1871 804 1903 absurdum
820 1878 874 1903 est
891 1872 934 1903 de
949 1876 1084 1903 mortuo
1104 1871 1234 1903 dicere.
1280 1871 1371 1911 Ergo
1395 1871 1550 1903 Melioris
1565 1872 1578 1902 ?
1598 1872 1694 1913 atqui

231 1923 300 1945 vox
328 1914 388 1945 tibi
403 1924 478 1955 quae
494 1914 596 1945 modo
613 1914 793 1955 praecessit
812 1915 854 1945 ad
881 1914 1060 1946 Glauciam
1076 1915 1240 1955 pertinet,
1256 1918 1294 1945 nt
1308 1914 1395 1945 bene
1420 1914 1543 1954 probat
1559 1914 1694 1946 Grono-

231 1957 317 1989 vius.
362 1957 519 1988 Pessime
544 1957 649 1997 igitur
671 1962 706 1988 et
721 1966 817 1988 more
841 1958 980 1989 minime
996 1966 1057 1989 suo
1072 1956 1155 1988 fecit
1180 1956 1322 1997 Statius,
1336 1957 1365 1987 si
1387 1966 1490 1988 voces
1505 1956 1565 1988 tibi
1578 1961 1616 1990 et
1631 1959 1686 1989 tua

231 1999 377 2031 diversis
394 1999 548 2040 personis
571 1999 810 2039 assignaverit,
827 1999 955 2042 absque
981 2001 1051 2031 ulla
1075 1999 1283 2031 transitionis
1298 2003 1392 2032 nota.
1438 2000 1484 2031 Et
1504 1999 1583 2031 hine
1599 2009 1692 2031 max-

230 2041 298 2073 ime
314 2041 534 2074 confirmatur
549 2042 700 2083 suspicio
715 2051 791 2073 mea
807 2052 924 2074 vocem
956 2042 1070 2074 Melior
1093 2043 1202 2074 latere
1230 2042 1293 2074 sub
1315 2041 1379 2074 ista
1394 2042 1523 2074 hilaris.-
1545 2051 1610 2073 nec
1632 2042 1691 2074 ab·

231 2084 356 2116 ludunt
373 2085 497 2117 literae.
541 2085 613 2116 Pro
627 2085 743 2116 amatis
768 2084 883 2117 Parm.
908 2086 1012 2117 habet
1027 2086 1149 2121 amati,-
1177 2089 1229 2123 ut,
1249 2085 1261 2103 ‘
1276 2090 1411 2116 nostros
1435 2085 1550 2116 vidisti
1575 2083 1691 2117 flentis

230 2127 404 2159 ocellos.”
429 2128 639 2160 marku-58
661 2128 833 2159 Aceensum
847 2129 918 2169 quis
939 2128 999 2160 bile
1019 2126 1135 2167 feret?
1157 2126 1263 2159 Aldd.
1288 2128 1399 2159 Colin.
1423 2127 1554 2169 Gryph.
1578 2128 1693 2159 Plani.

231 2172 298 2202 διο.
311 2171 401 2207 serat
420 2171 538 2202 Parm-
554 2170 646 2202 nnde
662 2171 846 2202 lectionem
869 2177 1020 2203 nostram
1036 2171 1128 2202 eruit
1150 2170 1386 2202 Marklandus.
1431 2171 1503 2202 Pro
1529 2174 1695 2202 tumentem

230 2213 402 2245 Domitius
419 2214 453 2245 in
466 2215 564 2246 Rom.
579 2214 666 2254 legit
680 2217 930 2246 eumentes.—64
955 2215 1054 2246 Rom.
1068 2219 1104 2245 et
1119 2218 1192 2245 vet.
1218 2213 1482 2254 Lindenbrogii:
1506 2217 1597 2254 atque
1608 2214 1692 2254 ipsos

230 2278 240 2288 .
253 2279 261 2288 .
279 2277 287 2286 .
304 2280 312 2288 .
323 2260 438 2297 posces.
484 2258 494 2274 ‘
509 2256 579 2288 Pro
610 2266 687 2297 aque
712 2257 793 2297 ipso,
811 2257 973 2296 plurimas
998 2256 1169 2288 editiones
1193 2256 1319 2288 insedit
1332 2259 1424 2297 atque
1445 2257 1534 2296 ipso:
1573 2265 1693 2296 parurn

231 2299 367 2331 Latine.
413 2299 620 2331 Emendavit
635 2300 839 2330 Bernartius
854 2309 944 2340 aque,
956 2299 1091 2340 utapud
1103 2299 1209 2332 ovid.
1224 2298 1373 2330 Heroid.
1388 2299 1503 2340 Epist.
1521 2307 1602 2330 ιιι.
1617 2301 1693 2331 180.

231 2347 266 2373 et
298 2343 402 2373 Pout.
418 2351 444 2374 1.
473 2341 518 2374 9.’
543 2342 750 2374 ,narret—67
774 2342 870 2373 Muta
894 2343 1002 2373 domm
1025 2341 1174 2382 (fateor)
1203 2342 1405 2382 desolatique.
1441 2341 1549 2374 Aldd.
1579 2341 1690 2372 Colin.

231 2385 365 2426 Gryph.
382 2388 450 2418 ὅτε.
494 2385 698 2417 Lectionem
724 2390 877 2417 nostram
893 2395 937 2416 ex
953 2384 1156 2426 conjectura
1174 2384 1209 2416 in
1232 2389 1366 2416 textum
1382 2384 1497 2416 intulit
1513 2382 1691 2415 Marklan-

892 2475 1036 2508 NOTIE

272 2542 315 2572 60
338 2539 485 2580 Ina-eptas
498 2539 608 2581 dapes]
631 2538 674 2571 Id
688 2543 756 2580 est,
766 2549 848 2582 quas
859 2539 933 2581 jam
990 2538 1071 2570 vina
1091 2538 1155 2570 hac
1180 2536 1345 2570 effusione
1360 2541 1397 2570 et
1418 2537 1459 2569 iis
1481 2545 1692 2571 consecrata.

230 2591 394 2624 mandere
416 2596 571 2632 coeperat
589 2591 729 2632 Melior,
751 2593 800 2624 sic
826 2591 934 2629 libata,
989 2589 1163 2632 Libataque
1177 2589 1266 2631 vina]
1282 2588 1397 2621 Libata
1414 2589 1481 2630 hic,
1497 2588 1695 2631 degustata,

225 2643 299 2684 jam
323 2642 506 2684 degustata
535 2642 578 2674 ab
603 2641 737 2682 eodem,
763 2652 830 2675 non
856 2652 936 2674 vero
990 2640 1284 2682 interpretandum
1300 2649 1437 2672 censeo.

230 2692 340 2725 effusa
375 2693 410 2724 in
446 2691 608 2724 honorem
643 2692 806 2724 Deorum.
856 2693 936 2725 Mos
1033 2693 1072 2722 61
1101 2690 1268 2732 Turbabit]
1289 2690 1389 2722 More
1413 2688 1610 2732 infantium,
1636 2691 1694 2734 qui

230 2743 320 2774 enim
345 2746 420 2774 erat
448 2740 613 2773 fundendi
640 2742 730 2772 humi
763 2742 938 2783 paululum
991 2742 1105 2774 omnia
1116 2742 1273 2774 miscent.
1626 2748 1638 2752 ‘

231 2792 300 2824 vini
311 2792 344 2823 in
359 2792 520 2824 honorem
529 2790 702 2830 Deorum
725 2791 815 2823 unde
831 2792 938 2824 libata
