1800 3060
206 215 292 258 118
711 228 750 258 P.
782 228 976 260 PAP1N11
1011 216 1183 260 s'rA'rtr

209 322 308 365 Nec
330 321 600 377 Pompeiani
621 323 828 377 placeant
847 325 990 378 magis
1011 326 1103 366 otia
1125 325 1271 368 Sarni.

210 390 296 432 Eia
317 404 413 444 age,
434 392 678 446 praeclaros
698 392 831 434 Latio
851 397 1088 447 properate
1110 398 1309 448 nepotes,

211 459 302 511 Qui
323 460 455 513 leges,
476 461 553 514 qui
574 464 723 502 castra
742 460 906 514 legant,
927 460 1003 514 qui
1024 461 1220 502 carmina
1239 460 1406 503 ludant.

208 602 343 624 secessus
369 593 465 624 Sarni
488 593 671 634 Pompeiani
694 595 763 633 plus
783 594 962 634 glorientur
984 595 1050 626 suis
1079 594 1244 636 Nymphis.
1302 594 1363 626 Εἰιι
1385 604 1455 634 nge,
1483 593 1568 625 breti
1600 595 1673 626 dale

212 636 322 667 leomae
335 636 473 668 illustres
491 641 643 677 posterae,
668 637 721 678 qui
742 637 848 669 dicunt
865 638 933 678 jas,
958 637 1012 679 qui
1032 638 1146 669 ducant
1172 637 1340 679 exea-citus,
1355 639 1409 679 qui
1424 637 1672 676 cersusacicmt.

825 743 1062 756 eeeeeeeeeeee

212 822 240 851 l.
259 819 371 852 eicinae
394 830 456 861 pro
484 821 640 853 Lucrina.
665 821 761 854 Leid.
796 822 892 855 Rom.
923 823 1062 854 Vicent.
1092 826 1129 854 et
1144 822 1271 854 Venet.
1295 821 1457 858 Naiades,·
1486 821 1545 852 sed
1573 826 1671 853 recte

210 863 310 894 Urat.
331 873 408 895 cum
437 864 517 896 edd.
534 864 638 897 Aldd.
654 864 765 896 Colin.
783 864 917 907 Gryph.
935 866 1041 898 Basil.
1061 867 1125 898 &c.
1152 866 1298 902 Naides,-
1321 874 1397 896 nam
1415 864 1520 896 Naias
1535 873 1679 905 semper.

212 906 321 937 tribus
346 907 485 948 syllabis
516 911 775 940 constan—266
795 909 907 940 Latios
935 909 1060 940 Venet.
1087 911 1225 940 1.-267
1252 908 1333 941 Sen.
1359 907 1457 940 Vatt.
1488 911 1518 939 l.
1541 910 1575 939 2.
1590 910 1622 939 3.
1640 910 1672 939 4.

211 949 364 981 Merseb.
381 951 478 982 Leid.
495 950 647 983 vindob.
668 951 746 983 Par.
775 952 874 984 Urat.
899 952 1011 993 Capil.
1028 952 1154 983 Venet.
1171 955 1198 983 l.
1229 951 1344 983 Parm.
1371 951 1470 983 Rom.
1496 951 1593 982 Brix.
1610 950 1673 982 Vi-

212 997 304 1024 cent.
327 992 432 1024 Aldd.
448 996 478 1026 1.
493 996 525 1026 2.
545 995 656 1026 enlin.
674 995 807 1036 Gryph.
825 998 855 1027 l.
873 998 903 1026 2.
922 1000 958 1027 et
975 996 1084 1027 Basil.
1098 998 1128 1027 1.
1141 997 1173 1027 2.
1193 998 1296 1026 castra
1308 995 1440 1035 legant,-
1461 994 1566 1026 Bern.
1581 993 1672 1034 conj.

210 1039 335 1078 regant,
347 1037 438 1079 quod
454 1038 584 1079 placuit
600 1038 779 1079 Gevartio,
799 1038 955 1079 Bartbio,
978 1038 1188 1080 Peyraredo,
1212 1036 1354 1080 Hopfio,
1369 1036 1601 1069 Marklando:
1622 1045 1674 1068 re-

870 1153 902 1185 N
907 1152 1012 1185 OTAE

210 1213 312 1253 mag-is
326 1215 391 1246 otia
410 1215 524 1256 Sarni]
548 1216 669 1248 Mens:
696 1217 770 1248 Nec
798 1217 914 1248 Lucri·

211 1275 273 1296 nus
304 1266 412 1307 lacus,
439 1275 504 1298 nec
530 1267 759 1308 Pompeianus
787 1267 914 1299 Sarnus

210 1318 320 1359 magis
335 1319 474 1360 gloriari
494 1319 623 1351 debent
649 1320 718 1351 suis
736 1320 915 1362 Nymphis,

209 1378 309 1410 quam
325 1369 472 1402 Sebetos
483 1369 683 1402 Violantilla
695 1380 755 1402 sua
768 1371 914 1403 alumna.

210 1420 357 1452 Lum‘noe
387 1422 523 1463 Naides]
563 1423 732 1464 Nymphae
775 1423 913 1455 Lucrini

210 1470 317 1503 lacus.
362 1472 474 1504 Lacus
490 1478 604 1505 autem
623 1474 791 1506 Lucrinus
812 1478 864 1506 est
880 1474 914 1505 in

211 1521 398 1564 Campania
421 1523 464 1556 ad
488 1525 604 1556 Sinum
625 1525 791 1557 Baianum
806 1535 916 1567 prope

210 1574 393 1616 Puteolos,
428 1576 484 1617 qui
521 1580 588 1607 tam
618 1577 829 1619 propinquus
861 1580 916 1609 est

213 1622 351 1657 Averno
367 1626 470 1666 lacui,
486 1630 524 1658 ut
540 1626 625 1657 mari
649 1627 914 1668 tempestatibus

211 1675 356 1718 agitato,
385 1676 588 1719 quandoque
605 1677 738 1709 soleant
753 1678 911 1711 misceri:

210 1726 324 1758 dictus
348 1738 367 1759 a
391 1728 487 1759 lucro
504 1732 646 1769 propter
662 1729 914 1762 multitudinem

209 1779 355 1821 piscium
382 1781 437 1823 qui
463 1781 509 1812 ibi
527 1781 764 1823 capiebantur.
806 1782 916 1822 Salsu-

210 1831 273 1863 reis
293 1831 411 1872 antris]
434 1832 544 1864 Antra
570 1832 660 1864 enim
685 1833 843 1866 babitare
866 1835 917 1866 di-

211 1888 338 1914 cuntur
359 1878 541 1924 Nymphae.
586 1882 743 1923 Sulsureis
769 1895 848 1917 vero
871 1886 915 1917 ob

212 1933 489 1975 conjunctionem
506 1945 581 1966 cum
600 1935 737 1967 Averno
754 1937 843 1978 lacu,
858 1947 916 1968 cu-

203 1983 262 2024 jus
280 1994 378 2026 aquae
395 1985 491 2016 salsae
513 1989 549 2016 et
577 1984 684 2026 nigrae
700 1987 917 2028 conspiciun-

214 2040 291 2066 tur:
316 2035 413 2066 salsae
439 2035 576 2077 quidem
604 2036 648 2067 ob
664 2038 801 2069 marinae
818 2048 916 2080 aquae

214 2085 491 2126 permixtionem,
515 2086 623 2128 nigrae
648 2097 730 2119 vero
746 2087 791 2120 ob
814 2090 917 2121 maxi·

211 2146 299 2167 mam
317 2136 546 2169 altitudinem.
592 2138 785 2170 Boccacins
799 2140 918 2172 scribit

212 2197 249 2217 se
264 2187 307 2218 ab
323 2186 387 2218 hoc
404 2188 480 2219 lacu
503 2188 537 2219 in
561 2188 658 2220 littus
673 2189 822 2230 eje-,ctam
850 2191 916 2232 pis-

212 2239 301 2270 cium
319 2239 572 2271 multitudinem
595 2239 732 2281 vidisse,
754 2242 812 2283 qui
829 2242 918 2283 nigri

211 2288 353 2330 fuerint,
378 2295 414 2322 et
431 2289 616 2322 sulfureum
633 2290 774 2323 odorem
797 2293 918 2325 emise-

212 2339 293 2371 rint.
339 2339 439 2372 Anno
467 2343 563 2372 1538.
590 2341 765 2373 cuniculus
782 2342 839 2373 ille
856 2352 916 2374 seu

212 2389 327 2430 incile,
343 2400 406 2431 per
422 2391 512 2432 quod
533 2401 623 2433 aqua
648 2401 692 2423 ex
717 2392 866 2425 Lucrino
880 2394 915 2424 in

215 2439 387 2472 Avernum
431 2441 667 2484 deferebatur,
710 2449 914 2485 erumpente

213 2502 337 2533 magua
354 2493 386 2523 vi
403 2492 504 2533 ignis,
521 2498 556 2525 et
566 2499 689 2525 ruente
700 2504 744 2526 ex
756 2504 795 2526 ea
809 2501 914 2535 terra,

214 2543 352 2583 penitus
383 2543 565 2575 obturatus
596 2549 652 2577 est
690 2549 728 2578 et
766 2545 914 2579 delituit.

211 2594 301 2625 Vide
316 2594 449 2626 AEneid.
464 2603 515 2626 Vl.
529 2597 606 2626 238.

248 2648 310 2676 265
330 2645 512 2686 Pompeiani
527 2645 638 2687 Sarni]
654 2648 779 2679 Sarnus
794 2646 914 2680 fluvius

214 2694 427 2736 Campaniae,
449 2700 562 2727 ortum
593 2696 719 2728 babens
742 2698 777 2729 in
799 2703 916 2730 moute

213 2746 335 2786 Sarno,
356 2747 444 2778 inter
470 2746 720 2789 Pompeianum
737 2759 867 2791 agrum,
880 2755 918 2782 et
931 2786 940 2794 “

213 2797 405 2839 Salernum,
431 2799 532 2840 juxta
555 2800 718 2840 oppidum
746 2802 848 2833 situm
874 2801 917 2834 ad

970 1216 1102 1249 radices
1134 1217 1246 1250 Sarni.
1288 1217 1407 1250 Primo
1433 1227 1510 1249 cum
1549 1226 1671 1259 magno

969 1277 1141 1299 murmure
1157 1267 1346 1308 delabitur,
1358 1277 1435 1300 mox
1450 1268 1484 1299 in
1496 1268 1589 1300 lacus
1603 1277 1673 1299 arn-

969 1318 1044 1358 plos
1068 1317 1209 1357 desiuit,
1223 1318 1280 1360 qni
1296 1328 1418 1360 graves
1433 1318 1554 1350 incolis
1568 1317 1673 1350 nebu-

969 1369 1019 1400 las
1035 1373 1108 1401 toto
1124 1378 1214 1400 anuo
1226 1368 1408 1401 emittunt:
1431 1369 1559 1400 deinde
1573 1378 1673 1400 coac-

970 1423 1023 1452 tus
1041 1420 1181 1461 rupibus
1196 1420 1382 1452 Vesuvium
1404 1425 1553 1452 montem
1570 1420 1672 1452 strin-

970 1471 1031 1512 git,
1056 1476 1093 1504 et
1119 1471 1211 1513 inde,
1234 1481 1341 1513 parvo
1361 1477 1544 1504 contentus
1559 1481 1673 1513 cursu,

971 1522 1007 1554 iu
1023 1532 1116 1555 mare
1125 1523 1342 1564 Tyrrhenum
1354 1528 1576 1556 exoneratur.
1600 1523 1673 1555 No-

969 1583 1047 1606 men
1063 1575 1200 1606 retinet.

1011 1628 1077 1658 266
1099 1626 1164 1657 Eia
1183 1635 1255 1666 age,
1274 1626 1445 1667 preclaros
1456 1624 1552 1656 Latio
1560 1634 1671 1666 prope-

968 1679 1038 1708 rate
1053 1676 1193 1718 nepotes]
1210 1677 1252 1708 In
1267 1675 1573 1708 acclamationibus
1589 1685 1675 1716 nup·

971 1727 1109 1759 tialibus
1136 1727 1304 1768 optabant
1331 1727 1430 1759 novis
1452 1727 1583 1768 sponsis
1603 1726 1674 1758 cito

970 1778 1111 1818 liberos,
1140 1787 1269 1819 eosque
1298 1777 1427 1809 referre
1454 1782 1492 1809 et
1511 1777 1673 1809 decorem

972 1828 1081 1869 patris
1106 1833 1142 1860 et
1165 1828 1368 1869 pudicitiam
1384 1828 1514 1861 matris.
1559 1828 1675 1860 Catul-

971 1881 1021 1911 lus
1036 1881 1154 1921 Epitu.
1171 1880 1279 1912 Maul.
1305 1881 1316 1899 ‘
1331 1880 1455 1912 Ludite
1471 1885 1509 1912 ut
1525 1879 1621 1912 lubet
1637 1883 1675 1912 et

971 1931 1065 1963 brevi
1082 1932 1206 1963 liberos
1224 1930 1330 1963 date!

1013 1985 1074 2014 267
1102 1981 1167 2019 Qui
1185 1983 1281 2022 leges,
1306 1985 1338 2014 et
1359 1985 1465 2014 castra
1485 1982 1607 2023 legant]
1629 1981 1673 2014 Id

972 2039 1038 2074 est,
1068 2034 1125 2075 qui
1152 2039 1232 2075 toga
1263 2042 1303 2065 ac
1333 2043 1412 2074 sago
1443 2034 1673 2075 potentissimi

973 2084 1088 2116 sintin
1115 2084 1326 2125 Republica:
1354 2083 1412 2126 qui
1428 2089 1598 2124 senatum,
1614 2085 1672 2126 qui

973 2136 1115 2167 militem
1140 2136 1270 2176 legant.
1314 2135 1403 2167 Nam
1432 2140 1469 2166 et
1495 2137 1506 2152 ⁸
1523 2134 1674 2167 dilectus

971 2185 1151 2226 militaris‚'
1173 2188 1182 2204 ‘
1194 2186 1360 2227 milesque
1373 2184 1459 2227 legi’
1481 2184 1621 2227 dicitur,
1636 2189 1675 2218 et

971 2240 980 2256 ‘
995 2238 1028 2270 in
1052 2242 1206 2270 senatum
1230 2236 1356 2279 allegi‚'
1377 2241 1415 2269 et
1437 2237 1600 2268 ‘senatus
1623 2237 1672 2269 le-

970 2289 1028 2332 gi‚'
1058 2295 1094 2321 et
1117 2289 1244 2321 ‘lectio
1268 2287 1431 2320 senatus!
1476 2289 1522 2320 Et
1541 2288 1673 2329 dilecti,

972 2351 1035 2382 pro
1050 2347 1184 2382 senatu,
1199 2341 1289 2383 apud
1300 2341 1499 2372 Sallustium
1516 2339 1559 2371 de
1571 2340 1673 2372 Bello

970 2393 1185 2431 Catilinario‚
1215 2393 1415 2424 Ciceronem
1451 2401 1512 2432 pro
1538 2391 1675 2431 Sextio,

969 2449 1005 2475 et
1022 2444 1054 2474 in
1070 2443 1256 2475 Vatinium.
1302 2442 1425 2474 Cicero
1441 2443 1544 2474 etiam
1559 2442 1671 2483 legem

968 2504 988 2525 a
1019 2498 1028 2512 ⁸
1041 2493 1208 2535 legendo’
1233 2493 1387 2535 deducit,
1403 2502 1470 2536 quo
1487 2493 1674 2535 pulcherri-

970 2555 1023 2576 me
1039 2545 1154 2576 allusit
1168 2545 1299 2577 Statius
1315 2545 1374 2576 illo
1389 2554 1450 2576 suo
1466 2545 1588 2584 κεινὴ·
1610 2542 1672 2575 sed

969 2596 1018 2628 ita
1033 2600 1071 2628 ut
1096 2597 1212 2638 ‘leges
1223 2595 1232 2609 '
1254 2605 1317 2637 pro
1331 2595 1528 2627 custodibus
1544 2595 1673 2636 legum,

970 2658 1029 2679 seu
1046 2652 1166 2679 senatu
1183 2647 1288 2679 dicat.
1333 2646 1391 2678 Ita
1413 2650 1450 2677 et
1473 2646 1590 2686 ‘leges
1604 2643 1614 2658 '
1634 2649 1672 2677 et

970 2701 980 2718 ‘
989 2704 1102 2731 castra
1111 2698 1120 2712 ’
1143 2697 1324 2739 conjungit
1336 2697 1369 2728 iu
1379 2696 1582 2728 Surrentino
1593 2695 1675 2727 Pol·

972 2751 1030 2783 lii:
1054 2751 1187 2784 ‘Quem
1210 2758 1277 2781 non
1302 2747 1450 2788 ambigui
1466 2745 1591 2786 fasces,
1604 2754 1673 2778 nou

972 2801 1097 2834 mobile
1114 2800 1243 2842 vulgus,
1261 2799 1340 2832 Non
1355 2798 1460 2839 leges,
1478 2806 1546 2829 non
1561 2802 1674 2830 castra
