1800 3060
218 201 304 244 296

220 307 322 349 Nec
340 306 602 348 formidatus
615 304 819 347 Nemees
840 317 957 361 ager,
978 310 1162 347 antrave
1183 307 1376 358 poscunt

723 211 986 242 P.1‘AP1N11
1021 209 1186 241 STATII

1623 305 1682 348 30

219 374 432 423 Thracia,
453 387 535 414 nec
561 373 710 414 Pharii
730 373 904 427 polluta
925 373 1087 414 altaria
1105 374 1250 425 regis;

221 441 310 483 Sed
332 441 460 491 felix,
479 440 761 494 simplexque
779 439 950 489 domus,
969 439 1264 492 fraudumque
1282 439 1494 481 malarum

220 508 390 559 Inscia‚
412 514 456 548 et
473 507 727 562 hospitibus
749 507 933 561 Superis
952 507 1216 561 dignissima
1238 506 1386 548 sedeS.

221 576 347 618 Pone
367 579 516 617 truces
533 588 677 626 arcus,
697 588 939 630 agmenque
961 576 1128 618 immite
1149 576 1380 630 pharetrae,

221 643 282 684 Et
301 656 451 696 regum
473 643 612 685 multo
633 643 863 697 perfusum
885 644 1100 697 sanguine
1119 644 1269 693 robur,

1625 643 1684 686 35

222 710 556 765 lustratumque
577 711 773 752 humeris
793 711 959 754 dimitte
979 711 1228 765 gerentibus
1249 709 1439 751 hostem.

223 827 333 867 ΙονεΙιὶ,
349 838 404 859 nec
419 828 574 860 timendus
589 838 713 869 campus
732 830 870 868 Nemees,
886 840 942 861 nec
953 830 1106 878 speluncce
1124 827 1278 868 Thracia»,
1301 831 1357 859 aut
1376 837 1442 859 nrae
1465 828 1686 860 contaminata.»

221 869 309 909 reg-is
323 871 474 912 AEgyptii
497 875 528 902 te
554 875 730 911 emmenum
751 873 804 903 sed
823 871 991 910 fortunata
1015 875 1046 904 et
1071 871 1193 902 sincera
1218 871 1338 910 domus,
1362 873 1394 902 et
1414 880 1527 910 ignara
1532 871 1686 910 fraudum

222 914 385 953 malarum,
406 917 436 945 et
452 916 536 946 locus
557 914 684 954 dignus,
700 915 754 955 qui
768 915 900 955 recipiat
916 915 1049 956 hospitio
1064 914 1208 954 Superos.
1253 894 1352 944 Miaet’e
1367 914 1551 944 horrendum
1565 923 1686 952 arcum,

222 959 253 986 ει
265 966 364 987 saevus
376 938 516 996 'sagittas
530 960 592 988 tuae
606 957 776 997 pharetra,
802 961 831 988 et
852 959 971 989 clavam
993 967 1165 997 respersam
1190 965 1298 987 cruore
1318 956 1457 996 plurium
1473 960 1686 997 tyrannm-um,

227 1001 257 1029 et
286 999 402 1040 depone
427 1009 468 1031 ex
494 1000 629 1031 humeris
651 1001 759 1041 pellem
787 1000 895 1041 leonis,
918 1011 1006 1042 quem
1030 999 1181 1032 occidisti.

1226 998 1365 1031 Sublime
1384 998 1533 1040 pulvinar
1554 999 1604 1030 hic
1627 997 1687 1030 tibi

839 1095 1073 1109 “bernw“

224 1160 476 1200 Marklandns3

501 1161 626 1193 iterum
656 1161 809 1193 restituit
838 1161 1012 1201 Handius‚
1035 1169 1135 1202 quem
1167 1159 1245 1192 vide
1275 1159 1318 1191 ad
1347 1169 1373 1191 1.
1397 1159 1491 1200 Sylv.
1515 1161 1688 1191 2160.-

225 1206 266 1234 33
304 1205 418 1235 Nescia
448 1204 481 1235 in
509 1204 710 1245 quibusdam
742 1205 846 1236 libris.
850 1207 935 1235 —34
959 1204 1054 1235 Rom.
1077 1213 1249 1243 agmenque
1271 1203 1382 1234 inmite
1407 1202 1600 1244 pharetram.
1602 1204 1688 1233 -36

224 1245 468 1288 Lusci-utumque
482 1247 626 1279 Venett.
655 1247 771 1279 Parm.
800 1248 896 1279 Rom.
923 1246 1027 1278 Aldd.
1056 1246 1169 1277 Colin.
1192 1246 1324 1288 Gryph.
1341 1247 1406 1276 διο.
1453 1245 1689 1294 lunatumque

225 1290 385 1321 Senensis
401 1289 572 1330 Gemi-tii,
596 1295 631 1321 et
648 1300 732 1321 unus
748 1289 868 1330 Lipsii‚
892 1293 928 1320 ut
944 1289 1031 1331 conj.
1047 1289 1238 1320 Turnebus.
1282 1288 1382 1320 Vidit
1397 1289 1499 1320 etiam
1516 1287 1566 1319 sic
1581 1287 1690 1319 corri-

225 1331 374 1371 gendum
401 1333 554 1365 Joannes
579 1333 751 1364 Meuisius
778 1333 811 1363 iu
837 1332 940 1364 Notis
957 1332 998 1363 ad
1017 1331 1205 1363 Arnobium
1223 1341 1300 1372 pag.
1315 1334 1369 1362 46.
1416 1331 1603 1363 Gevartius
1620 1330 1689 1371 pri-

225 1383 300 1406 mus
326 1374 360 1406 in
388 1380 522 1407 textum
545 1375 692 1408 admisit.
738 1375 835 1407 Idem
863 1385 923 1416 pro
942 1374 1122 1415 gerentibus
1144 1375 1240 1406 malit
1259 1373 1447 1415 rigentibus,
1470 1373 1688 1415 improbante

887 1472 1031 1506 NOTAE

226 1547 366 1588 Nocens]
389 1547 447 1579 Ob
474 1547 617 1590 hydram
638 1559 737 1591 quarn
765 1549 933 1581 Hercules

226 1597 367 1630 occidit.
410 1598 499 1630 Vide
525 1599 638 1632 Theb.
666 1609 720 1633 lv.
739 1603 814 1632 168.
861 1601 932 1631 Μο-

225 1648 341 1690 loro-ki]
366 1649 563 1682 Molorchus
591 1656 711 1692 pastor
734 1651 807 1692 agri
835 1652 932 1682 Cleo-

224 1699 305 1740 naei,
331 1698 394 1742 qui,
419 1700 607 1732 Herculem
634 1701 678 1732 ad
708 1701 932 1733 occidendum

224 1750 359 1782 leonem
394 1750 574 1782 Nemaeum
607 1755 747 1783 euntem
784 1751 933 1793 hospitio

226 1799 393 1841 suscepit.
436 1800 528 1831 Vide
544 1800 671 1832 ibidem
688 1811 738 1833 vs.
751 1803 826 1832 160.

271 1854 313 1883 30
330 1852 399 1883 Nec
403 1851 600 1889 formidatus
611 1853 744 1883 Nemees
756 1851 850 1892 ager]
867 1852 936 1884 Ne-

227 1910 316 1942 mee,
331 1902 428 1943 sylva
443 1907 479 1934 et
494 1906 628 1934 tractus
645 1901 819 1935 Arcasuae.
852 1903 931 1934 For-

226 1952 381 1993 midatus]
407 1951 464 1984 Ob
479 1953 613 1984 leonem
626 1952 820 1992 Nemaeum,
831 1962 932 1994 quem

228 2002 357 2035 occidit
388 2002 571 2034 Hercules.
626 2002 769 2034 Antrave
802 2006 933 2043 poscunt

231 2051 381 2093 Thracia]
404 2052 447 2084 Id
463 2057 528 2092 est,
543 2056 642 2084 antra
653 2062 712 2084 seu
723 2052 858 2084 stabula
874 2053 931 2083 Di-

229 2103 359 2135 omedis
375 2103 466 2145 regis
480 2103 650 2143 Thraciae,
666 2103 726 2145 qui
737 2113 844 2145 equos
858 2113 934 2135 suos

228 2155 377 2187 bumana
391 2164 495 2186 carne
510 2155 773 2197 alebat,quique
789 2155 832 2186 ab
846 2155 936 2187 Her·-

229 2205 308 2237 cule
323 2204 449 2244 victus,
464 2204 561 2246 equis
578 2205 646 2236 suis
673 2205 708 2235 in
734 2204 935 2236 alimentum

230 2255 331 2288 datus
344 2255 423 2288 fuit.
451 2255 596 2288 Ovidius
613 2256 647 2286 in
663 2254 741 2287 Ibin
760 2265 768 2286 2
789 2255 798 2272 ‘
815 2256 864 2286 Ut
879 2255 936 2296 qui

229 2305 383 2338 Threicii
398 2305 568 2347 quondam
586 2305 756 2346 praesepia
772 2305 863 2346 regis
874 2305 937 2336 Fe-

230 2361 353 2388 cerunt
369 2356 514 2398 dapibus
529 2356 791 2398 sanguinolenta
806 2355 903 2387 suis.’

274 2410 316 2440 31
342 2409 410 2440 Nec
425 2408 542 2440 Pharii
556 2409 675 2449 polluta
696 2407 815 2440 altaria
836 2406 938 2448 regis]

230 2458 353 2491 Innuit
369 2469 446 2490 aras
457 2459 638 2499 Busiridis,
654 2458 821 2500 sanguine
835 2458 940 2489 homi·

231 2519 312 2541 num
329 2519 413 2551 quos
441 2509 640 2542 immolabat
661 2508 824 2541 foedatas.
867 2509 935 2540 Bu-

233 2560 310 2593 siris
325 2559 383 2591 ille
398 2569 460 2591 rex
477 2559 633 2600 AEgypti,
650 2565 686 2591 et
702 2558 858 2601 Neptuni
873 2558 937 2590 fili-

231 2623 286 2654 ns,
310 2612 460 2644 advenas
483 2620 599 2643 omnes
624 2611 704 2644 Jovi
730 2610 938 2652 immolabat,

233 2665 374 2706 ipseque
390 2661 528 2695 tandem
544 2661 587 2693 ab
598 2661 753 2695 Hercule
763 2662 798 2694 in
812 2663 938 2704 AEgyp-

234 2719 308 2746 tum
320 2713 436 2746 delato
451 2712 643 2746 immolatus
660 2711 740 2752 fuit,
763 2722 841 2745 cum
866 2711 938 2744 filio

234 2763 541 2808 Amphidamaute,
556 2772 596 2797 ac
613 2763 767 2796 omuibus
783 2773 855 2797 arae
877 2762 938 2796 mi-

988 1548 1118 1581 nistris.
1162 1548 1294 1590 Pharii]
1321 1547 1362 1580 ld
1389 1553 1456 1587 est,
1477 1545 1644 1588 AEgyptii,
1669 1555 1690 1578 a

988 1600 1103 1632 Pharo
1126 1600 1298 1643 quondam
1323 1599 1432 1630 insula
1458 1607 1565 1639 prope
1585 1596 1690 1629 Alex-

987 1650 1154 1691 andriam,
1170 1661 1261 1683 nunc
1276 1654 1380 1682 terrae
1398 1649 1574 1691 adjuncta.

1030 1703 1070 1732 34
1094 1701 1276 1741 Agmenque
1290 1700 1411 1732 immite
1433 1697 1607 1740 pharetroe]
1628 1697 1692 1729 Sa·

988 1751 1092 1792 gittas
1118 1751 1297 1792 intelligit,
1313 1761 1389 1793 quae
1409 1759 1582 1791 nunquam
1603 1747 1691 1780 frus-

988 1802 1181 1843 trabantur,
1220 1802 1311 1834 unde
1349 1800 1470 1833 immite
1497 1803 1598 1832 vocat
1632 1809 1691 1839 ug-

987 1862 1069 1885 men.

1030 1907 1071 1935 35
1097 1903 1219 1944 Robur]
1254 1903 1408 1943 Clavum,
1425 1911 1526 1944 quam
1542 1900 1591 1932 illi
1607 1899 1691 1932 Vul-

987 1963 1091 1986 canus
1107 1954 1216 1986 dedit.

1031 2007 1073 2036 36
1096 2004 1249 2036 Humeris
1275 2001 1471 2044 gerentibus]
1521 2000 1693 2041 Intelligit

988 2054 1113 2096 pellem
1138 2054 1318 2095 leoninam,
1332 2062 1434 2095 quam
1449 2053 1538 2084 laevo
1551 2052 1693 2083 humero

989 2105 1134 2146 gerebat
1158 2115 1178 2138 e
1203 2105 1312 2146 spolio
1327 2104 1435 2136 leonis
1449 2102 1585 2136 Nemaei
1602 2114 1612 2134 τ
1634 2111 1693 2133 cu-

982 2156 1040 2197 jus
1066 2156 1155 2188 rictu
1183 2165 1243 2187 seu
1258 2155 1354 2187 hiatu
1370 2164 1434 2196 pro
1451 2154 1550 2194 galea
1571 2151 1694 2184 uteba-¹

991 2211 1060 2247 tur,
1085 2216 1129 2238 ex
1154 2205 1357 2247 Apollodori
1384 2203 1612 2236 Bibliothecae
1635 2201 1695 2234 lib.

990 2266 1034 2289 ιι.
1081 2256 1272 2288 Ger-entibus
1286 2256 1435 2295 humeri-⁹,
1453 2258 1519 2294 est,
1534 2263 1602 2285 uon
1620 2253 1694 2294 jam

990 2307 1216 2346 luctantibus,
1229 2306 1289 2338 sed
1306 2303 1517 2347 gestantibus
1534 2303 1646 2343 modo,
1660 2306 1696 2334 et

987 2358 1062 2399 jam
1077 2357 1263 2390 victoribus
1285 2355 1446 2387 humeris.
1490 2353 1582 2385 Vide
1597 2352 1696 2384 Liba-

993 2409 1086 2440 nium
1113 2408 1147 2440 in
1174 2406 1345 2448 Exphrasi
1375 2414 1436 2437 seu
1461 2402 1695 2443 descriptione

993 2459 1156 2491 Herculis
1172 2458 1339 2499 gestantis
1359 2465 1455 2487 suem
1478 2451 1696 2494 Erymanthi-

992 2519 1060 2540 um.
1105 2509 1264 2549 Dimitte,
1279 2506 1405 2548 iuquit,
1429 2506 1563 2536 hostem
1579 2504 1694 2535 hume-

991 2559 1049 2598 ris,
1065 2568 1133 2590 non
1149 2558 1271 2599 quibus
1293 2557 1352 2588 ille
1369 2563 1524 2597 pugnans
1538 2553 1699 2595 iuhaeret,

991 2612 1051 2641 aut
1066 2608 1188 2650 quibus
1217 2613 1253 2640 tu
1277 2607 1441 2638 adversus
1457 2614 1533 2638 eum
1551 2614 1698 2646 pugnas,

992 2659 1052 2693 sed
1074 2659 1132 2700 qui
1155 2659 1324 2691 instratum
1343 2657 1420 2698 jam
1442 2661 1586 2698 gerunt:
1611 2665 1699 2698 quos

993 2710 1108 2751 vestit,
1123 2719 1191 2742 non
1206 2709 1410 2751 quibuscum
1424 2708 1587 2740 luctatur.
1613 2706 1696 2738 Gro-

993 2760 1113 2794 novius.
1159 2759 1302 2794 Habent
1317 2757 1455 2802 quidam
1470 2756 1628 2791 codices:
1650 2755 1696 2789 n*-
