1800 3060
138 205 225 253 572

641 222 680 252 P.
713 222 904 253 PAPINH
940 221 1104 253 STATH

141 316 359 367 Heroum,
379 316 572 370 bellique
591 316 764 368 modOS,
786 318 1052 373 positusque
1073 319 1268 361 locorum

142 384 427 426 Monstrabas
444 398 454 426 :
484 385 609 426 labat
629 384 797 427 incerto
814 386 918 427 mihi
939 387 1079 428 limite
1100 399 1253 428 cursus

140 452 207 493 Te
228 453 336 502 sine,
356 456 400 493 et
420 452 589 494 orbatae
612 453 804 506 caligant
821 455 919 495 vela
939 456 1115 496 carinae.

141 520 241 562 Nec
264 522 408 562 solum
428 522 552 574 larga
571 528 730 563 memet
749 522 917 575 pietate
940 522 1151 564 fovebas:

139 589 266 630 Talis
288 595 334 630 et
352 589 398 630 in
419 588 636 630 thalamos
653 603 663 631 ε
693 602 782 630 una
803 589 886 630 tibi
905 591 1083 643 cognita
1109 590 1230 632 taeda

1514 590 1600 632 240

141 656 392 707 Connubia,
415 670 529 698 unus
551 670 700 700 amor:
731 661 853 699 certe
875 657 1099 712 sejungere
1119 663 1306 700 matrem

138 724 169 766 J
173 737 244 766 am
266 723 422 777 gelidis
443 737 616 779 nequeo
638 725 809 777 bustis3
839 728 881 766 te
901 725 1049 775 sentit,
1070 725 1306 779 habetque,

139 791 205 832 Te
224 791 359 841 videt,
381 798 423 834 et
444 791 643 833 tumulos
663 796 844 847 ortuque
865 793 1078 847 obituque
1099 793 1280 843 salutat,

141 859 207 900 Ut
228 859 416 901 Pharios
439 860 542 902 aliae
561 859 669 901 ficta
687 860 856 914 pietate
876 861 1052 902 dolores

142 926 508 982 Mygdoniosque
531 929 692 979 colunt,
712 933 760 970 et
778 942 862 971 non
881 942 964 971 sua
982 930 1132 972 funera
1152 929 1343 983 plorant.

1515 927 1602 970 245

141 993 266 1046 Quid
286 995 470 1037 referam
490 996 723 1050 expositos
744 1001 922 1039 servato
943 997 1132 1051 pondere
1149 1010 1292 1039 mores
1306 997 1326 1038 'l

140 1061 258 1113 Quae
281 1063 459 1117 pietas'l
490 1077 624 1119 quam
643 1064 733 1107 vile
755 1064 957 1106 lucrum?
989 1077 1090 1118 quae
1112 1077 1219 1106 cura
1239 1064 1454 1119 pudoris'l

140 1129 347 1182 Quantus
369 1144 490 1174 amor
509 1132 619 1175 recti
632 1133 652 1174 ‘l
682 1145 940 1188 rursusque,
961 1133 1038 1174 ubi
1059 1132 1190 1175 dulce
1210 1132 1388 1184 remitti,

136 1263 173 1292 tu
187 1260 316 1293 docebas
329 1262 462 1294 scribere
475 1266 547 1295 acta
561 1263 698 1302 heroum,
720 1267 751 1295 et
765 1263 904 1295 rationes
918 1262 1000 1302 belli,
1016 1273 1052 1295 ac
1070 1264 1150 1295 situs
1165 1264 1310 1295 locorum,
1355 1262 1451 1293 Nunc
1472 1260 1538 1293 sine
1564 1263 1598 1293 te

137 1304 252 1344 navigo
273 1305 423 1344 incertus,
447 1310 478 1337 et
487 1308 558 1338 vela
571 1307 662 1338 navis
676 1307 835 1338 destituta:
845 1307 1054 1346 gubernatore
1069 1307 1205 1339 tenebris
1225 1306 1435 1338 involvuntur.
1464 1305 1532 1336 Nec
1546 1313 1596 1335 me

137 1347 237 1378 solum
252 1349 503 1388 complectebaris
516 1348 644 1390 profusa
657 1350 799 1391 pietate;
815 1350 889 1381 talis
900 1359 970 1381 eras
984 1354 1015 1381 et
1030 1349 1065 1381 in
1078 1350 1249 1390 conjugem.
1299 1349 1371 1380 Una
1374 1348 1450 1387 face
1466 1347 1525 1379 tibi
1537 1356 1593 1378 ex-

135 1393 258 1430 per-tam
274 1392 514 1432 matrimonium,
536 1396 566 1424 et
577 1402 655 1424 unus
669 1403 768 1424 amor.
815 1393 908 1425 Certe
926 1403 987 1424 non
1000 1403 1124 1433 possum
1145 1394 1276 1424 avellere
1295 1390 1482 1432 genitricem
1507 1400 1528 1421 a
1539 1393 1595 1421 tuo

137 1432 300 1472 bustojam
309 1434 439 1474 frigido
451 1446 461 1466 :
484 1438 514 1466 te
527 1436 635 1474 sentit,
656 1438 686 1467 te
701 1437 911 1477 amplectitur,
934 1440 964 1466 te
979 1436 1093 1475 cernit,
1115 1439 1145 1467 et
1160 1437 1279 1467 salutat
1294 1445 1361 1466 sera
1375 1444 1411 1465 uc
1437 1443 1526 1465 mane
1545 1441 1594 1462 oe·

133 1476 277 1516 pulcrum
295 1481 383 1509 tuum
393 1488 405 1510 ε
425 1479 505 1509 sicut
517 1478 588 1509 alioe
601 1479 726 1520 plorant
740 1479 887 1510 simulata
909 1478 1025 1519 pietate
1040 1479 1072 1510 in
1087 1479 1186 1510 sacris
1201 1478 1333 1510 Phariis
1347 1487 1384 1508 ac
1403 1475 1597 1518 Mygdoniie,

135 1521 167 1550 et
182 1520 292 1559 lugent
305 1531 366 1552 non
375 1530 443 1552 suos
457 1525 602 1553 mortuos.
635 1522 720 1557 Quid
735 1531 898 1553 memorem
899 1521 1014 1561 faciles
1026 1532 1124 1553 mores
1137 1525 1259 1553 retenta
1271 1521 1432 1561 gravitate
1442 1518 1459 1552 :1
1486 1517 1598 1554 Qualis

135 1563 261 1602 pietas?
307 1565 452 1600 Quantus
466 1564 549 1596 lucri
573 1568 765 1597 contemtus?
790 1565 919 1601 Quanta
941 1575 1016 1596 cura
1038 1565 1235 1596 honestatis?
1268 1565 1430 1600 Quantum
1443 1562 1521 1594 recti
1534 1564 1600 1592 stu-

136 1605 249 1642 dium?
291 1607 335 1639 Et
360 1617 481 1648 rursus,
505 1606 559 1639 ubi
573 1607 703 1648 juvaret
728 1609 874 1640 retaxare
897 1609 1049 1649 anitnum,
1071 1612 1204 1649 quantus
1225 1608 1309 1649 lepor
1322 1603 1448 1638 verbis?
1494 1605 1597 1642 Quam
1632 1612 1635 1613 ⁷

136 1778 267 1811 urebant
282 1778 564 1812 Heinsius.--244
586 1778 632 1811 At
653 1778 791 1811 Pharios
805 1779 934 1812 Venet.
948 1782 980 1813 2.
995 1783 1031 1812 et
1047 1783 1117 1812 vet.
1135 1777 1513 1821 Lindenbrogii.—25⁰.
1533 1779 1597 1810 2⁵1

798 1865 944 1898 NOTIE

178 1933 243 1963 23⁷
261 1928 392 1970 Cursus]
407 1929 607 1970 Navigatio,
621 1930 722 1972 πόρος.
756 1930 843 1963 Cur-

137 1981 202 2013 tius
218 1981 275 2012 lib.
299 1989 335 2012 x.
359 1980 465 2012 ‘Inde
491 1980 666 2013 Numidiae
689 1981 843 2013 solitudi-

136 2031 236 2063 nibus
263 2030 467 2071 peragratis,
492 2040 628 2062 cursum
651 2031 767 2063 Gades
790 2031 842 2063 di-

895 1930 1054 1972 obituque]
1074 1931 1218 1972 Supple,
1233 1929 1326 1962 solis.

937 1985 1002 2014 244
1028 1982 1074 2013 Ut
1089 1982 1225 2013 Pharios
1237 1981 1311 2013 alia·
1315 1980 1398 2023 ficta
1411 1979 1530 2020 pietate
1543 1980 1598 2011 do·

894 2034 976 2065 lares
998 2033 1244 2075 Mygdoniosqnoe
1271 2032 1374 2064 calmet
1399 2034 1431 2063 et
1455 2041 1518 2063 non
1541 2040 1600 2063 sua
1621 2073 1625 2076 -

136 2080 270 2123 rigere?
314 2080 521 2112 Paterculus
551 2081 612 2113 lib.
641 2090 666 2114 1.
701 2082 712 2100 ⁴
730 2082 843 2123 Hujus
885 2082 1155 2124 suneraptorant]
1175 2082 1343 2123 Intelligit
1354 2082 1599 2124 mulieresque

135 2132 256 2164 classis
271 2141 407 2163 cursum
423 2140 501 2163 esse
517 2131 690 2164 directum
704 2133 761 2164 alii
786 2141 843 2164 co·

136 2183 260 2215 lumbae
286 2181 524 2214 antecedentis
548 2183 666 2214 volatu
698 2182 840 2215 ferunt:

137 2234 259 2266 Cicero
275 2233 319 2264 de
338 2233 493 2265 Natura:
517 2234 527 2251 ‘
545 2233 600 2265 Ab
615 2233 742 2265 Etesiis
760 2244 840 2265 ven-

136 2285 181 2317 tis
207 2283 370 2316 maritimi
397 2294 516 2316 cursus
541 2289 578 2316 et
605 2285 737 2316 celeres
763 2285 843 2317 diri-

136 2335 287 2378 guntur!
312 2336 403 2367 Vide
419 2336 691 2377 Propempticon
709 2337 822 2368 Metii.

179 2390 244 2419 238
268 2386 413 2428 Orbatoe]
437 2387 681 2418 Gubernatore
695 2388 843 2420 scilicet.

139 2437 307 2478 caligant]
330 2437 513 2476 Nesciunt,
530 2446 598 2479 quo
615 2437 755 2469 vadunt.

896 2134 981 2167 ficto
1003 2135 1146 2176 planctu
1168 2137 1203 2165 et
1225 2133 1355 2174 ejulatu
1371 2132 1598 2179 celebrabant

897 2194 995 2216 sacra
1010 2183 1124 2221 Isidis,
1140 2193 1215 2225 quae
1230 2193 1293 2225 per
1307 2183 1444 2215 Pharios
1467 2193 1528 2215 seu
1542 2182 1600 2215 ΑΕ-

895 2236 1032 2278 gyptius
1049 2236 1188 2267 dolores
1203 2234 1457 2275 intelliguntur,
1481 2237 1518 2266 et
1533 2234 1601 2274 Cy-

895 2287 990 2319 beles
1005 2297 1081 2329 quae
1107 2296 1168 2327 per
1187 2285 1380 2328 Mygdonios
1404 2294 1464 2316 seu
1489 2284 1599 2326 Phry-

897 2338 982 2379 gios.
1024 2336 1214 2378 Mygdonia
1229 2336 1319 2367 enim
1334 2339 1408 2367 erat
1423 2335 1600 2376 provincia

898 2387 1071 2428 Phrygiae,
1093 2396 1155 2418 seu
1176 2386 1286 2417 vicina
1309 2385 1485 2427 Phrygiae,
1507 2384 1600 2417 unde
1619 2383 1623 2388 ’

897 2448 960 2480 pro
985 2438 1062 2478 ipsa
1085 2436 1238 2477 Phrygia
1251 2436 1407 2468 sumitur.
1452 2435 1598 2468 Nauna

177 2491 244 2520 240
267 2488 307 2519 In
328 2487 496 2528 thalamos]
520 2487 684 2520 Uxorem.
731 2488 842 2530 Taeda]
887 2489 1007 2528 funera
1018 2487 1161 2529 plorant]
1185 2486 1275 2518 Nam
1301 2487 1337 2518 in
1360 2484 1464 2518 Isidis
1489 2485 1595 2517 sacris

137 2541 228 2575 Quia
243 2539 344 2571 taedae
361 2539 395 2570 in
411 2540 553 2580 nuptiis.

188 2593 252 2623 242
283 2591 360 2621 Jam
387 2590 518 2631 gelidis]
555 2590 643 2623 Quia
667 2591 739 2632 jam
769 2595 841 2623 tres

137 2650 272 2675 menses
289 2639 504 2680 effluxerant,
531 2650 574 2672 ex
597 2650 663 2683 quo
687 2642 841 2682 sepultus

139 2697 214 2724 erat
230 2690 396 2732 Papinius
419 2694 530 2731 pater.
577 2691 622 2722 Te
643 2692 752 2733 sentit,
771 2692 841 2734 lya]

139 2742 282 2783 Supple,
299 2746 459 2783 tanquam
474 2746 694 2782 praesentem.

180 2794 243 2827 243
263 2791 422 2834 Tumulus]
443 2791 588 2834 Supple,
603 2792 613 2809 ‘
627 2792 730 2825 tuos!
757 2793 840 2826 Ortu

897 2539 1079 2581 plorabant
1108 2536 1226 2569 Osirin
1254 2541 1414 2569 necatum
1427 2546 1438 2576 ς
1466 2536 1502 2568 in
1526 2535 1594 2576 Cy-

895 2590 988 2622 beles
1004 2594 1118 2620 autem
1134 2587 1258 2629 Attyn,
1280 2586 1337 2629 qui
1352 2586 1417 2619 sihi
1431 2584 1596 2626 genitalia

895 2640 1111 2672 absciderat:
1127 2643 1249 2671 neuter
1263 2642 1379 2670 autem
1391 2635 1434 2667 ad
1446 2644 1504 2667 eas
1517 2644 1596 2676 per-

895 2692 1041 2725 tinebat.

939 2746 1002 2776 248
1023 2742 1084 2774 Ubi
1097 2743 1183 2774 dulce
1196 2739 1332 2780 remitti]
1354 2737 1396 2771 Id
1414 2742 1479 2779 est,
1493 2748 1529 2770 se
1541 2747 1594 2771 re·

894 2794 1046 2834 mittere,
1061 2802 1121 2825 seu
1137 2791 1292 2824 relaxare
1309 2789 1469 2822 animum.
1499 2788 1594 2823 Hine
