<?xml version="1.0" encoding="UTF-8"?>
<!DOCTYPE html PUBLIC "-//W3C//DTD XHTML 1.0 Transitional//EN"
    "http://www.w3.org/TR/xhtml1/DTD/xhtml1-transitional.dtd">
<html xmlns="http://www.w3.org/1999/xhtml" xml:lang="en" lang="en">
 <head>
  <title>
</title>
<meta http-equiv="Content-Type" content="text/html;charset=utf-8" />
  <meta name='ocr-system' content='tesseract 3.04.00' />
  <meta name='ocr-capabilities' content='ocr_page ocr_carea ocr_par ocr_line ocrx_word'/>
</head>
<body>
  <div class='ocr_page' id='page_1' title='image "./operaomniaexedit01statuoft_0112.png"; bbox 0 0 1800 3060; ppageno 0'>
   <div class='ocr_carea' id='block_1_1' title="bbox 189 206 275 250">
    <p class='ocr_par' dir='ltr' id='par_1_1' title="bbox 189 206 275 250">
     <span class='ocr_line' id='line_1_1' title="bbox 189 206 275 250; baseline 0.023 -2"><span class='ocrx_word' id='word_1_1' title='bbox 189 206 275 250; x_wconf 78' lang='lat'><strong>102</strong></span> 
     </span>
    </p>
   </div>
   <div class='ocr_carea' id='block_1_2' title="bbox 688 195 1155 250">
    <p class='ocr_par' dir='ltr' id='par_1_2' title="bbox 688 195 1155 250">
     <span class='ocr_line' id='line_1_2' title="bbox 688 195 1155 250; baseline 0 -2"><span class='ocrx_word' id='word_1_2' title='bbox 688 217 730 248; x_wconf 85' lang='lat' dir='ltr'><strong>P.</strong></span> <span class='ocrx_word' id='word_1_3' title='bbox 764 217 956 248; x_wconf 79' lang='lat' dir='ltr'>PAP1N11</span> <span class='ocrx_word' id='word_1_4' title='bbox 990 195 1155 250; x_wconf 68' lang='lat' dir='ltr'><strong>s‘rATn</strong></span> 
     </span>
    </p>
   </div>
   <div class='ocr_carea' id='block_1_3' title="bbox 186 313 1424 440">
    <p class='ocr_par' dir='ltr' id='par_1_3' title="bbox 186 313 1424 440">
     <span class='ocr_line' id='line_1_3' title="bbox 186 313 1424 371; baseline 0.004 -17"><span class='ocrx_word' id='word_1_5' title='bbox 186 313 380 368; x_wconf 84' lang='lat' dir='ltr'><strong>Jamque</strong></span> <span class='ocrx_word' id='word_1_6' title='bbox 400 325 559 367; x_wconf 87' lang='lat' dir='ltr'><strong>parens</strong></span> <span class='ocrx_word' id='word_1_7' title='bbox 580 313 741 356; x_wconf 81' lang='lat' dir='ltr'><strong>Latius</strong></span> <span class='ocrx_word' id='word_1_8' title='bbox 760 313 913 371; x_wconf 87' lang='lat' dir='ltr'><strong>(cujus</strong></span> <span class='ocrx_word' id='word_1_9' title='bbox 933 328 1216 371; x_wconf 83' lang='lat' dir='ltr'><strong>praenoscere</strong></span> <span class='ocrx_word' id='word_1_10' title='bbox 1236 319 1424 359; x_wconf 81' lang='lat' dir='ltr'><strong>mentem</strong></span> 
     </span>
     <span class='ocr_line' id='line_1_4' title="bbox 189 380 1351 440; baseline 0.003 -18"><span class='ocrx_word' id='word_1_11' title='bbox 189 381 282 424; x_wconf 85' lang='lat' dir='ltr'><strong>Fas</strong></span> <span class='ocrx_word' id='word_1_12' title='bbox 302 380 432 435; x_wconf 91' lang='lat' dir='ltr'><strong>mihi)</strong></span> <span class='ocrx_word' id='word_1_13' title='bbox 452 395 700 436; x_wconf 89' lang='lat' dir='ltr'><strong>purpureos</strong></span> <span class='ocrx_word' id='word_1_14' title='bbox 716 383 914 436; x_wconf 82' lang='lat' dir='ltr'><strong>habituS‚</strong></span> <span class='ocrx_word' id='word_1_15' title='bbox 927 385 1175 440; x_wconf 88' lang='lat' dir='ltr'><strong>juvenique</strong></span> <span class='ocrx_word' id='word_1_16' title='bbox 1197 385 1351 427; x_wconf 88' lang='lat' dir='ltr'><strong>curule</strong></span> 
     </span>
    </p>
   </div>
   <div class='ocr_carea' id='block_1_4' title="bbox 190 443 1270 509">
    <p class='ocr_par' dir='ltr' id='par_1_4' title="bbox 190 443 1270 509">
     <span class='ocr_line' id='line_1_5' title="bbox 190 443 1270 509; baseline 0.005 -18"><span class='ocrx_word' id='word_1_17' title='bbox 190 449 444 503; x_wconf 86' lang='lat' dir='ltr'><strong>Indulgebit</strong></span> <span class='ocrx_word' id='word_1_18' title='bbox 464 451 594 494; x_wconf 89' lang='lat' dir='ltr'><strong>ebur:</strong></span> <span class='ocrx_word' id='word_1_19' title='bbox 626 451 782 495; x_wconf 85' lang='lat' dir='ltr'><strong>Dacas</strong></span> <span class='ocrx_word' id='word_1_20' title='bbox 801 452 925 509; x_wconf 84' lang='lat' dir='ltr'><strong>(quae</strong></span> <span class='ocrx_word' id='word_1_21' title='bbox 946 453 1087 508; x_wconf 86' lang='lat' dir='ltr'><strong>gloria</strong></span> <span class='ocrx_word' id='word_1_22' title='bbox 1106 443 1270 509; x_wconf 85' lang='lat' dir='ltr'><strong>major)</strong></span> 
     </span>
    </p>
   </div>
   <div class='ocr_carea' id='block_1_5' title="bbox 1569 454 1654 498">
    <p class='ocr_par' dir='ltr' id='par_1_5' title="bbox 1569 454 1654 498">
     <span class='ocr_line' id='line_1_6' title="bbox 1569 454 1654 498; baseline 0.024 -2"><span class='ocrx_word' id='word_1_23' title='bbox 1569 454 1654 498; x_wconf 83' lang='lat'><strong>180</strong></span> 
     </span>
    </p>
   </div>
   <div class='ocr_carea' id='block_1_6' title="bbox 186 569 1660 661">
    <p class='ocr_par' dir='ltr' id='par_1_6' title="bbox 186 569 1660 661">
     <span class='ocr_line' id='line_1_7' title="bbox 187 569 1660 616; baseline 0.003 -14"><span class='ocrx_word' id='word_1_24' title='bbox 187 573 220 602; x_wconf 77' lang='lat' dir='ltr'><strong>et</strong></span> <span class='ocrx_word' id='word_1_25' title='bbox 234 570 288 602; x_wconf 78' lang='lat' dir='ltr'><strong>ille</strong></span> <span class='ocrx_word' id='word_1_26' title='bbox 302 570 379 611; x_wconf 77' lang='lat' dir='ltr'><strong>legit</strong></span> <span class='ocrx_word' id='word_1_27' title='bbox 394 580 501 602; x_wconf 82' lang='lat' dir='ltr'><strong>versus</strong></span> <span class='ocrx_word' id='word_1_28' title='bbox 514 570 643 612; x_wconf 53' lang='lat' dir='ltr'><strong>Sibyllae</strong></span> <span class='ocrx_word' id='word_1_29' title='bbox 660 569 817 602; x_wconf 68' lang='lat' dir='ltr'><strong>Euboicae.</strong></span> <span class='ocrx_word' id='word_1_30' title='bbox 861 571 908 602; x_wconf 85' lang='lat' dir='ltr'><strong>Et</strong></span> <span class='ocrx_word' id='word_1_31' title='bbox 915 571 986 611; x_wconf 76' lang='lat' dir='ltr'><strong>J&#39;am</strong></span> <span class='ocrx_word' id='word_1_32' title='bbox 1003 572 1177 614; x_wconf 76' lang='lat' dir='ltr'><strong><em>Imperator</em></strong></span> <span class='ocrx_word' id='word_1_33' title='bbox 1202 573 1307 616; x_wconf 73' lang='lat' dir='ltr'><strong>(cnjus</strong></span> <span class='ocrx_word' id='word_1_34' title='bbox 1329 575 1466 607; x_wconf 79' lang='lat' dir='ltr'><strong>animum</strong></span> <span class='ocrx_word' id='word_1_35' title='bbox 1486 575 1560 608; x_wconf 73' lang='lat' dir='ltr'><strong>licet</strong></span> <span class='ocrx_word' id='word_1_36' title='bbox 1581 575 1660 607; x_wconf 75' lang='lat' dir='ltr'><strong>mihi</strong></span> 
     </span>
     <span class='ocr_line' id='line_1_8' title="bbox 186 613 1660 661; baseline 0.003 -16"><span class='ocrx_word' id='word_1_37' title='bbox 186 613 354 656; x_wconf 72' lang='lat' dir='ltr'><strong>praescire)</strong></span> <span class='ocrx_word' id='word_1_38' title='bbox 369 615 509 646; x_wconf 78' lang='lat' dir='ltr'><strong>concedet</strong></span> <span class='ocrx_word' id='word_1_39' title='bbox 515 614 626 653; x_wconf 75' lang='lat' dir='ltr'><strong>juveni</strong></span> <span class='ocrx_word' id='word_1_40' title='bbox 649 623 824 654; x_wconf 78' lang='lat' dir='ltr'><strong>purpureas</strong></span> <span class='ocrx_word' id='word_1_41' title='bbox 845 619 959 653; x_wconf 75' lang='lat' dir='ltr'><strong>vestes,</strong></span> <span class='ocrx_word' id='word_1_42' title='bbox 985 619 1014 647; x_wconf 83' lang='lat' dir='ltr'><strong>et</strong></span> <span class='ocrx_word' id='word_1_43' title='bbox 1042 618 1180 648; x_wconf 77' lang='lat' dir='ltr'><strong>curulem</strong></span> <span class='ocrx_word' id='word_1_44' title='bbox 1204 619 1312 650; x_wconf 75' lang='lat' dir='ltr'><strong>sellam</strong></span> <span class='ocrx_word' id='word_1_45' title='bbox 1334 619 1512 660; x_wconf 77' lang='lat' dir='ltr'><strong>eburneam,</strong></span> <span class='ocrx_word' id='word_1_46' title='bbox 1534 622 1565 652; x_wconf 79' lang='lat' dir='ltr'><strong>et</strong></span> <span class='ocrx_word' id='word_1_47' title='bbox 1588 618 1660 661; x_wconf 73' lang='lat' dir='ltr'><strong>(qui</strong></span> 
     </span>
    </p>
   </div>
   <div class='ocr_carea' id='block_1_7' title="bbox 812 701 1054 714">
    <p class='ocr_par' dir='ltr' id='par_1_7' title="bbox 812 701 1054 714">
     <span class='ocr_line' id='line_1_9' title="bbox 812 701 1054 714; baseline 0.008 -2"><span class='ocrx_word' id='word_1_48' title='bbox 812 701 970 714; x_wconf 51' lang='lat' dir='ltr'><strong>‘meo</strong></span> <span class='ocrx_word' id='word_1_49' title='bbox 975 703 1054 714; x_wconf 65' lang='lat' dir='ltr'><strong>me</strong></span> 
     </span>
    </p>
   </div>
   <div class='ocr_carea' id='block_1_8' title="bbox 189 752 1674 889">
    <p class='ocr_par' dir='ltr' id='par_1_8' title="bbox 189 752 1674 889">
     <span class='ocr_line' id='line_1_10' title="bbox 191 752 1661 801; baseline 0.005 -17"><span class='ocrx_word' id='word_1_50' title='bbox 191 753 287 785; x_wconf 79' lang='lat' dir='ltr'><strong>movit</strong></span> <span class='ocrx_word' id='word_1_51' title='bbox 307 752 574 787; x_wconf 55' lang='lat' dir='ltr'><strong>Flumina-480</strong></span> <span class='ocrx_word' id='word_1_52' title='bbox 597 754 776 795; x_wconf 78' lang='lat' dir='ltr'><strong>Indulgebiae</strong></span> <span class='ocrx_word' id='word_1_53' title='bbox 805 756 914 788; x_wconf 71' lang='lat' dir='ltr'><strong>doctas</strong></span> <span class='ocrx_word' id='word_1_54' title='bbox 941 759 972 789; x_wconf 79' lang='lat' dir='ltr'><strong>et</strong></span> <span class='ocrx_word' id='word_1_55' title='bbox 998 757 1104 796; x_wconf 78' lang='lat' dir='ltr'><strong>gloria</strong></span> <span class='ocrx_word' id='word_1_56' title='bbox 1127 756 1225 797; x_wconf 80' lang='lat' dir='ltr'><strong>major</strong></span> <span class='ocrx_word' id='word_1_57' title='bbox 1251 758 1378 790; x_wconf 86' lang='lat' dir='ltr'><strong>Venet.</strong></span> <span class='ocrx_word' id='word_1_58' title='bbox 1397 761 1428 790; x_wconf 88' lang='lat'><strong>1.</strong></span> <span class='ocrx_word' id='word_1_59' title='bbox 1454 759 1606 801; x_wconf 68' lang='lat' dir='ltr'><strong>dacaeque</strong></span> <span class='ocrx_word' id='word_1_60' title='bbox 1629 763 1661 792; x_wconf 81' lang='lat' dir='ltr'><strong>et</strong></span> 
     </span>
     <span class='ocr_line' id='line_1_11' title="bbox 189 796 1659 839; baseline 0.005 -12"><span class='ocrx_word' id='word_1_61' title='bbox 189 796 295 836; x_wconf 81' lang='lat' dir='ltr'><strong>gloria</strong></span> <span class='ocrx_word' id='word_1_62' title='bbox 322 796 424 836; x_wconf 68' lang='grc' dir='ltr'><em>παύοι-</em></span> <span class='ocrx_word' id='word_1_63' title='bbox 440 797 540 829; x_wconf 89' lang='lat' dir='ltr'><strong>Urat.</strong></span> <span class='ocrx_word' id='word_1_64' title='bbox 556 807 624 839; x_wconf 78' lang='lat' dir='ltr'><strong>quoe</strong></span> <span class='ocrx_word' id='word_1_65' title='bbox 639 802 685 830; x_wconf 76' lang='lat' dir='ltr'><strong>est</strong></span> <span class='ocrx_word' id='word_1_66' title='bbox 709 799 935 838; x_wconf 76' lang='lat' dir='ltr'><strong>gloriu‘mnjor</strong></span> <span class='ocrx_word' id='word_1_67' title='bbox 963 799 1060 831; x_wconf 87' lang='lat' dir='ltr'><strong>Rom.</strong></span> <span class='ocrx_word' id='word_1_68' title='bbox 1076 799 1219 832; x_wconf 84' lang='lat' dir='ltr'><strong>Vicent.</strong></span> <span class='ocrx_word' id='word_1_69' title='bbox 1233 801 1332 833; x_wconf 84' lang='lat' dir='ltr'><strong>Brix.</strong></span> <span class='ocrx_word' id='word_1_70' title='bbox 1348 802 1488 834; x_wconf 86' lang='lat' dir='ltr'><strong>Venett.</strong></span> <span class='ocrx_word' id='word_1_71' title='bbox 1512 805 1544 834; x_wconf 81' lang='lat'><strong>2.</strong></span> <span class='ocrx_word' id='word_1_72' title='bbox 1570 805 1602 835; x_wconf 76' lang='lat'><strong>3.</strong></span> <span class='ocrx_word' id='word_1_73' title='bbox 1625 805 1659 835; x_wconf 72' lang='lat'><strong>4.</strong></span> 
     </span>
     <span class='ocr_line' id='line_1_12' title="bbox 195 839 1674 889; baseline 0.005 -19"><span class='ocrx_word' id='word_1_74' title='bbox 195 839 299 871; x_wconf 89' lang='lat' dir='ltr'><strong>Aldd.</strong></span> <span class='ocrx_word' id='word_1_75' title='bbox 316 840 428 873; x_wconf 90' lang='lat' dir='ltr'><strong>Colin.</strong></span> <span class='ocrx_word' id='word_1_76' title='bbox 453 840 588 882; x_wconf 80' lang='lat' dir='ltr'><strong>Gryph.</strong></span> <span class='ocrx_word' id='word_1_77' title='bbox 611 843 641 873; x_wconf 90' lang='lat' dir='ltr'><strong>l.</strong></span> <span class='ocrx_word' id='word_1_78' title='bbox 661 844 692 874; x_wconf 81' lang='lat'><strong>2.</strong></span> <span class='ocrx_word' id='word_1_79' title='bbox 715 841 824 874; x_wconf 85' lang='lat' dir='ltr'><strong>Basil.</strong></span> <span class='ocrx_word' id='word_1_80' title='bbox 841 843 909 874; x_wconf 74' lang='grc' dir='ltr'><strong>διο.</strong></span> <span class='ocrx_word' id='word_1_81' title='bbox 930 842 1020 883; x_wconf 87' lang='lat' dir='ltr'><strong>quod</strong></span> <span class='ocrx_word' id='word_1_82' title='bbox 1049 844 1225 876; x_wconf 85' lang='lat' dir='ltr'><strong>revocavit</strong></span> <span class='ocrx_word' id='word_1_83' title='bbox 1247 843 1417 878; x_wconf 82' lang='lat' dir='ltr'><strong>Handius.</strong></span> <span class='ocrx_word' id='word_1_84' title='bbox 1444 855 1513 887; x_wconf 68' lang='grc' dir='ltr'><strong>(μαι</strong></span> <span class='ocrx_word' id='word_1_85' title='bbox 1528 845 1674 889; x_wconf 64' lang='grc' dir='ltr'><strong>ῖεςῑονίιιΔ</strong></span> 
     </span>
    </p>
   </div>
   <div class='ocr_carea' id='block_1_9' title="bbox 853 933 998 966">
    <p class='ocr_par' dir='ltr' id='par_1_9' title="bbox 853 933 998 966">
     <span class='ocr_line' id='line_1_13' title="bbox 853 933 998 966; baseline 0.007 -1"><span class='ocrx_word' id='word_1_86' title='bbox 853 933 998 966; x_wconf 85' lang='lat' dir='ltr'>NOTAE</span> 
     </span>
    </p>
   </div>
   <div class='ocr_carea' id='block_1_10' title="bbox 191 1003 906 2823">
    <p class='ocr_par' dir='ltr' id='par_1_10' title="bbox 191 1003 906 2823">
     <span class='ocr_line' id='line_1_14' title="bbox 191 1003 899 1045; baseline 0 -10"><span class='ocrx_word' id='word_1_87' title='bbox 191 1003 413 1045; x_wconf 80' lang='lat' dir='ltr'><strong>Tarquinium</strong></span> <span class='ocrx_word' id='word_1_88' title='bbox 461 1003 612 1045; x_wconf 87' lang='lat' dir='ltr'><strong>pretium</strong></span> <span class='ocrx_word' id='word_1_89' title='bbox 660 1007 899 1044; x_wconf 89' lang='lat' dir='ltr'><strong>percontatum</strong></span> 
     </span>
     <span class='ocr_line' id='line_1_15' title="bbox 191 1053 902 1096; baseline 0.001 -11"><span class='ocrx_word' id='word_1_90' title='bbox 191 1053 322 1094; x_wconf 87' lang='lat' dir='ltr'><strong>fuisse;</strong></span> <span class='ocrx_word' id='word_1_91' title='bbox 345 1054 435 1086; x_wconf 86' lang='lat' dir='ltr'><strong>illam</strong></span> <span class='ocrx_word' id='word_1_92' title='bbox 450 1054 591 1086; x_wconf 89' lang='lat' dir='ltr'><strong>nimium</strong></span> <span class='ocrx_word' id='word_1_93' title='bbox 607 1055 804 1096; x_wconf 77' lang='lat' dir='ltr'><strong>poposcisse</strong></span> <span class='ocrx_word' id='word_1_94' title='bbox 821 1065 831 1094; x_wconf 89' lang='lat'>;</span> <span class='ocrx_word' id='word_1_95' title='bbox 851 1064 902 1086; x_wconf 86' lang='lat' dir='ltr'><strong>re-</strong></span> 
     </span>
     <span class='ocr_line' id='line_1_16' title="bbox 193 1105 900 1147; baseline 0.001 -11"><span class='ocrx_word' id='word_1_96' title='bbox 193 1115 269 1145; x_wconf 82' lang='lat' dir='ltr'><strong>gem</strong></span> <span class='ocrx_word' id='word_1_97' title='bbox 287 1115 367 1136; x_wconf 87' lang='lat' dir='ltr'><strong>vero</strong></span> <span class='ocrx_word' id='word_1_98' title='bbox 383 1105 544 1146; x_wconf 82' lang='lat' dir='ltr'>irrisisse,</span> <span class='ocrx_word' id='word_1_99' title='bbox 558 1115 703 1147; x_wconf 86' lang='lat' dir='ltr'><strong>eamque</strong></span> <span class='ocrx_word' id='word_1_100' title='bbox 719 1105 762 1137; x_wconf 89' lang='lat' dir='ltr'><strong>de</strong></span> <span class='ocrx_word' id='word_1_101' title='bbox 778 1115 900 1138; x_wconf 84' lang='lat' dir='ltr'><strong>novem</strong></span> 
     </span>
     <span class='ocr_line' id='line_1_17' title="bbox 191 1155 899 1198; baseline 0.004 -12"><span class='ocrx_word' id='word_1_102' title='bbox 191 1155 286 1187; x_wconf 86' lang='lat' dir='ltr'><strong>libris</strong></span> <span class='ocrx_word' id='word_1_103' title='bbox 304 1160 375 1187; x_wconf 88' lang='lat' dir='ltr'><strong>tres</strong></span> <span class='ocrx_word' id='word_1_104' title='bbox 396 1155 592 1196; x_wconf 80' lang='lat' dir='ltr'><strong>deussisse3</strong></span> <span class='ocrx_word' id='word_1_105' title='bbox 612 1156 771 1198; x_wconf 87' lang='lat' dir='ltr'><strong>quodque</strong></span> <span class='ocrx_word' id='word_1_106' title='bbox 796 1157 899 1190; x_wconf 84' lang='lat' dir='ltr'><strong>etiam</strong></span> 
     </span>
     <span class='ocr_line' id='line_1_18' title="bbox 194 1205 902 1248; baseline 0.003 -11"><span class='ocrx_word' id='word_1_107' title='bbox 194 1205 238 1237; x_wconf 90' lang='lat' dir='ltr'><strong>de</strong></span> <span class='ocrx_word' id='word_1_108' title='bbox 263 1206 373 1238; x_wconf 88' lang='lat' dir='ltr'><strong>tribus</strong></span> <span class='ocrx_word' id='word_1_109' title='bbox 399 1207 475 1238; x_wconf 89' lang='lat' dir='ltr'><strong>aliis</strong></span> <span class='ocrx_word' id='word_1_110' title='bbox 495 1207 643 1246; x_wconf 83' lang='lat' dir='ltr'><strong>fecisse;</strong></span> <span class='ocrx_word' id='word_1_111' title='bbox 667 1211 809 1248; x_wconf 84' lang='lat' dir='ltr'><strong>tresque</strong></span> <span class='ocrx_word' id='word_1_112' title='bbox 825 1208 902 1239; x_wconf 87' lang='lat' dir='ltr'><strong>reli-</strong></span> 
     </span>
     <span class='ocr_line' id='line_1_19' title="bbox 193 1257 902 1300; baseline 0.004 -12"><span class='ocrx_word' id='word_1_113' title='bbox 193 1266 278 1299; x_wconf 88' lang='lat' dir='ltr'><strong>quos</strong></span> <span class='ocrx_word' id='word_1_114' title='bbox 293 1257 414 1289; x_wconf 90' lang='lat' dir='ltr'><strong>eodem</strong></span> <span class='ocrx_word' id='word_1_115' title='bbox 435 1258 562 1299; x_wconf 84' lang='lat' dir='ltr'><strong>pretio,</strong></span> <span class='ocrx_word' id='word_1_116' title='bbox 576 1268 644 1300; x_wconf 89' lang='lat' dir='ltr'><strong>quo</strong></span> <span class='ocrx_word' id='word_1_117' title='bbox 667 1268 797 1300; x_wconf 86' lang='lat' dir='ltr'><strong>omnes,</strong></span> <span class='ocrx_word' id='word_1_118' title='bbox 812 1260 902 1291; x_wconf 88' lang='lat' dir='ltr'><strong>velle</strong></span> 
     </span>
     <span class='ocr_line' id='line_1_20' title="bbox 191 1308 902 1352; baseline 0.003 -12"><span class='ocrx_word' id='word_1_119' title='bbox 191 1308 356 1341; x_wconf 84' lang='lat' dir='ltr'><strong>vendere.</strong></span> <span class='ocrx_word' id='word_1_120' title='bbox 380 1310 502 1351; x_wconf 86' lang='lat' dir='ltr'><strong>Itaque</strong></span> <span class='ocrx_word' id='word_1_121' title='bbox 516 1310 676 1342; x_wconf 89' lang='lat' dir='ltr'><strong>miratum</strong></span> <span class='ocrx_word' id='word_1_122' title='bbox 690 1320 804 1352; x_wconf 86' lang='lat' dir='ltr'><strong>regem</strong></span> <span class='ocrx_word' id='word_1_123' title='bbox 822 1320 902 1343; x_wconf 84' lang='lat' dir='ltr'><strong>con·</strong></span> 
     </span>
     <span class='ocr_line' id='line_1_21' title="bbox 191 1357 903 1404; baseline 0.003 -11"><span class='ocrx_word' id='word_1_124' title='bbox 191 1362 353 1393; x_wconf 81' lang='lat' dir='ltr'>stantiam</span> <span class='ocrx_word' id='word_1_125' title='bbox 391 1357 703 1404; x_wconf 86' lang='lat' dir='ltr'><strong>confidentiamque</strong></span> <span class='ocrx_word' id='word_1_126' title='bbox 739 1364 903 1404; x_wconf 87' lang='lat' dir='ltr'><strong>mulieris,</strong></span> 
     </span>
     <span class='ocr_line' id='line_1_22' title="bbox 192 1412 902 1454; baseline 0.003 -11"><span class='ocrx_word' id='word_1_127' title='bbox 192 1412 343 1454; x_wconf 85' lang='lat' dir='ltr'><strong>pretium</strong></span> <span class='ocrx_word' id='word_1_128' title='bbox 371 1413 462 1454; x_wconf 91' lang='lat' dir='ltr'><strong>quod</strong></span> <span class='ocrx_word' id='word_1_129' title='bbox 487 1414 632 1454; x_wconf 78' lang='lat' dir='ltr'><strong>petebat</strong></span> <span class='ocrx_word' id='word_1_130' title='bbox 647 1413 794 1454; x_wconf 84' lang='lat' dir='ltr'>dedisse,</span> <span class='ocrx_word' id='word_1_131' title='bbox 811 1424 902 1446; x_wconf 85' lang='lat' dir='ltr'><strong>eam-</strong></span> 
     </span>
     <span class='ocr_line' id='line_1_23' title="bbox 192 1465 902 1507; baseline 0.001 -12"><span class='ocrx_word' id='word_1_132' title='bbox 192 1473 258 1505; x_wconf 85' lang='lat' dir='ltr'><strong>que</strong></span> <span class='ocrx_word' id='word_1_133' title='bbox 291 1474 311 1496; x_wconf 73' lang='grc' dir='ltr'><strong>ει</strong></span> <span class='ocrx_word' id='word_1_134' title='bbox 337 1465 522 1507; x_wconf 85' lang='lat' dir='ltr'><strong>Tarquinio</strong></span> <span class='ocrx_word' id='word_1_135' title='bbox 552 1465 754 1506; x_wconf 78' lang='lat' dir='ltr'>digressam,</span> <span class='ocrx_word' id='word_1_136' title='bbox 782 1470 902 1506; x_wconf 87' lang='lat' dir='ltr'><strong>postea</strong></span> 
     </span>
     <span class='ocr_line' id='line_1_24' title="bbox 193 1515 902 1557; baseline 0 -11"><span class='ocrx_word' id='word_1_137' title='bbox 193 1523 360 1557; x_wconf 86' lang='lat' dir='ltr'><strong>nusquam</strong></span> <span class='ocrx_word' id='word_1_138' title='bbox 384 1515 450 1546; x_wconf 90' lang='lat' dir='ltr'><strong>loci</strong></span> <span class='ocrx_word' id='word_1_139' title='bbox 474 1525 538 1547; x_wconf 89' lang='lat' dir='ltr'><strong>nec</strong></span> <span class='ocrx_word' id='word_1_140' title='bbox 564 1516 680 1555; x_wconf 80' lang='lat' dir='ltr'><strong>visam,</strong></span> <span class='ocrx_word' id='word_1_141' title='bbox 705 1524 769 1547; x_wconf 89' lang='lat' dir='ltr'><strong>nec</strong></span> <span class='ocrx_word' id='word_1_142' title='bbox 796 1525 902 1556; x_wconf 88' lang='lat' dir='ltr'><strong>appa·</strong></span> 
     </span>
     <span class='ocr_line' id='line_1_25' title="bbox 193 1565 903 1597; baseline 0 -1"><span class='ocrx_word' id='word_1_143' title='bbox 193 1566 311 1596; x_wconf 86' lang='lat' dir='ltr'><strong>ruisse.</strong></span> <span class='ocrx_word' id='word_1_144' title='bbox 354 1565 449 1597; x_wconf 80' lang='lat' dir='ltr'>Libri</span> <span class='ocrx_word' id='word_1_145' title='bbox 480 1570 551 1597; x_wconf 83' lang='lat' dir='ltr'><strong>tres</strong></span> <span class='ocrx_word' id='word_1_146' title='bbox 573 1566 608 1597; x_wconf 90' lang='lat' dir='ltr'><strong>in</strong></span> <span class='ocrx_word' id='word_1_147' title='bbox 635 1565 820 1597; x_wconf 84' lang='lat' dir='ltr'><strong>sacrarium</strong></span> <span class='ocrx_word' id='word_1_148' title='bbox 837 1565 903 1597; x_wconf 92' lang='lat' dir='ltr'><strong>Ca-</strong></span> 
     </span>
     <span class='ocr_line' id='line_1_26' title="bbox 193 1615 902 1658; baseline 0 -10"><span class='ocrx_word' id='word_1_149' title='bbox 193 1616 308 1658; x_wconf 85' lang='lat' dir='ltr'><strong>pitolii</strong></span> <span class='ocrx_word' id='word_1_150' title='bbox 323 1616 456 1648; x_wconf 88' lang='lat' dir='ltr'><strong>conditi</strong></span> <span class='ocrx_word' id='word_1_151' title='bbox 478 1615 680 1658; x_wconf 85' lang='lat' dir='ltr'><strong>‘Sibyllini’</strong></span> <span class='ocrx_word' id='word_1_152' title='bbox 704 1617 829 1648; x_wconf 85' lang='lat' dir='ltr'><strong>vocati.</strong></span> <span class='ocrx_word' id='word_1_153' title='bbox 856 1616 902 1648; x_wconf 86' lang='lat'><strong>11-</strong></span> 
     </span>
     <span class='ocr_line' id='line_1_27' title="bbox 193 1659 903 1708; baseline 0.001 -10"><span class='ocrx_word' id='word_1_154' title='bbox 193 1667 227 1699; x_wconf 91' lang='lat' dir='ltr'><strong>lo</strong></span> <span class='ocrx_word' id='word_1_155' title='bbox 251 1659 378 1707; x_wconf 84' lang='lat' dir='ltr'><strong>autern,</strong></span> <span class='ocrx_word' id='word_1_156' title='bbox 401 1666 528 1699; x_wconf 89' lang='lat' dir='ltr'><strong>Sociali</strong></span> <span class='ocrx_word' id='word_1_157' title='bbox 551 1667 655 1708; x_wconf 88' lang='lat' dir='ltr'><strong>bello,</strong></span> <span class='ocrx_word' id='word_1_158' title='bbox 677 1671 813 1707; x_wconf 87' lang='lat' dir='ltr'><strong>exusto,</strong></span> <span class='ocrx_word' id='word_1_159' title='bbox 829 1676 903 1699; x_wconf 88' lang='lat' dir='ltr'><strong>cre·</strong></span> 
     </span>
     <span class='ocr_line' id='line_1_28' title="bbox 192 1717 906 1761; baseline -0.001 -11"><span class='ocrx_word' id='word_1_160' title='bbox 192 1719 362 1760; x_wconf 76' lang='lat' dir='ltr'><strong>mutisque</strong></span> <span class='ocrx_word' id='word_1_161' title='bbox 378 1718 430 1750; x_wconf 88' lang='lat' dir='ltr'><strong>his</strong></span> <span class='ocrx_word' id='word_1_162' title='bbox 454 1718 560 1755; x_wconf 90' lang='lat' dir='ltr'><strong>libris,</strong></span> <span class='ocrx_word' id='word_1_163' title='bbox 586 1718 732 1760; x_wconf 73' lang='lat' dir='ltr'><strong>quaesita</strong></span> <span class='ocrx_word' id='word_1_164' title='bbox 753 1717 906 1761; x_wconf 81' lang='lat' dir='ltr'><strong>fuerunt,</strong></span> 
     </span>
     <span class='ocr_line' id='line_1_29' title="bbox 195 1770 902 1812; baseline -0.001 -10"><span class='ocrx_word' id='word_1_165' title='bbox 195 1773 335 1803; x_wconf 86' lang='lat' dir='ltr'><strong>auctore</strong></span> <span class='ocrx_word' id='word_1_166' title='bbox 349 1770 473 1803; x_wconf 85' lang='lat' dir='ltr'><strong>Tacito</strong></span> <span class='ocrx_word' id='word_1_167' title='bbox 487 1770 578 1803; x_wconf 85' lang='lat' dir='ltr'><strong>Anu.</strong></span> <span class='ocrx_word' id='word_1_168' title='bbox 595 1779 648 1802; x_wconf 80' lang='lat' dir='ltr'><strong>vi.</strong></span> <span class='ocrx_word' id='word_1_169' title='bbox 693 1770 808 1807; x_wconf 88' lang='lat' dir='ltr'><strong>Samo,</strong></span> <span class='ocrx_word' id='word_1_170' title='bbox 824 1770 902 1812; x_wconf 91' lang='lat' dir='ltr'><strong>Ilio,</strong></span> 
     </span>
     <span class='ocr_line' id='line_1_30' title="bbox 191 1820 901 1864; baseline -0.001 -10"><span class='ocrx_word' id='word_1_171' title='bbox 191 1822 368 1864; x_wconf 82' lang='lat' dir='ltr'>Erythris,</span> <span class='ocrx_word' id='word_1_172' title='bbox 391 1831 454 1863; x_wconf 90' lang='lat' dir='ltr'><strong>per</strong></span> <span class='ocrx_word' id='word_1_173' title='bbox 480 1820 634 1853; x_wconf 88' lang='lat' dir='ltr'><strong>Africam</strong></span> <span class='ocrx_word' id='word_1_174' title='bbox 658 1821 774 1861; x_wconf 86' lang='lat' dir='ltr'><strong>etiam,</strong></span> <span class='ocrx_word' id='word_1_175' title='bbox 797 1825 901 1862; x_wconf 89' lang='lat' dir='ltr'><strong>atque</strong></span> 
     </span>
     <span class='ocr_line' id='line_1_31' title="bbox 194 1871 903 1913; baseline -0.001 -10"><span class='ocrx_word' id='word_1_176' title='bbox 194 1871 326 1913; x_wconf 82' lang='lat' dir='ltr'>Asiam,</span> <span class='ocrx_word' id='word_1_177' title='bbox 349 1877 385 1905; x_wconf 91' lang='lat' dir='ltr'><strong>et</strong></span> <span class='ocrx_word' id='word_1_178' title='bbox 403 1872 542 1904; x_wconf 80' lang='lat' dir='ltr'><strong>Italicas</strong></span> <span class='ocrx_word' id='word_1_179' title='bbox 560 1872 725 1910; x_wconf 81' lang='lat' dir='ltr'><strong>colonias,</strong></span> <span class='ocrx_word' id='word_1_180' title='bbox 743 1871 903 1903; x_wconf 75' lang='lat' dir='ltr'><strong>Carmina</strong></span> 
     </span>
     <span class='ocr_line' id='line_1_32' title="bbox 193 1922 902 1966; baseline -0.003 -11"><span class='ocrx_word' id='word_1_181' title='bbox 193 1923 346 1966; x_wconf 82' lang='lat' dir='ltr'><strong>Sibyllae,</strong></span> <span class='ocrx_word' id='word_1_182' title='bbox 369 1933 451 1963; x_wconf 84' lang='lat' dir='ltr'><strong>una,</strong></span> <span class='ocrx_word' id='word_1_183' title='bbox 475 1933 534 1955; x_wconf 84' lang='lat' dir='ltr'><strong>seu</strong></span> <span class='ocrx_word' id='word_1_184' title='bbox 562 1923 676 1964; x_wconf 88' lang='lat' dir='ltr'><strong>plures</strong></span> <span class='ocrx_word' id='word_1_185' title='bbox 697 1922 848 1961; x_wconf 84' lang='lat' dir='ltr'><strong>fuerunt,</strong></span> <span class='ocrx_word' id='word_1_186' title='bbox 863 1926 902 1954; x_wconf 86' lang='lat' dir='ltr'><strong>ut</strong></span> 
     </span>
     <span class='ocr_line' id='line_1_33' title="bbox 196 1972 902 2016; baseline -0.001 -11"><span class='ocrx_word' id='word_1_187' title='bbox 196 1974 301 2016; x_wconf 80' lang='lat' dir='ltr'><strong>aliqui</strong></span> <span class='ocrx_word' id='word_1_188' title='bbox 333 1975 466 2010; x_wconf 89' lang='lat' dir='ltr'><strong>volunt,</strong></span> <span class='ocrx_word' id='word_1_189' title='bbox 495 1974 682 2016; x_wconf 85' lang='lat' dir='ltr'><strong>datumque</strong></span> <span class='ocrx_word' id='word_1_190' title='bbox 707 1972 902 2005; x_wconf 83' lang='lat' dir='ltr'><strong>Sacerdoti-</strong></span> 
     </span>
     <span class='ocr_line' id='line_1_34' title="bbox 196 2025 902 2068; baseline 0 -12"><span class='ocrx_word' id='word_1_191' title='bbox 196 2025 259 2057; x_wconf 85' lang='lat' dir='ltr'><strong>bus</strong></span> <span class='ocrx_word' id='word_1_192' title='bbox 283 2025 472 2067; x_wconf 81' lang='lat' dir='ltr'><strong>negotium,</strong></span> <span class='ocrx_word' id='word_1_193' title='bbox 495 2029 659 2068; x_wconf 83' lang='lat' dir='ltr'><strong>qnantum</strong></span> <span class='ocrx_word' id='word_1_194' title='bbox 675 2025 822 2056; x_wconf 84' lang='lat' dir='ltr'><strong>humana</strong></span> <span class='ocrx_word' id='word_1_195' title='bbox 835 2034 902 2065; x_wconf 83' lang='lat' dir='ltr'><strong>ope</strong></span> 
     </span>
     <span class='ocr_line' id='line_1_35' title="bbox 196 2074 902 2117; baseline -0.001 -10"><span class='ocrx_word' id='word_1_196' title='bbox 196 2076 399 2117; x_wconf 84' lang='lat' dir='ltr'><strong>potuissent,</strong></span> <span class='ocrx_word' id='word_1_197' title='bbox 415 2086 495 2107; x_wconf 88' lang='lat' dir='ltr'><strong>vera</strong></span> <span class='ocrx_word' id='word_1_198' title='bbox 515 2075 725 2108; x_wconf 80' lang='lat' dir='ltr'><strong>discernere.</strong></span> <span class='ocrx_word' id='word_1_199' title='bbox 768 2074 902 2116; x_wconf 78' lang='lat' dir='ltr'><strong>Augus-</strong></span> 
     </span>
     <span class='ocr_line' id='line_1_36' title="bbox 195 2125 903 2169; baseline -0.003 -11"><span class='ocrx_word' id='word_1_200' title='bbox 195 2131 251 2159; x_wconf 85' lang='lat' dir='ltr'><strong>tus</strong></span> <span class='ocrx_word' id='word_1_201' title='bbox 277 2136 371 2167; x_wconf 86' lang='lat' dir='ltr'><strong>vero,</strong></span> <span class='ocrx_word' id='word_1_202' title='bbox 385 2127 550 2169; x_wconf 88' lang='lat' dir='ltr'><strong>quicquid</strong></span> <span class='ocrx_word' id='word_1_203' title='bbox 564 2126 783 2158; x_wconf 67' lang='lat' dir='ltr'><strong>fatidicorum</strong></span> <span class='ocrx_word' id='word_1_204' title='bbox 802 2125 903 2157; x_wconf 87' lang='lat' dir='ltr'><strong>libro·</strong></span> 
     </span>
     <span class='ocr_line' id='line_1_37' title="bbox 196 2177 903 2221; baseline -0.003 -12"><span class='ocrx_word' id='word_1_205' title='bbox 196 2187 270 2210; x_wconf 90' lang='lat' dir='ltr'><strong>rum</strong></span> <span class='ocrx_word' id='word_1_206' title='bbox 287 2179 407 2211; x_wconf 83' lang='lat' dir='ltr'><strong>Graeci</strong></span> <span class='ocrx_word' id='word_1_207' title='bbox 437 2178 619 2221; x_wconf 82' lang='lat' dir='ltr'><strong>Latinique</strong></span> <span class='ocrx_word' id='word_1_208' title='bbox 644 2178 776 2220; x_wconf 81' lang='lat' dir='ltr'><strong>generis</strong></span> <span class='ocrx_word' id='word_1_209' title='bbox 799 2177 903 2208; x_wconf 84' lang='lat' dir='ltr'><strong>nullis</strong></span> 
     </span>
     <span class='ocr_line' id='line_1_38' title="bbox 196 2228 903 2272; baseline -0.004 -10"><span class='ocrx_word' id='word_1_210' title='bbox 196 2231 252 2262; x_wconf 89' lang='lat' dir='ltr'><strong>vel</strong></span> <span class='ocrx_word' id='word_1_211' title='bbox 277 2240 395 2272; x_wconf 87' lang='lat' dir='ltr'><strong>parum</strong></span> <span class='ocrx_word' id='word_1_212' title='bbox 425 2229 555 2262; x_wconf 84' lang='lat' dir='ltr'>idoneis</span> <span class='ocrx_word' id='word_1_213' title='bbox 579 2229 776 2262; x_wconf 81' lang='lat' dir='ltr'><strong>auctoribus</strong></span> <span class='ocrx_word' id='word_1_214' title='bbox 801 2228 903 2269; x_wconf 86' lang='lat' dir='ltr'><strong>vulgo</strong></span> 
     </span>
     <span class='ocr_line' id='line_1_39' title="bbox 195 2281 904 2323; baseline -0.001 -10"><span class='ocrx_word' id='word_1_215' title='bbox 195 2281 386 2323; x_wconf 77' lang='lat' dir='ltr'><strong>ferebatur,</strong></span> <span class='ocrx_word' id='word_1_216' title='bbox 402 2291 504 2323; x_wconf 84' lang='lat' dir='ltr'><strong>supra</strong></span> <span class='ocrx_word' id='word_1_217' title='bbox 520 2281 587 2313; x_wconf 91' lang='lat' dir='ltr'><strong>duo</strong></span> <span class='ocrx_word' id='word_1_218' title='bbox 603 2281 708 2312; x_wconf 86' lang='lat' dir='ltr'><strong>millia</strong></span> <span class='ocrx_word' id='word_1_219' title='bbox 723 2283 904 2312; x_wconf 85' lang='lat' dir='ltr'><strong>contracta</strong></span> 
     </span>
     <span class='ocr_line' id='line_1_40' title="bbox 197 2330 904 2374; baseline -0.006 -10"><span class='ocrx_word' id='word_1_220' title='bbox 197 2332 348 2374; x_wconf 86' lang='lat' dir='ltr'><strong>undique</strong></span> <span class='ocrx_word' id='word_1_221' title='bbox 375 2332 556 2371; x_wconf 89' lang='lat' dir='ltr'><strong>cremavit,</strong></span> <span class='ocrx_word' id='word_1_222' title='bbox 582 2341 622 2363; x_wconf 88' lang='lat' dir='ltr'><strong>ac</strong></span> <span class='ocrx_word' id='word_1_223' title='bbox 647 2331 738 2363; x_wconf 86' lang='lat' dir='ltr'><strong>solos</strong></span> <span class='ocrx_word' id='word_1_224' title='bbox 760 2330 904 2362; x_wconf 78' lang='lat' dir='ltr'><strong>retinuit</strong></span> 
     </span>
     <span class='ocr_line' id='line_1_41' title="bbox 195 2380 904 2424; baseline -0.003 -11"><span class='ocrx_word' id='word_1_225' title='bbox 195 2382 402 2424; x_wconf 88' lang='lat' dir='ltr'><strong>Sibyllinos:</strong></span> <span class='ocrx_word' id='word_1_226' title='bbox 428 2383 487 2414; x_wconf 76' lang='lat' dir='ltr'><strong>‘nos</strong></span> <span class='ocrx_word' id='word_1_227' title='bbox 511 2391 645 2424; x_wconf 91' lang='lat' dir='ltr'><strong>quoque</strong></span> <span class='ocrx_word' id='word_1_228' title='bbox 662 2381 791 2412; x_wconf 88' lang='lat' dir='ltr'><strong>dilectu</strong></span> <span class='ocrx_word' id='word_1_229' title='bbox 808 2380 904 2412; x_wconf 85' lang='lat' dir='ltr'><strong>habi-</strong></span> 
     </span>
     <span class='ocr_line' id='line_1_42' title="bbox 198 2430 904 2474; baseline -0.004 -9"><span class='ocrx_word' id='word_1_230' title='bbox 198 2438 233 2465; x_wconf 91' lang='lat' dir='ltr'><strong>to</strong></span> <span class='ocrx_word' id='word_1_231' title='bbox 249 2444 255 2463; x_wconf 92' lang='lat'>:</span> <span class='ocrx_word' id='word_1_232' title='bbox 279 2433 501 2474; x_wconf 85' lang='lat' dir='ltr'><strong>condiditque</strong></span> <span class='ocrx_word' id='word_1_233' title='bbox 525 2433 657 2464; x_wconf 86' lang='lat' dir='ltr'><strong>duobus</strong></span> <span class='ocrx_word' id='word_1_234' title='bbox 672 2430 790 2463; x_wconf 83' lang='lat' dir='ltr'><strong>forulis</strong></span> <span class='ocrx_word' id='word_1_235' title='bbox 805 2441 904 2462; x_wconf 85' lang='lat' dir='ltr'><strong>aura·</strong></span> 
     </span>
     <span class='ocr_line' id='line_1_43' title="bbox 195 2481 903 2524; baseline -0.004 -8"><span class='ocrx_word' id='word_1_236' title='bbox 195 2484 240 2516; x_wconf 90' lang='lat' dir='ltr'><strong>tis</strong></span> <span class='ocrx_word' id='word_1_237' title='bbox 255 2483 317 2515; x_wconf 89' lang='lat' dir='ltr'><strong>sub</strong></span> <span class='ocrx_word' id='word_1_238' title='bbox 333 2483 483 2515; x_wconf 86' lang='lat' dir='ltr'><strong>Palatini</strong></span> <span class='ocrx_word' id='word_1_239' title='bbox 508 2482 677 2524; x_wconf 80' lang='lat' dir='ltr'><strong>Apollinis</strong></span> <span class='ocrx_word' id='word_1_240' title='bbox 700 2481 784 2514; x_wconf 82' lang='lat' dir='ltr'><strong>basi.</strong></span> <span class='ocrx_word' id='word_1_241' title='bbox 830 2481 903 2513; x_wconf 81' lang='lat' dir='ltr'><strong>Ho-</strong></span> 
     </span>
     <span class='ocr_line' id='line_1_44' title="bbox 198 2533 904 2574; baseline -0.006 -7"><span class='ocrx_word' id='word_1_242' title='bbox 198 2544 274 2568; x_wconf 90' lang='lat' dir='ltr'><strong>rum</strong></span> <span class='ocrx_word' id='word_1_243' title='bbox 304 2538 420 2566; x_wconf 75' lang='lat' dir='ltr'><strong>autem</strong></span> <span class='ocrx_word' id='word_1_244' title='bbox 447 2533 610 2565; x_wconf 86' lang='lat' dir='ltr'><strong>librorum</strong></span> <span class='ocrx_word' id='word_1_245' title='bbox 646 2533 904 2574; x_wconf 78' lang='lat' dir='ltr'><strong>Sibyllinorum,</strong></span> 
     </span>
     <span class='ocr_line' id='line_1_45' title="bbox 197 2583 905 2627; baseline -0.007 -8"><span class='ocrx_word' id='word_1_246' title='bbox 197 2591 312 2619; x_wconf 86' lang='lat' dir='ltr'><strong>stante</strong></span> <span class='ocrx_word' id='word_1_247' title='bbox 327 2585 533 2627; x_wconf 87' lang='lat' dir='ltr'><strong>Republica,</strong></span> <span class='ocrx_word' id='word_1_248' title='bbox 548 2590 585 2616; x_wconf 89' lang='lat' dir='ltr'><strong>et</strong></span> <span class='ocrx_word' id='word_1_249' title='bbox 608 2585 671 2617; x_wconf 90' lang='lat' dir='ltr'><strong>sub</strong></span> <span class='ocrx_word' id='word_1_250' title='bbox 687 2583 905 2626; x_wconf 86' lang='lat' dir='ltr'><strong>imperatori-</strong></span> 
     </span>
     <span class='ocr_line' id='line_1_46' title="bbox 198 2634 903 2679; baseline -0.007 -9"><span class='ocrx_word' id='word_1_251' title='bbox 198 2638 274 2679; x_wconf 77' lang='lat' dir='ltr'><strong>buS‚</strong></span> <span class='ocrx_word' id='word_1_252' title='bbox 286 2637 353 2670; x_wconf 83' lang='lat' dir='ltr'><strong>fuit</strong></span> <span class='ocrx_word' id='word_1_253' title='bbox 367 2636 515 2668; x_wconf 87' lang='lat' dir='ltr'><strong>maxima</strong></span> <span class='ocrx_word' id='word_1_254' title='bbox 531 2636 736 2676; x_wconf 81' lang='lat' dir='ltr'><strong>auctoritas,</strong></span> <span class='ocrx_word' id='word_1_255' title='bbox 754 2634 903 2676; x_wconf 85' lang='lat' dir='ltr'><strong>nihilque</strong></span> 
     </span>
     <span class='ocr_line' id='line_1_47' title="bbox 195 2686 905 2731; baseline -0.006 -10"><span class='ocrx_word' id='word_1_256' title='bbox 195 2690 312 2731; x_wconf 85' lang='lat' dir='ltr'><strong>magui</strong></span> <span class='ocrx_word' id='word_1_257' title='bbox 337 2687 502 2721; x_wconf 89' lang='lat' dir='ltr'><strong>momenti</strong></span> <span class='ocrx_word' id='word_1_258' title='bbox 526 2687 616 2719; x_wconf 89' lang='lat' dir='ltr'><strong>domi</strong></span> <span class='ocrx_word' id='word_1_259' title='bbox 632 2696 691 2718; x_wconf 89' lang='lat' dir='ltr'><strong>seu</strong></span> <span class='ocrx_word' id='word_1_260' title='bbox 707 2686 801 2727; x_wconf 84' lang='lat' dir='ltr'><strong>foris,</strong></span> <span class='ocrx_word' id='word_1_261' title='bbox 816 2694 905 2728; x_wconf 84' lang='lat' dir='ltr'><strong>pace</strong></span> 
     </span>
     <span class='ocr_line' id='line_1_48' title="bbox 198 2735 902 2780; baseline -0.007 -8"><span class='ocrx_word' id='word_1_262' title='bbox 198 2749 259 2772; x_wconf 89' lang='lat' dir='ltr'><strong>seu</strong></span> <span class='ocrx_word' id='word_1_263' title='bbox 274 2739 377 2780; x_wconf 88' lang='lat' dir='ltr'><strong>bello,</strong></span> <span class='ocrx_word' id='word_1_264' title='bbox 393 2738 570 2780; x_wconf 76' lang='lat' dir='ltr'><strong>agebatur,</strong></span> <span class='ocrx_word' id='word_1_265' title='bbox 584 2737 649 2769; x_wconf 90' lang='lat' dir='ltr'><strong>nisi</strong></span> <span class='ocrx_word' id='word_1_266' title='bbox 664 2738 713 2769; x_wconf 88' lang='lat' dir='ltr'><strong>his</strong></span> <span class='ocrx_word' id='word_1_267' title='bbox 726 2735 902 2779; x_wconf 80' lang='lat' dir='ltr'><strong>inspectis.</strong></span> 
     </span>
     <span class='ocr_line' id='line_1_49' title="bbox 199 2787 905 2823; baseline -0.006 0"><span class='ocrx_word' id='word_1_268' title='bbox 199 2790 335 2823; x_wconf 85' lang='lat' dir='ltr'><strong>Horum</strong></span> <span class='ocrx_word' id='word_1_269' title='bbox 363 2789 522 2823; x_wconf 85' lang='lat' dir='ltr'><strong>custodia</strong></span> <span class='ocrx_word' id='word_1_270' title='bbox 557 2789 657 2822; x_wconf 84' lang='lat' dir='ltr'><strong>initio</strong></span> <span class='ocrx_word' id='word_1_271' title='bbox 694 2787 905 2821; x_wconf 83' lang='lat' dir='ltr'><strong>demandata</strong></span> 
     </span>
    </p>
   </div>
   <div class='ocr_carea' id='block_1_11' title="bbox 953 1002 1664 2828">
    <p class='ocr_par' dir='ltr' id='par_1_11' title="bbox 953 1002 1663 2166">
     <span class='ocr_line' id='line_1_50' title="bbox 953 1002 1660 1048; baseline 0.008 -14"><span class='ocrx_word' id='word_1_272' title='bbox 953 1002 1019 1035; x_wconf 81' lang='lat' dir='ltr'><strong>fuit</strong></span> <span class='ocrx_word' id='word_1_273' title='bbox 1033 1003 1166 1036; x_wconf 79' lang='lat' dir='ltr'><strong>duobus</strong></span> <span class='ocrx_word' id='word_1_274' title='bbox 1178 1005 1273 1046; x_wconf 89' lang='lat' dir='ltr'><strong>viris,</strong></span> <span class='ocrx_word' id='word_1_275' title='bbox 1283 1006 1341 1048; x_wconf 90' lang='lat' dir='ltr'><strong>qui</strong></span> <span class='ocrx_word' id='word_1_276' title='bbox 1356 1006 1535 1038; x_wconf 88' lang='lat' dir='ltr'><strong>Duumviri</strong></span> <span class='ocrx_word' id='word_1_277' title='bbox 1545 1017 1660 1040; x_wconf 89' lang='lat' dir='ltr'><strong>sacro-</strong></span> 
     </span>
     <span class='ocr_line' id='line_1_51' title="bbox 953 1055 1654 1099; baseline 0.007 -13"><span class='ocrx_word' id='word_1_278' title='bbox 953 1064 1027 1087; x_wconf 90' lang='lat' dir='ltr'><strong>rum</strong></span> <span class='ocrx_word' id='word_1_279' title='bbox 1045 1055 1142 1096; x_wconf 86' lang='lat' dir='ltr'><strong>dicti,</strong></span> <span class='ocrx_word' id='word_1_280' title='bbox 1154 1056 1369 1099; x_wconf 83' lang='lat' dir='ltr'><strong>Patriciique</strong></span> <span class='ocrx_word' id='word_1_281' title='bbox 1381 1063 1492 1092; x_wconf 88' lang='lat' dir='ltr'><strong>erant.</strong></span> <span class='ocrx_word' id='word_1_282' title='bbox 1515 1059 1654 1092; x_wconf 81' lang='lat' dir='ltr'><strong>Deinde</strong></span> 
     </span>
     <span class='ocr_line' id='line_1_52' title="bbox 954 1105 1662 1149; baseline 0.008 -12"><span class='ocrx_word' id='word_1_283' title='bbox 954 1105 1138 1138; x_wconf 83' lang='lat' dir='ltr'><strong>honoribus</strong></span> <span class='ocrx_word' id='word_1_284' title='bbox 1166 1108 1379 1149; x_wconf 81' lang='lat' dir='ltr'><strong>Reipublicae</strong></span> <span class='ocrx_word' id='word_1_285' title='bbox 1406 1109 1547 1142; x_wconf 86' lang='lat' dir='ltr'><strong>Plebeis</strong></span> <span class='ocrx_word' id='word_1_286' title='bbox 1572 1119 1662 1143; x_wconf 90' lang='lat' dir='ltr'><strong>com-</strong></span> 
     </span>
     <span class='ocr_line' id='line_1_53' title="bbox 954 1157 1662 1198; baseline 0.007 -10"><span class='ocrx_word' id='word_1_287' title='bbox 954 1158 1149 1198; x_wconf 80' lang='lat' dir='ltr'><strong>municatis,</strong></span> <span class='ocrx_word' id='word_1_288' title='bbox 1165 1157 1286 1190; x_wconf 87' lang='lat' dir='ltr'><strong>decem</strong></span> <span class='ocrx_word' id='word_1_289' title='bbox 1310 1158 1394 1191; x_wconf 83' lang='lat' dir='ltr'><strong>facti</strong></span> <span class='ocrx_word' id='word_1_290' title='bbox 1418 1165 1496 1192; x_wconf 86' lang='lat' dir='ltr'><strong>sunt</strong></span> <span class='ocrx_word' id='word_1_291' title='bbox 1511 1171 1553 1192; x_wconf 83' lang='lat' dir='ltr'><strong>ex</strong></span> <span class='ocrx_word' id='word_1_292' title='bbox 1569 1166 1662 1194; x_wconf 88' lang='lat' dir='ltr'><strong>utro-</strong></span> 
     </span>
     <span class='ocr_line' id='line_1_54' title="bbox 955 1208 1662 1252; baseline 0.007 -13"><span class='ocrx_word' id='word_1_293' title='bbox 955 1218 1020 1250; x_wconf 88' lang='lat' dir='ltr'><strong>que</strong></span> <span class='ocrx_word' id='word_1_294' title='bbox 1045 1208 1177 1241; x_wconf 79' lang='lat' dir='ltr'><strong>ordine.</strong></span> <span class='ocrx_word' id='word_1_295' title='bbox 1222 1208 1331 1242; x_wconf 84' lang='lat' dir='ltr'><strong>Auxit</strong></span> <span class='ocrx_word' id='word_1_296' title='bbox 1362 1219 1539 1242; x_wconf 87' lang='lat' dir='ltr'><strong>numerum</strong></span> <span class='ocrx_word' id='word_1_297' title='bbox 1566 1211 1662 1252; x_wconf 83' lang='lat' dir='ltr'><strong>Sylla</strong></span> 
     </span>
     <span class='ocr_line' id='line_1_55' title="bbox 954 1259 1661 1303; baseline 0.008 -12"><span class='ocrx_word' id='word_1_298' title='bbox 954 1269 1062 1301; x_wconf 87' lang='lat' dir='ltr'><strong>usque</strong></span> <span class='ocrx_word' id='word_1_299' title='bbox 1093 1259 1135 1292; x_wconf 86' lang='lat' dir='ltr'><strong>ad</strong></span> <span class='ocrx_word' id='word_1_300' title='bbox 1175 1261 1382 1303; x_wconf 85' lang='lat' dir='ltr'><strong>quindecim,</strong></span> <span class='ocrx_word' id='word_1_301' title='bbox 1416 1262 1472 1303; x_wconf 85' lang='lat' dir='ltr'><strong>qui</strong></span> <span class='ocrx_word' id='word_1_302' title='bbox 1502 1272 1661 1297; x_wconf 78' lang='lat' dir='ltr'><strong>numerus</strong></span> 
     </span>
     <span class='ocr_line' id='line_1_56' title="bbox 955 1311 1660 1353; baseline 0.006 -12"><span class='ocrx_word' id='word_1_303' title='bbox 955 1311 1060 1342; x_wconf 81' lang='lat' dir='ltr'><strong>eliam</strong></span> <span class='ocrx_word' id='word_1_304' title='bbox 1092 1312 1202 1343; x_wconf 82' lang='lat' dir='ltr'><strong>crevit</strong></span> <span class='ocrx_word' id='word_1_305' title='bbox 1229 1311 1271 1343; x_wconf 92' lang='lat' dir='ltr'><strong>ad</strong></span> <span class='ocrx_word' id='word_1_306' title='bbox 1301 1312 1492 1353; x_wconf 86' lang='lat' dir='ltr'><strong>sexaginta,</strong></span> <span class='ocrx_word' id='word_1_307' title='bbox 1523 1318 1660 1345; x_wconf 76' lang='lat' dir='ltr'><strong>retento</strong></span> 
     </span>
     <span class='ocr_line' id='line_1_57' title="bbox 956 1362 1661 1403; baseline 0.001 -8"><span class='ocrx_word' id='word_1_308' title='bbox 956 1365 1070 1395; x_wconf 83' lang='lat' dir='ltr'><strong>tamen</strong></span> <span class='ocrx_word' id='word_1_309' title='bbox 1102 1362 1208 1403; x_wconf 83' lang='lat' dir='ltr'><strong>priori</strong></span> <span class='ocrx_word' id='word_1_310' title='bbox 1244 1362 1564 1396; x_wconf 83' lang='lat' dir='ltr'><strong>Quindecimvirnm</strong></span> <span class='ocrx_word' id='word_1_311' title='bbox 1601 1373 1661 1396; x_wconf 89' lang='lat' dir='ltr'><strong>no·</strong></span> 
     </span>
     <span class='ocr_line' id='line_1_58' title="bbox 955 1412 1661 1452; baseline 0.003 -8"><span class='ocrx_word' id='word_1_312' title='bbox 955 1413 1059 1452; x_wconf 87' lang='lat' dir='ltr'><strong>mine,</strong></span> <span class='ocrx_word' id='word_1_313' title='bbox 1076 1418 1114 1444; x_wconf 89' lang='lat' dir='ltr'><strong>ut</strong></span> <span class='ocrx_word' id='word_1_314' title='bbox 1130 1413 1215 1444; x_wconf 89' lang='lat' dir='ltr'><strong>dicit</strong></span> <span class='ocrx_word' id='word_1_315' title='bbox 1229 1413 1368 1445; x_wconf 88' lang='lat' dir='ltr'><strong>Servius</strong></span> <span class='ocrx_word' id='word_1_316' title='bbox 1381 1412 1424 1444; x_wconf 90' lang='lat' dir='ltr'><strong>ad</strong></span> <span class='ocrx_word' id='word_1_317' title='bbox 1438 1412 1530 1445; x_wconf 89' lang='lat' dir='ltr'><strong>illum</strong></span> <span class='ocrx_word' id='word_1_318' title='bbox 1548 1414 1661 1446; x_wconf 87' lang='lat' dir='ltr'><strong>locum</strong></span> 
     </span>
     <span class='ocr_line' id='line_1_59' title="bbox 955 1463 1663 1505; baseline 0.004 -12"><span class='ocrx_word' id='word_1_319' title='bbox 955 1463 1112 1504; x_wconf 80' lang='lat' dir='ltr'><strong>Virgilii3</strong></span> <span class='ocrx_word' id='word_1_320' title='bbox 1151 1465 1160 1482; x_wconf 90' lang='lat'>‘</span> <span class='ocrx_word' id='word_1_321' title='bbox 1177 1464 1370 1505; x_wconf 87' lang='lat' dir='ltr'><strong>Lectosque</strong></span> <span class='ocrx_word' id='word_1_322' title='bbox 1394 1464 1537 1496; x_wconf 82' lang='lat' dir='ltr'><strong>sacrabo</strong></span> <span class='ocrx_word' id='word_1_323' title='bbox 1561 1463 1663 1496; x_wconf 82' lang='lat' dir='ltr'><strong>Alma</strong></span> 
     </span>
     <span class='ocr_line' id='line_1_60' title="bbox 957 1513 1662 1557; baseline 0.003 -12"><span class='ocrx_word' id='word_1_324' title='bbox 957 1513 1070 1546; x_wconf 83' lang='lat' dir='ltr'><strong>viros.&#39;</strong></span> <span class='ocrx_word' id='word_1_325' title='bbox 1102 1514 1148 1547; x_wconf 89' lang='lat' dir='ltr'><strong>Hi</strong></span> <span class='ocrx_word' id='word_1_326' title='bbox 1164 1513 1336 1556; x_wconf 81' lang='lat' dir='ltr'><strong>suffragiis</strong></span> <span class='ocrx_word' id='word_1_327' title='bbox 1352 1515 1470 1557; x_wconf 87' lang='lat' dir='ltr'><strong>populi</strong></span> <span class='ocrx_word' id='word_1_328' title='bbox 1486 1515 1662 1557; x_wconf 83' lang='lat' dir='ltr'><strong>eligeban-</strong></span> 
     </span>
     <span class='ocr_line' id='line_1_61' title="bbox 958 1565 1661 1608; baseline 0.003 -12"><span class='ocrx_word' id='word_1_329' title='bbox 958 1570 1014 1596; x_wconf 85' lang='lat' dir='ltr'><strong>tur</strong></span> <span class='ocrx_word' id='word_1_330' title='bbox 1043 1565 1119 1605; x_wconf 85' lang='lat' dir='ltr'><strong>lege</strong></span> <span class='ocrx_word' id='word_1_331' title='bbox 1147 1565 1326 1597; x_wconf 82' lang='lat' dir='ltr'><strong>Domitia:</strong></span> <span class='ocrx_word' id='word_1_332' title='bbox 1356 1571 1459 1597; x_wconf 82' lang='lat' dir='ltr'><strong>antea</strong></span> <span class='ocrx_word' id='word_1_333' title='bbox 1479 1566 1661 1608; x_wconf 80' lang='lat' dir='ltr'><strong>aconegio</strong></span> 
     </span>
     <span class='ocr_line' id='line_1_62' title="bbox 956 1615 1662 1658; baseline 0.006 -13"><span class='ocrx_word' id='word_1_334' title='bbox 956 1615 1222 1656; x_wconf 82' lang='lat' dir='ltr'><strong>cooptabantur.</strong></span> <span class='ocrx_word' id='word_1_335' title='bbox 1264 1616 1358 1648; x_wconf 90' lang='lat' dir='ltr'><strong>Hinc</strong></span> <span class='ocrx_word' id='word_1_336' title='bbox 1394 1621 1492 1658; x_wconf 84' lang='lat' dir='ltr'><strong>patet</strong></span> <span class='ocrx_word' id='word_1_337' title='bbox 1521 1617 1662 1650; x_wconf 84' lang='lat' dir='ltr'><strong>Stellam</strong></span> 
     </span>
     <span class='ocr_line' id='line_1_63' title="bbox 957 1664 1661 1702; baseline 0.006 -4"><span class='ocrx_word' id='word_1_338' title='bbox 957 1664 1272 1698; x_wconf 83' lang='lat' dir='ltr'><strong>Qnindecimvirum</strong></span> <span class='ocrx_word' id='word_1_339' title='bbox 1302 1665 1428 1699; x_wconf 84' lang='lat' dir='ltr'><strong>fuisse:</strong></span> <span class='ocrx_word' id='word_1_340' title='bbox 1461 1668 1542 1701; x_wconf 83' lang='lat' dir='ltr'><strong>solis</strong></span> <span class='ocrx_word' id='word_1_341' title='bbox 1570 1669 1661 1702; x_wconf 84' lang='lat' dir='ltr'><strong>euim</strong></span> 
     </span>
     <span class='ocr_line' id='line_1_64' title="bbox 957 1717 1662 1760; baseline 0.009 -13"><span class='ocrx_word' id='word_1_342' title='bbox 957 1717 1247 1751; x_wconf 86' lang='lat' dir='ltr'><strong>Qnindecimviris</strong></span> <span class='ocrx_word' id='word_1_343' title='bbox 1277 1718 1583 1760; x_wconf 75' lang='lat' dir='ltr'><strong>librosSibyllinos</strong></span> <span class='ocrx_word' id='word_1_344' title='bbox 1610 1719 1662 1752; x_wconf 74' lang='lat' dir='ltr'><strong>in·</strong></span> 
     </span>
     <span class='ocr_line' id='line_1_65' title="bbox 957 1767 1661 1812; baseline 0.004 -12"><span class='ocrx_word' id='word_1_345' title='bbox 957 1767 1125 1809; x_wconf 86' lang='lat' dir='ltr'><strong>spiciendi</strong></span> <span class='ocrx_word' id='word_1_346' title='bbox 1141 1768 1202 1809; x_wconf 88' lang='lat' dir='ltr'><strong>jus</strong></span> <span class='ocrx_word' id='word_1_347' title='bbox 1226 1773 1315 1809; x_wconf 83' lang='lat' dir='ltr'><strong>erat,</strong></span> <span class='ocrx_word' id='word_1_348' title='bbox 1345 1769 1404 1802; x_wconf 89' lang='lat' dir='ltr'><strong>sed</strong></span> <span class='ocrx_word' id='word_1_349' title='bbox 1428 1775 1543 1803; x_wconf 83' lang='lat' dir='ltr'><strong>tamen</strong></span> <span class='ocrx_word' id='word_1_350' title='bbox 1560 1771 1661 1812; x_wconf 86' lang='lat' dir='ltr'><strong>jussu</strong></span> 
     </span>
     <span class='ocr_line' id='line_1_66' title="bbox 954 1818 1660 1863; baseline 0.008 -14"><span class='ocrx_word' id='word_1_351' title='bbox 954 1818 1111 1852; x_wconf 85' lang='lat' dir='ltr'><strong>Senatus.</strong></span> <span class='ocrx_word' id='word_1_352' title='bbox 1155 1819 1222 1851; x_wconf 85' lang='lat' dir='ltr'><strong>Via</strong></span> <span class='ocrx_word' id='word_1_353' title='bbox 1236 1819 1454 1853; x_wconf 79' lang='lat' dir='ltr'><strong>Domitiana:</strong></span> <span class='ocrx_word' id='word_1_354' title='bbox 1477 1822 1487 1838; x_wconf 94' lang='lat'>‘</span> <span class='ocrx_word' id='word_1_355' title='bbox 1500 1822 1576 1854; x_wconf 82' lang='lat' dir='ltr'><strong>Nec</strong></span> <span class='ocrx_word' id='word_1_356' title='bbox 1586 1821 1660 1863; x_wconf 82' lang='lat' dir='ltr'><strong>jam</strong></span> 
     </span>
     <span class='ocr_line' id='line_1_67' title="bbox 956 1869 1662 1915; baseline 0.008 -15"><span class='ocrx_word' id='word_1_357' title='bbox 956 1869 1114 1911; x_wconf 87' lang='lat' dir='ltr'><strong>putribus</strong></span> <span class='ocrx_word' id='word_1_358' title='bbox 1126 1871 1264 1902; x_wconf 85' lang='lat' dir='ltr'><strong>evoluta</strong></span> <span class='ocrx_word' id='word_1_359' title='bbox 1275 1871 1400 1903; x_wconf 79' lang='lat' dir='ltr'><strong>chartis</strong></span> <span class='ocrx_word' id='word_1_360' title='bbox 1408 1872 1547 1904; x_wconf 84' lang='lat' dir='ltr'><strong>Solenni</strong></span> <span class='ocrx_word' id='word_1_361' title='bbox 1557 1882 1662 1915; x_wconf 84' lang='lat' dir='ltr'><strong>prece</strong></span> 
     </span>
     <span class='ocr_line' id='line_1_68' title="bbox 956 1920 1662 1962; baseline 0.006 -10"><span class='ocrx_word' id='word_1_362' title='bbox 956 1920 1148 1962; x_wconf 85' lang='lat' dir='ltr'><strong>quindecim</strong></span> <span class='ocrx_word' id='word_1_363' title='bbox 1190 1922 1340 1953; x_wconf 82' lang='lat' dir='ltr'><strong>virorum</strong></span> <span class='ocrx_word' id='word_1_364' title='bbox 1375 1922 1556 1955; x_wconf 84' lang='lat' dir='ltr'><strong>Perlustra</strong></span> <span class='ocrx_word' id='word_1_365' title='bbox 1583 1933 1662 1956; x_wconf 89' lang='lat' dir='ltr'><strong>mea</strong></span> 
     </span>
     <span class='ocr_line' id='line_1_69' title="bbox 956 1971 1663 2014; baseline 0.006 -12"><span class='ocrx_word' id='word_1_366' title='bbox 956 1971 1074 2004; x_wconf 65' lang='lat' dir='ltr'><strong>dicta:</strong></span> <span class='ocrx_word' id='word_1_367' title='bbox 1115 1971 1190 2004; x_wconf 85' lang='lat' dir='ltr'><strong>Hos</strong></span> <span class='ocrx_word' id='word_1_368' title='bbox 1201 1972 1307 2004; x_wconf 88' lang='lat' dir='ltr'><strong>libros</strong></span> <span class='ocrx_word' id='word_1_369' title='bbox 1323 1971 1510 2014; x_wconf 86' lang='lat' dir='ltr'><strong>Sibyllinos</strong></span> <span class='ocrx_word' id='word_1_370' title='bbox 1531 1975 1663 2006; x_wconf 79' lang='lat' dir='ltr'><strong>exussit</strong></span> 
     </span>
     <span class='ocr_line' id='line_1_70' title="bbox 955 2022 1663 2065; baseline 0.006 -11"><span class='ocrx_word' id='word_1_371' title='bbox 955 2022 1101 2055; x_wconf 84' lang='lat' dir='ltr'><strong>Stilicho</strong></span> <span class='ocrx_word' id='word_1_372' title='bbox 1126 2023 1319 2064; x_wconf 79' lang='lat' dir='ltr'><strong>imperante</strong></span> <span class='ocrx_word' id='word_1_373' title='bbox 1354 2023 1522 2065; x_wconf 84' lang='lat' dir='ltr'><strong>Honorio,</strong></span> <span class='ocrx_word' id='word_1_374' title='bbox 1555 2024 1663 2058; x_wconf 86' lang='lat' dir='ltr'><strong>Quin-</strong></span> 
     </span>
     <span class='ocr_line' id='line_1_71' title="bbox 957 2072 1661 2115; baseline 0.006 -11"><span class='ocrx_word' id='word_1_375' title='bbox 957 2072 1138 2115; x_wconf 90' lang='lat' dir='ltr'><strong>decimque</strong></span> <span class='ocrx_word' id='word_1_376' title='bbox 1154 2073 1244 2105; x_wconf 83' lang='lat' dir='ltr'><strong>viros</strong></span> <span class='ocrx_word' id='word_1_377' title='bbox 1271 2073 1424 2115; x_wconf 83' lang='lat' dir='ltr'><strong>sustulit,</strong></span> <span class='ocrx_word' id='word_1_378' title='bbox 1443 2083 1521 2106; x_wconf 90' lang='lat' dir='ltr'><strong>cum</strong></span> <span class='ocrx_word' id='word_1_379' title='bbox 1536 2076 1661 2108; x_wconf 87' lang='lat' dir='ltr'><strong>ceteris</strong></span> 
     </span>
     <span class='ocr_line' id='line_1_72' title="bbox 962 2123 1483 2166; baseline 0.004 -12"><span class='ocrx_word' id='word_1_380' title='bbox 962 2123 1158 2163; x_wconf 87' lang='lat' dir='ltr'><strong>Paganismi</strong></span> <span class='ocrx_word' id='word_1_381' title='bbox 1168 2124 1483 2166; x_wconf 82' lang='lat' dir='ltr'><strong>superstitionibus.</strong></span> 
     </span>
    </p>

    <p class='ocr_par' dir='ltr' id='par_1_12' title="bbox 957 2174 1664 2359">
     <span class='ocr_line' id='line_1_73' title="bbox 1000 2174 1661 2215; baseline 0.008 -10"><span class='ocrx_word' id='word_1_382' title='bbox 1000 2177 1063 2206; x_wconf 87' lang='grc'><strong>178</strong></span> <span class='ocrx_word' id='word_1_383' title='bbox 1091 2175 1214 2206; x_wconf 79' lang='lat' dir='ltr'><strong>Parem</strong></span> <span class='ocrx_word' id='word_1_384' title='bbox 1234 2174 1362 2215; x_wconf 77' lang='lat' dir='ltr'><strong>Latius]</strong></span> <span class='ocrx_word' id='word_1_385' title='bbox 1384 2175 1441 2208; x_wconf 85' lang='lat' dir='ltr'><strong>Sic</strong></span> <span class='ocrx_word' id='word_1_386' title='bbox 1466 2179 1568 2209; x_wconf 78' lang='lat' dir='ltr'><strong>vocat</strong></span> <span class='ocrx_word' id='word_1_387' title='bbox 1590 2177 1661 2211; x_wconf 85' lang='lat' dir='ltr'><strong>Do-</strong></span> 
     </span>
     <span class='ocr_line' id='line_1_74' title="bbox 957 2225 1664 2268; baseline 0.007 -12"><span class='ocrx_word' id='word_1_388' title='bbox 957 2225 1132 2257; x_wconf 85' lang='lat' dir='ltr'><strong>mitianum</strong></span> <span class='ocrx_word' id='word_1_389' title='bbox 1144 2225 1335 2258; x_wconf 85' lang='lat' dir='ltr'><strong>adulatorie</strong></span> <span class='ocrx_word' id='word_1_390' title='bbox 1345 2226 1523 2268; x_wconf 83' lang='lat' dir='ltr'><strong>Papinius.</strong></span> <span class='ocrx_word' id='word_1_391' title='bbox 1566 2227 1664 2262; x_wconf 83' lang='lat' dir='ltr'><strong>Infra</strong></span> 
     </span>
     <span class='ocr_line' id='line_1_75' title="bbox 957 2276 1660 2321; baseline 0.007 -14"><span class='ocrx_word' id='word_1_392' title='bbox 957 2276 1124 2309; x_wconf 84' lang='lat' dir='ltr'><strong>Soteriis:</strong></span> <span class='ocrx_word' id='word_1_393' title='bbox 1149 2276 1158 2294; x_wconf 95' lang='lat'>‘</span> <span class='ocrx_word' id='word_1_394' title='bbox 1173 2277 1286 2318; x_wconf 83' lang='lat' dir='ltr'><strong>Rogat</strong></span> <span class='ocrx_word' id='word_1_395' title='bbox 1310 2277 1375 2309; x_wconf 87' lang='lat' dir='ltr'><strong>hoc</strong></span> <span class='ocrx_word' id='word_1_396' title='bbox 1395 2281 1497 2319; x_wconf 84' lang='lat' dir='ltr'><strong>pater</strong></span> <span class='ocrx_word' id='word_1_397' title='bbox 1511 2278 1660 2321; x_wconf 75' lang='lat' dir='ltr'><strong>inclytus</strong></span> 
     </span>
     <span class='ocr_line' id='line_1_76' title="bbox 957 2327 1074 2359; baseline 0 0"><span class='ocrx_word' id='word_1_398' title='bbox 957 2327 1074 2359; x_wconf 85' lang='lat' dir='ltr'><strong>urbis.’</strong></span> 
     </span>
    </p>

    <p class='ocr_par' dir='ltr' id='par_1_13' title="bbox 1000 2377 1338 2418">
     <span class='ocr_line' id='line_1_77' title="bbox 1000 2377 1338 2418; baseline -0.003 -8"><span class='ocrx_word' id='word_1_399' title='bbox 1000 2377 1131 2418; x_wconf 73' lang='lat' dir='ltr'><strong>Lucius]</strong></span> <span class='ocrx_word' id='word_1_400' title='bbox 1154 2378 1338 2410; x_wconf 82' lang='lat' dir='ltr'><strong>Romanus.</strong></span> 
     </span>
    </p>

    <p class='ocr_par' dir='ltr' id='par_1_14' title="bbox 954 2428 1664 2828">
     <span class='ocr_line' id='line_1_78' title="bbox 999 2428 1661 2472; baseline 0.008 -12"><span class='ocrx_word' id='word_1_401' title='bbox 999 2431 1063 2461; x_wconf 86' lang='grc'><strong>179</strong></span> <span class='ocrx_word' id='word_1_402' title='bbox 1085 2429 1264 2468; x_wconf 74' lang='lat' dir='ltr'><strong>Purpureos</strong></span> <span class='ocrx_word' id='word_1_403' title='bbox 1277 2428 1412 2470; x_wconf 72' lang='lat' dir='ltr'><strong>habitus,</strong></span> <span class='ocrx_word' id='word_1_404' title='bbox 1427 2429 1596 2472; x_wconf 71' lang='lat' dir='ltr'><strong>,iuvenique</strong></span> <span class='ocrx_word' id='word_1_405' title='bbox 1609 2442 1661 2464; x_wconf 77' lang='lat' dir='ltr'><strong>cu·</strong></span> 
     </span>
     <span class='ocr_line' id='line_1_79' title="bbox 954 2478 1664 2522; baseline 0.007 -12"><span class='ocrx_word' id='word_1_406' title='bbox 954 2479 1021 2510; x_wconf 70' lang='grc' dir='ltr'><strong>παι</strong></span> <span class='ocrx_word' id='word_1_407' title='bbox 1033 2478 1214 2519; x_wconf 67' lang='lat' dir='ltr'><strong>[mulgebit</strong></span> <span class='ocrx_word' id='word_1_408' title='bbox 1223 2478 1313 2522; x_wconf 81' lang='lat' dir='ltr'><strong>ebur]</strong></span> <span class='ocrx_word' id='word_1_409' title='bbox 1324 2480 1496 2522; x_wconf 79' lang='lat' dir='ltr'><strong>Intelligit</strong></span> <span class='ocrx_word' id='word_1_410' title='bbox 1508 2482 1664 2515; x_wconf 84' lang='lat' dir='ltr'><strong>AEdilita-</strong></span> 
     </span>
     <span class='ocr_line' id='line_1_80' title="bbox 957 2530 1662 2575; baseline 0.007 -13"><span class='ocrx_word' id='word_1_411' title='bbox 957 2533 1026 2562; x_wconf 87' lang='lat' dir='ltr'><strong>tem</strong></span> <span class='ocrx_word' id='word_1_412' title='bbox 1047 2530 1234 2570; x_wconf 86' lang='lat' dir='ltr'><strong>majorem:</strong></span> <span class='ocrx_word' id='word_1_413' title='bbox 1259 2530 1389 2563; x_wconf 85' lang='lat' dir='ltr'><strong>AEdiles</strong></span> <span class='ocrx_word' id='word_1_414' title='bbox 1405 2532 1494 2563; x_wconf 91' lang='lat' dir='ltr'><strong>enim</strong></span> <span class='ocrx_word' id='word_1_415' title='bbox 1515 2534 1662 2575; x_wconf 75' lang='lat' dir='ltr'><strong>majores</strong></span> 
     </span>
     <span class='ocr_line' id='line_1_81' title="bbox 956 2580 1661 2623; baseline 0.007 -11"><span class='ocrx_word' id='word_1_416' title='bbox 956 2580 1124 2613; x_wconf 86' lang='lat' dir='ltr'><strong>sedebant</strong></span> <span class='ocrx_word' id='word_1_417' title='bbox 1149 2582 1351 2623; x_wconf 82' lang='lat' dir='ltr'><strong>praetextati</strong></span> <span class='ocrx_word' id='word_1_418' title='bbox 1372 2583 1406 2614; x_wconf 91' lang='lat' dir='ltr'><strong>in</strong></span> <span class='ocrx_word' id='word_1_419' title='bbox 1428 2583 1520 2615; x_wconf 84' lang='lat' dir='ltr'><strong>sellis</strong></span> <span class='ocrx_word' id='word_1_420' title='bbox 1536 2587 1661 2618; x_wconf 85' lang='lat' dir='ltr'><strong>curuli-</strong></span> 
     </span>
     <span class='ocr_line' id='line_1_82' title="bbox 957 2631 1659 2675; baseline 0.009 -12"><span class='ocrx_word' id='word_1_421' title='bbox 957 2631 1032 2664; x_wconf 90' lang='lat' dir='ltr'><strong>bus.</strong></span> <span class='ocrx_word' id='word_1_422' title='bbox 1078 2631 1216 2664; x_wconf 86' lang='lat' dir='ltr'><strong>Dicitur</strong></span> <span class='ocrx_word' id='word_1_423' title='bbox 1243 2632 1346 2673; x_wconf 74' lang='lat' dir='ltr'><strong>Ebur,</strong></span> <span class='ocrx_word' id='word_1_424' title='bbox 1377 2634 1458 2675; x_wconf 87' lang='lat' dir='ltr'><strong>quia</strong></span> <span class='ocrx_word' id='word_1_425' title='bbox 1487 2635 1580 2667; x_wconf 79' lang='lat' dir='ltr'><strong>sellae</strong></span> <span class='ocrx_word' id='word_1_426' title='bbox 1606 2636 1659 2669; x_wconf 79' lang='lat' dir='ltr'><strong>hae</strong></span> 
     </span>
     <span class='ocr_line' id='line_1_83' title="bbox 957 2681 1663 2725; baseline 0.007 -11"><span class='ocrx_word' id='word_1_427' title='bbox 957 2686 1058 2715; x_wconf 87' lang='lat' dir='ltr'><strong>erant</strong></span> <span class='ocrx_word' id='word_1_428' title='bbox 1074 2681 1251 2723; x_wconf 84' lang='lat' dir='ltr'><strong>eburneae,</strong></span> <span class='ocrx_word' id='word_1_429' title='bbox 1275 2686 1312 2714; x_wconf 88' lang='lat' dir='ltr'><strong>et</strong></span> <span class='ocrx_word' id='word_1_430' title='bbox 1333 2693 1511 2725; x_wconf 72' lang='lat' dir='ltr'><strong>purpureus</strong></span> <span class='ocrx_word' id='word_1_431' title='bbox 1537 2685 1663 2719; x_wconf 70' lang='lat' dir='ltr'><strong>habim</strong></span> 
     </span>
     <span class='ocr_line' id='line_1_84' title="bbox 958 2732 1663 2776; baseline 0.006 -10"><span class='ocrx_word' id='word_1_432' title='bbox 958 2738 1011 2766; x_wconf 89' lang='lat' dir='ltr'><strong>est</strong></span> <span class='ocrx_word' id='word_1_433' title='bbox 1039 2737 1220 2776; x_wconf 78' lang='lat' dir='ltr'><strong>praetexta,</strong></span> <span class='ocrx_word' id='word_1_434' title='bbox 1243 2732 1334 2775; x_wconf 90' lang='lat' dir='ltr'><strong>quod</strong></span> <span class='ocrx_word' id='word_1_435' title='bbox 1359 2733 1390 2765; x_wconf 89' lang='lat' dir='ltr'><strong>ei</strong></span> <span class='ocrx_word' id='word_1_436' title='bbox 1413 2743 1565 2776; x_wconf 73' lang='lat' dir='ltr'><strong>purpura</strong></span> <span class='ocrx_word' id='word_1_437' title='bbox 1587 2743 1663 2770; x_wconf 82' lang='lat' dir='ltr'><strong>erat</strong></span> 
     </span>
     <span class='ocr_line' id='line_1_85' title="bbox 959 2783 1661 2828; baseline 0.004 -10"><span class='ocrx_word' id='word_1_438' title='bbox 959 2788 1151 2828; x_wconf 80' lang='lat' dir='ltr'><strong>praetexta:</strong></span> <span class='ocrx_word' id='word_1_439' title='bbox 1179 2783 1272 2818; x_wconf 86' lang='lat' dir='ltr'><strong>unde</strong></span> <span class='ocrx_word' id='word_1_440' title='bbox 1295 2783 1517 2828; x_wconf 70' lang='grc' dir='ltr'><strong><em>περιπόρφυρον</em></strong></span> <span class='ocrx_word' id='word_1_441' title='bbox 1541 2786 1661 2821; x_wconf 66' lang='lat' dir='ltr'><strong>Graeci</strong></span> 
     </span>
    </p>
   </div>
  </div>
 </body>
</html>
