1800 3060
529 200 806 232 SYLVARUM
842 201 937 231 ms.
972 200 1044 230 ιιι.
1064 189 1107 230 2.

1463 190 1551 232 329

102 285 240 338 Signa
261 284 363 335 mei,
382 297 458 342 seu
474 285 564 327 tela
584 296 732 334 manu,
753 298 829 326 seu
855 283 996 325 sraena
1015 288 1208 335 teneres,

101 352 296 394 Armatis
315 364 394 393 seu
405 351 509 406 Jura
528 351 682 404 dares;
712 364 984 406 operumque
1005 356 1180 394 tuorum

103 419 162 460 Et
181 419 221 460 si
241 432 326 461 non
348 419 514 470 socius,
537 426 653 462 certe
673 421 851 462 mirator
870 419 1089 461 adessem.

1499 421 1558 463 95

95 549 193 580 prope
210 540 326 573 mia
347 541 463 573 vexilla
484 541 546 572 mei
563 541 693 580 domiai,
718 551 771 573 sea
787 544 906 573 teneres
920 542 981 573 tela
995 551 1102 579 ma,
1115 550 1168 572 sea
1183 541 1326 582 ube-as,
1340 551 1395 573 seu
1409 551 1557 581 ιιι-σακε

101 582 276 622 nauibn3
288 587 321 616 et
333 585 385 616 hic
398 584 588 626 assisterem
610 584 642 616 si
653 594 715 616 aon
735 585 903 626 particeps.
926 585 1038 616 saltem
1057 585 1231 616 admirator
1243 589 1367 616 tumui
1383 584 1557 624 suetorum.

756 668 899 702 NOTAE

102 734 281 767 latrocinia
302 734 579 776 egrediebantur,
606 734 803 776 victumque

102 794 147 817 ex
170 784 383 818 metallorum
406 783 600 825 effossione,
625 785 803 818 divinatio·

101 844 183 867 num
195 835 368 874 mercede,
392 840 430 868 et
453 835 676 877 proventibus
689 845 710 868 a
724 844 804 876 rege

103 884 289 927 designatis
303 885 516 928 querebant.
560 885 666 927 Apud
687 895 746 918 eos
768 895 803 918 e-

99 935 171 967 nim
184 933 316 968 fiebant
325 945 422 968 sacra
434 936 607 976 Plutonia,
618 936 803 969 dabantur·

103 994 172 1028 que
185 985 229 1017 ab
244 985 294 1018 eis
308 986 457 1019 oracula.
495 986 729 1019 Advenientes
744 995 803 1018 au-

102 1039 175 1068 tem
202 1036 393 1068 consulturi
419 1036 635 1070 ducebantur
660 1038 695 1069 in
728 1038 804 1070 locs

102 1085 351 1119 subterranea:
371 1097 447 1130 qnae
462 1096 574 1130 neque
588 1088 722 1120 oriente
733 1089 803 1120 sole

103 1145 216 1179 neque
251 1136 431 1169 occidente
459 1137 741 1179 illuminarentur,
765 1143 805 1171 ut

102 1187 224 1220 scribit
238 1187 421 1221 Homerus.
465 1188 665 1221 uitandam
688 1199 710 1221 a
723 1199 805 1231 rege

103 1237 252 1279 quodam
266 1237 372 1270 deleti
383 1243 561 1280 sunt,cnm
576 1240 704 1272 oraculi
718 1240 804 1273 fides

103 1297 225 1329 parum
251 1289 483 1322 successisset.
526 1290 615 1322 Haec
633 1299 676 1322 ex
691 1291 804 1332 Epho-

103 1346 143 1369 ro
158 1337 202 1370 de
217 1338 259 1369 iis
275 1337 382 1370 tradit
395 1338 535 1371 Strabo.
578 1339 672 1372 Hinc
693 1343 703 1356 ‘
714 1340 803 1372 Cim·

104 1388 222 1421 merie
237 1388 416 1427 tenebrae,'
442 1399 506 1431 pro
530 1389 734 1423 densissima
746 1401 803 1423 ca-

106 1439 224 1482 ligine.
268 1438 441 1472 Homerus
472 1439 609 1472 videtur
633 1442 804 1473 collocare

105 1499 165 1522 eos
182 1490 284 1532 juxta
298 1491 415 1523 Baias.
438 1491 560 1524 Festus
574 1492 667 1524 inter
680 1492 805 1524 Cumas

104 1546 143 1573 et
158 1541 273 1582 Baias,
285 1541 344 1574 ubi
357 1542 520 1575 dicuntur
534 1543 685 1575 incolere
695 1548 807 1575 terras

103 1590 288 1633 frigoribus
302 1599 488 1636 occupatas
504 1594 537 1626 in
552 1595 711 1635 convalli,
722 1594 807 1627 satis

104 1642 269 1675 eminenti
289 1643 378 1686 jugo
403 1645 630 1686 circumdata,
646 1655 725 1687 quae
745 1654 805 1677 ne-

107 1701 175 1735 que
199 1695 369 1727 matutino
383 1705 497 1738 neque
510 1697 709 1738 vespertino
732 1697 805 1729 sole

107 1744 315 1786 contegitur.
355 1745 445 1778 Vide
460 1745 563 1779 Hom.
577 1746 647 1779 Od.
660 1751 700 1780 Δ.
736 1746 806 1779 Sed

102 1794 140 1827 hi
150 1795 338 1837 Cimmerii,
346 1795 391 1828 de
402 1796 526 1840 quibus
537 1797 651 1839 agitur
662 1798 731 1838 hic,
741 1806 805 1839 pro

103 1845 337 1878 remotissimis
352 1847 486 1889 populis
499 1848 707 1890 accipiendi.
734 1848 807 1880 He-

104 1895 245 1928 rodotus
259 1896 322 1929 lib.
334 1905 388 1931 xv,
408 1897 471 1930 hos
491 1899 636 1932 collocat
659 1899 703 1931 ad
723 1899 807 1931 Bos-

102 1945 262 1988 phorum,
283 1946 502 1980 Cimmerium
528 1948 572 1981 ab
597 1949 639 1981 iis
660 1948 805 1990 dietum,

105 2005 208 2037 quen
222 1997 272 2030 sic
286 2002 446 2030 vocatum
462 2009 483 2030 a
497 1999 647 2032 Cimbris
661 1999 804 2032 Posido·

105 2046 183 2079 nius
197 2047 287 2089 apud
300 2048 505 2082 Strabonem
520 2048 673 2091 conjicit,
686 2049 805 2092 (Gra-

105 2096 157 2128 eis
164 2097 319 2130 C‘imbnos
329 2098 587 2132 Cimmerion-um
597 2100 736 2133 nomine
746 2101 805 2132 de-

108 2146 349 2189 signantibus)
382 2149 573 2182 hominibus
619 2151 718 2193 vagis
765 2161 807 2184 ac

107 2197 340 2239 predonibus,
353 2200 522 2242 armisque
534 2201 578 2233 ad
592 2202 735 2234 Maeotin
751 2212 807 2235 us·

106 2257 176 2289 que
188 2247 301 2280 lacum
314 2251 518 2291 progressis.
552 2251 728 2285 Cimmerii
742 2252 806 2285 eti-

107 2308 163 2330 am
177 2304 311 2332 montes
331 2308 374 2332 ac
389 2301 506 2343 populi
520 2302 732 2335 collocantur
751 2313 805 2335 su-

107 2359 173 2391 pra
193 2349 375 2383 Albaniam
398 2352 490 2393 apud
513 2353 738 2386 Ptolemaeum
755 2359 806 2385 ta-

107 2399 196 2446 bula·
210 2399 304 2434 Asin
327 2402 489 2434 secunda.
531 2403 701 2436 Antonius
722 2414 806 2437 vero

106 2450 287 2493 Armenus,
303 2453 403 2495 vulgo
418 2453 627 2495 Haitbonns,
640 2454 806 2487 Historia

105 2501 291 2537 orientalis
304 2513 381 2547 cap.
395 2508 448 2538 10.
462 2505 611 2548 Georgis
625 2505 806 2539 contermi-

103 2561 171 2586 nos
183 2553 268 2587 ficit
274 2555 380 2597 juxta
394 2565 487 2588 mare
502 2556 676 2599 Caspium,
690 2556 806 2599 ibique

107 2601 227 2644 teht,
271 2613 348 2638 esse
378 2606 588 2648 provinciam
622 2606 806 2650 quandam,

107 2652 268 2687 unm-em
290 2661 457 2698 vocatam,
467 2667 543 2700 quae
566 2663 730 2700 quantum
748 2667 806 2690 ex·

110 2703 275 2746 tenditur,
291 2706 506 2740 tenebricosa
522 2708 669 2750 caligine
690 2709 739 2740 ita
755 2718 806 2741 re-

109 2753 236 2795 pletur.
247 2761 287 2788 ut
294 2757 406 2790 nullus
417 2757 477 2798 sit,
488 2757 547 2801 qui
557 2758 715 2801 aspicere
727 2767 805 2800 pos·

858 733 905 766 sit
925 734 1116 777 quicquam.
1158 733 1228 766 Sed
1251 734 1358 776 ipsius
1389 733 1558 767 Haithoui

857 785 965 816 verba
992 784 1199 817 ascribenda
1227 790 1328 818 sunt:
1366 785 1377 802 ‘
1398 785 1441 817 In
1467 785 1562 826 isto,’

856 834 919 876 ait,
940 835 950 852 ‘
963 844 1068 877 regno
1097 835 1258 877 Georgia
1281 842 1428 877 apparet
1451 836 1559 878 qnod-

857 885 934 917 dam
955 885 1163 927 stupendum
1178 886 1377 918 miraculum
1400 891 1437 918 et
1464 895 1560 919 mon-

857 940 1018 975 strosum,
1032 935 1122 978 quod
1147 935 1263 968 dicere
1292 945 1359 967 non
1383 936 1560 975 auderem.

855 986 920 1018 nisi
930 987 1075 1028 propriis
1085 986 1193 1018 oculis
1204 988 1466 1028 perspexissem.
1490 988 1559 1020 Sed

855 1039 935 1080 qnia
949 1038 1177 1079 personaliter
1198 1038 1246 1070 ibi
1269 1038 1332 1079 fui,
1354 1045 1390 1071 et
1407 1039 1489 1080 vidi,
1510 1039 1560 1072 di·

857 1098 913 1128 co,
928 1089 1016 1131 quod
1033 1090 1067 1121 iu
1083 1090 1150 1121 illis
1164 1090 1321 1132 partibus
1336 1095 1390 1122 est
1400 1090 1560 1133 quaedam

857 1139 1046 1182 provincia,
1081 1150 1158 1182 quae
1201 1146 1345 1172 vocatur
1381 1140 1561 1181 Hamsem,

858 1200 935 1232 quae
957 1190 993 1222 in
1008 1190 1154 1223 circuitu
1168 1190 1256 1222 bene
1272 1191 1376 1222 habet
1390 1196 1461 1223 tres
1477 1190 1561 1224 diae·

858 1246 925 1281 tas,
947 1246 985 1273 et
1007 1247 1171 1284 quantum
1186 1242 1389 1274 extenditur
1411 1242 1469 1274 illa
1483 1251 1561 1284 pro·

859 1292 972 1324 vincia
986 1296 1073 1333 tota,
1088 1292 1235 1334 quadarn
1248 1291 1464 1324 tenebricosa
1478 1292 1563 1324 cali·

858 1342 938 1383 gine
954 1342 1047 1374 locus
1058 1342 1116 1374 ille
1129 1342 1246 1374 taliter
1255 1341 1458 1382 offuscatur,
1467 1342 1559 1384 quod

857 1393 969 1424 nullus
984 1397 1052 1433 est,
1071 1393 1130 1435 qui
1154 1394 1309 1435 aspicere
1334 1394 1443 1435 possit
1465 1394 1562 1436 quic-

860 1452 979 1484 quam:
1003 1453 1068 1475 nec
1080 1448 1136 1476 est
1150 1443 1284 1486 aliquis,
1296 1445 1353 1486 qui
1368 1444 1494 1476 audeat
1508 1444 1561 1476 in-

859 1493 955 1534 gredi
978 1498 1103 1526 terram
1130 1494 1234 1535 illam,
1258 1495 1418 1537 quoniam
1444 1495 1488 1527 ad
1508 1505 1563 1528 re·

860 1543 1037 1576 denudum
1057 1545 1231 1577 tramitem
1253 1546 1398 1587 ignorat.
1452 1546 1561 1579 Habi-

859 1599 991 1627 tatores
1015 1596 1133 1627 harum
1161 1597 1311 1638 partium
1336 1603 1507 1639 asserunt,
1523 1607 1562 1630 se

858 1646 984 1687 saepius
1007 1646 1178 1678 audivisse
1198 1656 1300 1679 voces
1315 1647 1487 1679 bominum
1502 1657 1562 1680 vo·

857 1695 1090 1737 ciferantium,
1117 1701 1258 1729 cantum
1286 1697 1379 1738 galli,
1408 1697 1561 1731 hinnitus

858 1755 1022 1789 equorum
1035 1746 1071 1778 in
1086 1747 1182 1789 sylva
1193 1757 1204 1787 ;
1219 1752 1256 1780 et
1268 1757 1332 1789 per
1343 1752 1490 1780 meatum
1502 1757 1561 1780 cu-

852 1796 990 1838 jusdam
1015 1795 1176 1838 fluminis,
1206 1797 1296 1840 quod
1325 1798 1370 1830 de
1398 1798 1475 1830 loco
1499 1798 1562 1832 illo

859 1847 1047 1889 egreditur,
1060 1854 1230 1890 apparent
1241 1848 1337 1890 signa
1351 1854 1459 1887 certa,
1469 1848 1562 1892 quod

859 1900 906 1931 sit
919 1899 1073 1940 gentium
1087 1899 1254 1932 habitatio
1263 1899 1299 1931 in
1314 1899 1459 1932 eodem!
1489 1900 1562 1932 Un-

858 1949 903 1982 de
917 1950 1041 1991 conjici
1056 1955 1187 1992 potest‚
1201 1960 1270 1983 non
1281 1949 1433 1982 fabulam
1446 1948 1562 1982 forsan

857 2011 945 2043 esse,
965 2002 1130 2045 quicquid
1152 2007 1288 2035 veteres
1311 2002 1355 2036 de
1370 2003 1564 2036 Cimmeriis

858 2052 1010 2084 tenebris
1027 2053 1255 2094 tradiderunt,
1267 2054 1350 2087 licet
1363 2054 1491 2086 Strabo
1499 2055 1560 2086 lib.

858 2110 885 2134 ι.
927 2102 963 2134 id
1001 2103 1148 2144 poeticis
1190 2103 1362 2145 figmentis
1397 2105 1562 2137 ascribat.

862 2153 980 2194 chau]
1002 2153 1062 2185 Ob
1086 2153 1211 2186 densas
1241 2155 1414 2195 tenebras,
1438 2155 1562 2197 quibus

858 2203 955 2244 regio
967 2203 1227 2236 cimmeriorum
1243 2205 1408 2246 repletur.
1447 2205 1563 2247 Regis]

859 2253 1092 2296 Pauperiores
1117 2264 1216 2295 reges
1242 2255 1412 2287 vocabant
1436 2254 1561 2288 divites

859 2313 901 2335 ac
930 2308 1102 2345 potentes,
1124 2314 1208 2346 quos
1233 2305 1405 2338 colebant.
1460 2305 1563 2339 Unde

854 2354 955 2395 jocus
973 2354 1146 2386 Martialis
1170 2355 1204 2386 in
1234 2355 1418 2396 quendam,
1439 2356 1498 2399 qui
1522 2366 1562 2389 se

859 2414 979 2446 regem
994 2405 1164 2446 appellari
1181 2405 1331 2448 volebat,
1345 2416 1424 2439 cnm
1445 2412 1562 2440 tamen

858 2465 974 2496 regem
989 2455 1147 2488 haberet.

901 2509 944 2538 94
969 2507 1299 2548 oper-inquinen-
1312 2507 1360 2540 Et
1384 2509 1414 2540 si
1434 2518 1494 2541 nou
1513 2519 1563 2541 so-

858 2556 937 2597 cias,
960 2559 1044 2588 certe
1063 2557 1198 2588 πάι-ἀοι·
1219 2558 1371 2599 adm]
1393 2559 1560 2591 Horatius

860 2608 903 2640 ad
918 2609 1149 2641 Maecenatem
1173 2609 1209 2641 in
1232 2610 1358 2642 bellum
1380 2611 1562 2643 Actiacum

859 2657 1150 2700 proficiscentem:
1175 2661 1186 2678 ‘
1197 2660 1324 2702 Roges,
1333 2666 1427 2692 tuum
1442 2661 1561 2694 labore

859 2708 941 2751 quid
959 2709 1079 2751 juvem
1099 2720 1177 2743 meo
1197 2711 1366 2751 Imbellis,
1388 2721 1428 2743 ac
1442 2710 1559 2744 firmus

859 2769 1005 2802 parum:
1028 2761 1151 2794 Comes
1172 2762 1303 2794 minore
1326 2771 1398 2795 sum
1421 2761 1558 2795 futurus
