1800 3060
643 184 707 215 DE
738 179 941 215 urimo
971 178 1167 210 sur-10.
1570 164 1629 207 37

529 279 632 323 Nic.
657 275 904 327 Gerbelius,
924 273 1115 317 Graeciae
1134 273 1214 315 lib.
1237 283 1282 314 v.

236 359 422 410 Statius,
441 359 520 401 lib.
549 369 623 400 ix.
643 355 899 400 Thebaidos
920 353 1144 396 Ismenum
1162 351 1345 395 fluvium
1364 349 1626 394 venustissi-

183 429 267 473 mis
283 428 486 471 versibus
502 426 711 481 depingit.

761 523 889 565 Idem
909 523 988 565 lib.
1009 533 1055 563 v.

237 605 326 648 Sed
345 618 435 661 qua
455 604 590 659 culpa
610 603 785 658 Papinii
804 613 960 644 versus
980 600 1247 651 omitterem,
1268 598 1623 652 elegantissimos

181 674 294 726 illoS,
313 675 472 728 quibus
492 671 739 716 admirabili
757 669 976 713 suavitate
996 668 1135 724 Alphi
1157 668 1348 710 Amores
1369 667 1589 710 decantat.

276 783 348 826 Fr.
364 782 572 826 Floridus
592 781 786 824 Sabinus
807 781 994 823 Subsec.
1015 779 1138 822 Lect.
1159 780 1239 823 lib.
1262 790 1314 821 11.
1335 792 1436 834 cap.
1454 779 1526 821 19.

236 863 414 914 Statius,
433 863 658 905 excellens
679 859 839 904 Poeta.

276 973 394 1016 And.
411 971 693 1029 Tiraquellus
711 973 766 1014 de
785 971 815 1014 J
818 984 893 1013 ure
915 970 1199 1024 Primogenit.
1219 982 1318 1025 cap.
1338 969 1408 1011 17.
1427 969 1450 1024 ξ
1471 969 1516 1010 5.

235 1051 452 1108 Papinius
482 1053 527 1094 in
561 1051 708 1093 Libris
738 1049 992 1092 Thebaidos
1020 1049 1068 1091 id
1097 1048 1260 1090 bellum
1279 1047 1523 1089 bellissime
1542 1046 1618 1088 de·

184 1119 380 1173 scripsit.
1110 1138 1114 1145 ·

432 1207 588 1249 Petrus
608 1205 768 1256 Faber,
790 1203 996 1260 Agonist.
1016 1203 1102 1253 lib.
1119 1215 1152 1245 1.
1171 1216 1274 1258 cap.
1294 1203 1365 1245 10.

234 1284 480 1340 Utrumque
501 1286 620 1326 circa
639 1282 902 1325 discobolos
931 1281 1136 1336 usurpari
1168 1281 1363 1332 solitum,
1396 1279 1619 1334 significat

179 1352 410 1408 Papinius,
427 1353 497 1394 his
515 1351 858 1407 elegantissimis
877 1350 1158 1393 carminibus.

358 1463 604 1519 Christoph.
629 1463 825 1513 Milaeus,
847 1461 1017 1505 Histor.
1040 1459 1288 1503 Universal.
1307 1459 1384 1502 lib.
1408 1469 1454 1500 v·

234 1541 476 1584 Heroicam
510 1541 771 1596 dignitatem
804 1539 942 1583 Silius
976 1540 1244 1595 exprimenS,
1272 1537 1443 1581 Statius
1468 1549 1623 1579 conse·

180 1609 341 1662 quitur.

359 1695 390 1738 J
392 1708 521 1738 oann.
542 1695 770 1746 Picardus,
792 1693 1079 1748 Celtopaediae
1097 1694 1126 1736 l.
1148 1705 1194 1735 v.
1214 1706 1318 1748 pag.
1337 1693 1439 1736 205.

235 1774 406 1817 Statius
432 1774 647 1830 Papinius
676 1772 823 1816 Poe'ta
847 1773 1048 1815 eruditus
1069 1778 1116 1816 et
1135 1772 1366 1824 facundus,
1386 1771 1528 1814 multa
1547 1783 1620 1813 ea·

178 1854 263 1894 que
281 1842 606 1897 elegantissima
619 1841 797 1895 reliquit
817 1839 1052 1882 PoEmata.

618 1941 770 1984 Julius
791 1940 946 1984 Caesar
965 1939 1180 1995 Scaliger.

235 2018 344 2073 Ejus
364 2019 520 2062 laudes
540 2019 791 2074 ampliores,
812 2022 858 2061 et
875 2018 906 2061 J
909 2018 1057 2061 udicia
1086 2019 1212 2060 varia
1238 2018 1423 2072 legenda
1442 2022 1547 2060 sunt
1574 2018 1620 2059 in

179 2086 323 2128 Libris
339 2087 395 2129 de
414 2086 619 2139 Poetica,
639 2086 867 2142 praecipue
888 2086 1220 2141 Hypercritioe.

259 2184 291 2227 J
292 2185 481 2239 osephus
500 2185 699 2240 Scaliger
716 2187 775 2228 ad
796 2185 1043 2228 chronicon
1063 2185 1262 2228 Eusebii.
1281 2185 1415 2228 Num.
1435 2185 1534 2228 229.

232 2263 447 2318 Duplices
467 2262 625 2318 Caryae
646 2269 765 2315 sunt,
778 2265 927 2306 alterae
940 2263 1193 2314 Laconicae,
1206 2263 1357 2305 alterae
1371 2262 1619 2313 Arcadicae,

178 2331 410 2373 Laconicae
459 2337 587 2375 erant
638 2332 791 2374 Dianae
837 2344 994 2374 sacrae.
1054 2331 1324 2381 PausaniaS,
1364 2330 1617 2373 Laconicis.

177 2397 485 2441 Celebritatem
505 2404 550 2442 et
569 2399 752 2443 choreas
772 2398 993 2456 καρυίιτιὸα,
1014 2405 1149 2440 vocat
1171 2397 1442 2452 HesychiuS,
1462 2404 1508 2440 et
1525 2412 1618 2441 ma-

176 2465 338 2508 nifesto
374 2467 514 2522 tangit
550 2468 719 2511 Statius
765 2471 923 2523 quarto
970 2465 1242 2518 Thebaidos,
1291 2467 1616 2510 accuratissimi

112 2527 116 2530 ’
178 2532 371 2587 Operis.⁶

230 2657 252 2686 6
286 2655 532 2689 Recensionem
579 2667 655 2690 curn
697 2659 867 2692 Wowerio
918 2657 1100 2699 posthuma
1114 2664 1307 2691 ccclxxiv.

175 2713 270 2738 auam
305 2705 486 2748 pollicetur
518 2707 682 2750 Scaliger,
708 2709 865 2752 Epistola
