1800 3060
184 190 240 232 94
593 203 631 234 P.
668 200 859 232 PAP1N11
896 201 1063 232 STATn
1103 202 1236 233 vum.

183 303 226 340 et
266 297 486 352 Neapolis
519 297 864 352 Campanorum,
895 297 951 339 de
985 296 1081 352 ejus
1116 297 1257 339 natali
1288 297 1386 339 solo
1408 301 1646 340 certarunt.

184 365 428 419 Singularis
448 365 651 420 profecto
673 365 913 415 contentio,
934 377 994 406 ex
1015 377 1106 419 qua
1124 365 1310 418 intelligi
1329 365 1461 408 facile
1481 371 1647 421 potest,

184 439 350 488 quanto
370 435 413 476 in
436 434 577 488 pretio
598 438 690 476 tum
709 434 849 476 literae
870 433 1065 475 fuerunt.
1127 432 1220 484 Qui
1249 446 1352 475 vero
1371 433 1649 476 Tolosanum

185 501 509 552 existimarunt,
531 502 642 543 inter
671 512 786 556 quos
821 500 996 542 Dantes
1024 500 1120 551 fuit,
1153 500 1290 555 poeta
1326 500 1648 544 Hetruscorum

185 572 464 621 vernaculus,
500 570 678 624 decepti
714 571 818 611 sunt
848 569 1031 610 alterius
1068 568 1201 611 Statii
1242 568 1455 612 Rhetoris
1484 571 1647 624 patria,

185 639 313 693 cujus
334 639 533 680 meminit
550 638 787 680 Eusebius.
819 637 892 679 Ex
913 636 1122 691 Agellina
1141 650 1294 688 uxore,
1314 651 1448 692 quam
1467 638 1650 680 unicam

184 707 358 757 habuit,
390 712 437 747 et
466 707 507 748 ei
537 711 762 761 superstes
792 706 894 757 suit,
928 706 980 748 P.
1010 705 1248 760 Papinium
1270 706 1462 748 Statium
1483 706 1650 760 genuit,

186 775 314 829 cujus
336 776 570 830 pueritiam
593 790 646 818 ac
663 776 943 830 juventutem
964 775 1106 817 literis
1127 774 1256 827 fovit,
1278 775 1430 830 copia,
1459 776 1653 817 varieta-

188 849 323 897 teque
357 858 499 886 rerum
531 845 713 896 refersit,
745 848 790 886 ct
816 858 944 886 omne
973 845 1070 900 ejus
1103 844 1316 895 studium,
1351 843 1501 898 quoad
1523 845 1651 895 vixit,
1682 873 1685 874 ν

179 912 314 965 juvit,
355 927 584 968 operaque
626 914 880 967 castigavit.
942 912 1117 954 Annum
1149 925 1280 967 agens
1321 912 1652 966 sexagesimum

186 980 405 1034 quintum,
435 981 847 1036 inexpergescibilis
876 981 1019 1022 somni
1052 981 1220 1031 morbo,
1250 993 1383 1036 quem
1407 980 1654 1034 lethargum

186 1061 417 1100 vocamus,
441 1050 586 1104 periit,
607 1049 738 1104 cujus
768 1056 949 1090 mortem
982 1048 1203 1103 Epiccdio
1223 1048 1342 1091 filius
1377 1053 1651 1103 prosecutus

189 1122 270 1158 est.
331 1118 479 1160 Multa
497 1123 543 1159 et
565 1131 699 1172 prosa
717 1122 761 1160 et
785 1117 981 1159 carmine
1003 1116 1203 1171 scripsit,
1235 1117 1274 1158 si
1297 1116 1392 1159 filio
1416 1117 1652 1168 credimus,

189 1185 269 1226 sed
309 1198 458 1227 eorum
496 1186 605 1227 nihil
645 1185 702 1227 ad
739 1198 821 1226 nos
853 1185 1068 1238 pervenit.
1130 1184 1346 1240 Papinius
1386 1198 1491 1227 vero
1519 1184 1654 1236 filius,

180 1252 362 1306 juvenis
398 1254 558 1305 adhuc,
592 1254 830 1296 Claudiam
863 1252 1045 1296 Claudii
1078 1244 1354 1308 Apollinaris
1377 1253 1530 1304 filiam,
1549 1266 1653 1308 quae

187 1321 383 1364 Tibicini
404 1326 546 1377 nupta
564 1323 723 1373 fuerat,
758 1325 801 1364 et
827 1335 887 1364 ex
907 1335 962 1364 eo
982 1322 1122 1364 filiam
1141 1325 1364 1377 genuerat,
1385 1321 1550 1364 amoris
1572 1322 1656 1363 im-

188 1390 380 1444 patiens,
400 1391 531 1434 duxit
549 1405 752 1443 uxorem,
780 1392 855 1434 cui
886 1395 1025 1442 tanta,
1060 1396 1111 1433 ut
1141 1391 1205 1434 ait
1235 1390 1532 1445 Pomponius,
1559 1403 1655 1433 mo-

188 1458 333 1500 destia
351 1462 394 1501 et
412 1460 616 1511 castitas,
656 1460 910 1514 amorisque
945 1460 1232 1502 observantia
1255 1459 1416 1510 mariti,
1435 1462 1485 1502 ut
1502 1459 1656 1513 vigInti

190 1528 319 1569 annis
338 1540 428 1569 non
447 1527 678 1571 fraudarit.
741 1529 993 1583 Deceptum
1014 1528 1101 1571 hoc
1119 1529 1219 1571 loco
1240 1528 1500 1570 crediderim
1520 1528 1657 1570 Pom-

190 1595 388 1650 ponium,
419 1601 463 1638 et
482 1609 583 1638 eum
605 1599 804 1638 secutum
836 1595 1174 1647 Maturantium,
1207 1609 1289 1638 nec
1315 1596 1432 1638 enim
1452 1609 1480 1638 a
1497 1596 1658 1638 marito

190 1669 380 1712 Claudia
407 1670 576 1711 tamdiu
606 1669 766 1713 abfuit.
829 1670 1014 1721 Erroris,
1034 1670 1207 1725 opinor,
1230 1682 1412 1711 causam
1431 1670 1658 1724 praestitit,

192 1738 315 1793 quod
336 1751 494 1792 parum
515 1739 793 1782 considerate
813 1739 950 1781 Statii
971 1752 1149 1781 carmen
1174 1738 1232 1780 ad
1255 1737 1492 1780 Claudiam
1511 1738 1658 1792 ipsam

190 1806 514 1848 examinarunt.
577 1807 741 1849 Filium
763 1822 865 1850 cum
879 1821 937 1850 ex
957 1807 1150 1850 Claudia
1168 1819 1311 1848 uxore
1330 1805 1503 1847 nullum
1521 1805 1658 1847 habe-

189 1880 271 1927 ret,
293 1874 504 1917 infantem
536 1875 622 1917 sibi
653 1876 830 1918 Statius
852 1876 1100 1931 adoptavit,
1130 1888 1263 1930 quem
1294 1878 1562 1929 praematura
1581 1880 1662 1915 ex·

189 1945 378 1986 tinctum
397 1949 536 1986 morte
558 1946 752 1987 carmine
771 1945 967 1987 deflevit.
1023 1943 1229 1998 Vergens
1259 1956 1362 1985 vero
1393 1941 1451 1984 ad
1485 1942 1659 1984 senium

193 2012 449 2066 Neapolim,
465 2025 745 2054 communem
761 2013 979 2055 ambobus
995 2012 1202 2067 patriam,
1216 2009 1452 2053 Claudiam
1465 2011 1659 2051 carmine

192 2080 436 2122 revocavit.
495 2079 762 2135 Ambigitur,
782 2083 885 2136 quis
916 2084 1147 2135 superstes
1166 2079 1310 2121 fuerit.
1368 2077 1547 2121 Albano
1566 2091 1659 2119 cer-

194 2148 376 2199 tamine,
411 2148 698 2191 Domitian‘us
733 2148 888 2194 Caesar
917 2148 1087 2198 eadem,
1125 2160 1215 2202 qua
1234 2150 1421 2202 patrem,
1442 2146 1522 2201 qui
1541 2158 1659 2201 prae--

193 2230 298 2259 sens
316 2221 427 2267 erat,
453 2216 595 2258 filium
616 2230 793 2270 corona,
826 2231 879 2259 ac
901 2218 1004 2259 item
1025 2229 1130 2270 agro
1150 2215 1328 2257 Albano
1346 2213 1548 2265 donavit,
1567 2214 1659 2257 bis-

193 2299 278 2338 que
295 2298 401 2327 auro
422 2286 666 2340 insignivit,
689 2285 1015 2340 splendidoque
1051 2298 1105 2327 ac
1133 2282 1387 2338 magnifico,
1409 2295 1512 2324 cum
1531 2296 1661 2325 sena-

195 2353 369 2395 toribus
395 2355 711 2409 equitibusque
742 2354 976 2404 Romanis,
997 2353 1206 2395 convivio
1228 2350 1442 2406 suscepit,
1470 2350 1517 2392 id
1537 2351 1659 2406 quod

194 2421 386 2463 carmine
407 2421 569 2472 Po'eta,
591 2424 713 2477 quod
734 2422 1074 2465 Eucharisticon
1095 2419 1342 2474 inscripsit,
1359 2421 1554 2461 testatus
1574 2422 1659 2462 est.

197 2487 304 2539 Quo
333 2489 394 2539 fit,
427 2494 476 2531 ut
509 2489 676 2533 fabulae
706 2492 879 2546 potius,
912 2503 1048 2546 quam
1078 2488 1276 2531 historiae
1306 2486 1455 2529 simile
1483 2490 1658 2541 putem,

196 2557 316 2611 quod
347 2559 405 2600 ab
436 2558 660 2613 aliquibus
687 2560 912 2614 proditum
930 2563 1010 2610 est,
1031 2558 1220 2600 Statium
1242 2550 1471 2611 praeacuto
1491 2555 1611 2611 stylo
1631 2567 1659 2597 a

195 2625 455 2667 Domitiano
494 2626 771 2669 confossum.
847 2628 1096 2682 Supersunt
1133 2638 1239 2667 vero
1277 2623 1336 2666 ad
1378 2622 1477 2666 haec
1517 2635 1659 2679 usque

196 2696 396 2748 tempora
415 2694 513 2736 haec
534 2694 667 2738 Statii
689 2708 842 2750 opera,
860 2696 1072 2746 Thebais,
1091 2699 1142 2737 ut
1159 2694 1352 2750 ipsemet
1371 2691 1552 2743 cecinit,

671 2764 813 2807 multa
830 2764 1033 2807 cruciata
1052 2763 1190 2816 lima;
