1800 3060
194 227 278 271 534

196 335 485 376 Sauromatas
506 330 711 386 quaties?
744 342 801 371 an
822 334 865 371 te
885 334 1092 384 septenus
1107 331 1286 372 habebit

195 401 328 452 Ister,
349 406 394 443 et
408 400 585 442 undoso
605 398 863 441 circumflua
882 398 1068 453 conjuge
1091 398 1239 440 Peuce
1251 399 1271 440 ‘l

195 469 270 512 An
290 470 519 524 Solymum
537 468 740 518 cinerem,
761 467 1048 521 palmetaque
1070 471 1206 520 capta
1227 466 1399 508 subibis

196 539 300 581 Non
322 539 409 579 sibi
429 537 584 578 felices
605 537 755 591 sylvas
775 535 984 589 ponentis
1006 534 1217 576 Idumes?

197 605 332 657 Quod
356 605 396 646 si
417 609 461 645 te
481 616 641 656 magno
662 603 791 644 tellus
811 602 996 644 fraenata
1013 603 1188 656 parenti

196 673 426 727 Accipiat,
447 677 663 726 quantum
681 670 797 712 ferus
818 671 1039 712 exultabit
1059 669 1266 712 Araxes!

197 741 379 792 Quanta
400 739 673 794 Calydonios
695 739 867 781 attollet
886 738 1027 792 gloria
1047 737 1234 793 campos
1245 738 1254 779 !

195 809 311 851 Cum
333 808 415 849 tibi
434 808 665 861 longaevus
683 807 845 848 referet
861 807 996 848 trucis
1017 807 1167 848 incola
1183 812 1329 858 terrae,

690 237 732 267 P.
765 235 954 266 PAPINU
989 235 1157 267 STA'ru

1571 602 1657 645 140

195 960 310 995 mutas,
324 957 449 999 quinon
464 957 658 1000 habentfixa
671 957 854 989 domicilia?
895 957 949 989 An
964 960 994 989 te
1007 957 1173 998 possidebit
1186 956 1364 998 Danubius,
1379 957 1432 998 qui
1445 959 1562 1006 septem
1572 955 1662 988 antiis

195 1001 349 1032 evolvitur
364 1000 398 1032 in
413 1012 498 1033 mare
515 1001 687 1041 Euxinum,
710 1004 741 1032 et
757 1001 863 1032 Peuce
877 1000 1066 1040 ciretmy'usa
1080 1011 1190 1041 aquoso
1210 999 1349 1034 mrito?
1392 1000 1447 1032 An
1469 998 1659 1040 ingredieris

195 1041 338 1085 Solymos
354 1044 483 1085 cineres,
504 1047 535 1075 et
550 1045 673 1086 captiva
687 1044 824 1084 palmeta
841 1043 964 1075 Idumen
983 1054 1046 1075 non
1068 1044 1244 1085 plantantis
1265 1053 1322 1084 pro
1348 1054 1382 1076 se
1404 1043 1494 1075 beata
1512 1037 1659 1075 nemora?

198 1085 289 1121 Quod
304 1087 332 1118 si
346 1090 436 1120 terra
447 1088 623 1127 gubernata
636 1086 674 1118 ab
691 1087 808 1118 illustri
824 1090 877 1118 tuo
888 1090 979 1128 patre
1001 1090 1032 1118 te
1056 1087 1181 1126 habeat,
1203 1090 1350 1128 quantum
1373 1086 1522 1118 barbarus
1534 1084 1662 1117 Araxes

193 1129 368 1168 gaudebit!
414 1131 542 1168 Quanta
565 1131 668 1171 gloria
690 1129 800 1172 efferet
828 1139 921 1171 agros
960 1129 1166 1172 Calydonia!
1194 1140 1263 1162 cum
1289 1129 1391 1162 senior
1415 1128 1516 1161 incola
1540 1127 1661 1167 ferocis

809 1234 944 1247 OOmN
949 1235 1049 1246 ‘006⁵‘

198 1312 258 1341 137
284 1310 364 1342 Nic.
381 1310 546 1343 Heinsius
561 1310 604 1342 ad
621 1311 700 1343 Val.
720 1311 815 1342 Flac.
830 1320 881 1343 iv.
895 1314 971 1343 ⁷29.
987 1315 1019 1343 et
1031 1311 1172 1343 umbroso
1182 1323 1195 1350 ;
1216 1311 1267 1343 ita
1281 1311 1385 1344 etium
1402 1311 1501 1343 Rom.
1515 1309 1659 1342 nabun·

195 1353 422 1386 Parn1.——l38
444 1354 514 1386 Pro
529 1354 691 1396 Solymum
705 1354 848 1387 Domitii
865 1355 966 1387 codd.
983 1355 1178 1388 habuerunt
1191 1356 1322 1387 solidum
1332 1365 1346 1393 ‚·
1367 1359 1404 1387 et
1425 1354 1476 1387 ita
1494 1353 1661 1386 Parmen-

857 1462 1000 1495 NOTAE

195 1536 294 1564 erant
322 1536 405 1563 tunc
435 1532 599 1574 temporis
625 1532 849 1574 Sauromatae,
865 1532 900 1564 id

195 1588 262 1624 est,
281 1583 391 1614 nullas
422 1588 535 1614 certas
563 1593 603 1615 ac
627 1583 712 1615 fixas
729 1583 827 1615 sedes
842 1583 902 1615 ha-

194 1633 344 1666 bebant:
369 1634 459 1666 unde
477 1634 560 1666 victi
581 1645 601 1666 a
616 1634 826 1675 Domitiano,
841 1635 903 1666 hac

193 1683 273 1725 lege
289 1693 409 1725 pacem
426 1684 659 1726 obtinuerunt,
673 1689 713 1717 ut
736 1686 747 1703 ‘
759 1686 823 1717 sub
838 1695 904 1717 uno

194 1735 284 1766 coelo
300 1735 482 1774 viverent,’
504 1740 544 1768 ut
564 1736 716 1778 loquitur
740 1736 905 1778 Papinius

194 1786 321 1827 Lyrico
338 1786 380 1818 ad
395 1787 597 1819 Maximum.
633 1788 643 1805 ‘
657 1786 798 1829 Refugis
814 1797 904 1819 arua-

195 1847 268 1869 ram
286 1838 446 1869 Sarmatis
471 1839 581 1880 legem
595 1838 742 1879 dederit,
757 1838 820 1870 sub
835 1847 904 1871 uno

196 1887 326 1920 Vivere
346 1888 459 1921 caelo!

239 1941 304 1970 136
326 1940 379 1970 An
405 1942 436 1971 te
467 1942 612 1981 septenus
648 1939 774 1972 habebit
803 1939 902 1980 Ister]

193 1987 288 2020 Ister
313 1998 372 2021 seu
401 1989 578 2021 Danubius
596 1992 740 2030 septenus
764 1989 903 2030 dicitur,

195 2039 276 2081 quia
299 2044 434 2080 septem
461 2040 557 2072 ostiis
579 2041 614 2071 iu
638 2045 781 2081 pontum
797 2041 902 2072 Euxi-

194 2098 277 2122 num
293 2089 494 2123 effunditur.

242 2143 306 2173 137
347 2142 472 2174 Undoso
503 2141 686 2183 [undisono]
720 2141 902 2184 circumflua

194 2193 325 2233 conjuge
346 2194 463 2235 Peuce]
485 2193 602 2226 Pence
615 2203 721 2235 parva
734 2194 844 2226 insula
866 2195 901 2226 in

193 2253 262 2275 uno
277 2244 360 2276 Istri
375 2245 477 2284 ostio,
493 2243 584 2285 quod
596 2243 640 2275 ab
653 2253 696 2276 ea
707 2244 827 2276 Peuces
842 2254 900 2276 vo-

195 2299 306 2326 catur.
351 2294 540 2327 Finxerunt
549 2299 665 2327 autem
679 2295 798 2328 Poetae
808 2296 900 2328 Peu-

195 2355 258 2377 cen
269 2346 424 2387 nupsisse
434 2346 537 2386 Istro,
550 2356 570 2378 a
583 2357 648 2388 quo
660 2346 822 2379 alluitur:
840 2357 900 2379 un-

196 2395 240 2427 de
254 2395 380 2428 dicitur
400 2397 550 2428 undisono
565 2397 694 2437 conjuge
708 2397 900 2439 circumflua.

191 2455 195 2459 ’
239 2449 304 2478 138
326 2447 379 2478 An
388 2447 548 2490 Solymum
559 2448 708 2489 cinerem]
731 2449 901 2491 Intelligit

194 2496 357 2538 reliquias
373 2507 413 2528 ae
437 2497 561 2530 rudera
577 2499 900 2541 Hierosolymitanae

196 2547 304 2587 urbis,
324 2556 426 2588 quum
448 2547 549 2579 Titus
565 2548 598 2580 vi
614 2550 708 2592 cepit
723 2559 763 2582 ac
785 2550 900 2582 iucen-

196 2597 261 2630 dit.
316 2597 472 2629 Valerius
510 2598 656 2631 Flaccus
702 2601 712 2618 ⁴
725 2600 900 2642 Solymum

191 2646 392 2689 'pulverem’
412 2657 476 2689 pro
503 2649 624 2681 eodem
656 2651 743 2683 dixit
768 2651 900 2693 Argon.

192 2698 255 2731 lib.
282 2707 307 2730 1.
344 2696 503 2740 ‘Solymo‘
536 2700 725 2740 nigrantem
761 2703 901 2744 pulvere

194 2748 364 2782 fratrem!
402 2749 458 2782 De
473 2751 607 2783 excidio
619 2751 717 2794 hujus
733 2753 900 2787 florentis-

194 2798 292 2834 simae
305 2799 410 2833 totius
427 2800 583 2834 Orientis
598 2802 691 2835 urbis
703 2804 782 2836 vide
801 2805 902 2838 Jose-

956 1533 1060 1574 phum
1082 1533 1140 1565 lib.
1163 1533 1311 1575 septimo
1327 1531 1371 1564 de
1386 1532 1483 1564 Bello
1499 1530 1660 1572 Judaieo,

955 1584 1115 1616 Tacitum
1136 1584 1197 1616 lib.
1228 1593 1261 1616 v.
1284 1583 1527 1623 Historiarum,
1560 1583 1659 1616 alion-

958 1645 1036 1677 que.
1090 1636 1292 1676 Palmetaque
1319 1638 1411 1677 capta
1437 1634 1555 1666 subibis
1583 1633 1659 1666 No·

957 1685 1134 1722 sibiselices
1143 1687 1248 1728 sylvas
1258 1686 1404 1727 ponentis
1418 1684 1558 1727 Idume-3]
1580 1684 1659 1717 noe

960 1735 1058 1777 dicit,
1073 1738 1151 1779 quia
1167 1737 1289 1778 palmae
1305 1735 1439 1768 felicius
1453 1739 1612 1769 crescunt
1625 1735 1660 1767 in

959 1786 1124 1829 Idumaea,
1147 1789 1288 1829 regione
1311 1788 1432 1828 Syriae,
1447 1786 1660 1820 contermina

958 1839 1098 1881 AEgypti
1123 1849 1162 1871 ac
1185 1838 1339 1879 Arabiae,
1354 1849 1456 1881 quam
1473 1839 1506 1871 in
1523 1838 1591 1871 alia
1605 1847 1660 1870 re-

958 1891 1071 1931 gione.
1111 1887 1230 1932 Copta]
1267 1890 1419 1922 Subscta
1446 1888 1580 1922 seilicet
1606 1894 1661 1920 n-

956 1941 1067 1981 gione‚
1082 1941 1117 1972 in
1133 1951 1199 1983 qua
1215 1945 1378 1972 crescunt
1391 1941 1552 1982 palmeta.
1585 1939 1660 1971 Non

955 1990 1033 2032 sibi]
1058 1991 1147 2025 Quia
1174 1991 1298 2033 palmae
1327 1989 1498 2022 dabantur
1520 1989 1659 2022 victori-

954 2042 1019 2074 bus
1045 2042 1079 2074 in
1108 2041 1242 2083 signum
1262 2040 1432 2080 victoriae,
1445 2040 1530 2072 victi
1544 2042 1660 2072 antem

955 2093 1102 2125 Idumaei
1128 2091 1265 2125 fuerant
1286 2102 1308 2124 a
1328 2092 1500 2124 Romanis.
1544 2090 1663 2124 Fene&

955 2144 1074 2187 syleas]
1097 2144 1268 2184 Palmeta‚
1289 2143 1415 2184 filices,
1439 2143 1518 2185 quin
1533 2134 1659 2175 dabui?-

956 2199 1012 2227 tur
1027 2193 1196 2234 felicibus,
1209 2194 1274 2226 hoc
1289 2199 1358 2235 est,
1373 2193 1572 2227 victoribus.
1602 2191 1606 2203 ²

999 2246 1061 2277 140
1094 2245 1246 2277 Froemzla
1268 2243 1418 2286 parenti]
1446 2241 1660 2284 cubet-usu,

953 2296 1162 2338 Metaphora
1177 2297 1284 2328 ducta
1298 2294 1342 2328 nb
1354 2299 1432 2328 arte
1444 2294 1608 2336 equestri,
1620 2295 1660 2327 et

954 2346 1118 2388 intelligit
1147 2345 1343 2378 Armeniam
1373 2349 1412 2377 et
1434 2343 1660 2385 Britanniam}

954 2407 1037 2440 quas
1063 2401 1204 2430 rexerat
1230 2397 1311 2428 olim
1330 2395 1479 2428 vectius
1505 2392 1657 2428 noim

955 2452 1056 2489 pater
1073 2446 1235 2488 Crispini.
1262 2467 1266 2469 v
1551 2453 1571 2457 ’“
1603 2458 1606 2459 ’
1627 2453 1631 2458 ’

998 2499 1058 2530 141
1084 2496 1270 2538 Exultaln't]
1297 2495 1457 2529 videndo
1485 2497 1522 2529 t‘e
1538 2494 1655 2527 'here-

954 2548 1031 2580 dem
1052 2551 1089 2580 et
1105 2548 1314 2580 imitatorem
1338 2547 1427 2579 tami
1439 2541 1657 2585 ducisBola-

954 2600 1000 2632 ui.
1045 2600 1186 2641 Araxes]
1208 2592 1380 2630 Armenia
1391 2595 1524 2629 fluvius.
1642 2590 1643 2594 ’

995 2653 1059 2684 142
1085 2649 1286 2693 Calydon-ios]
1309 2646 1537 2687 Britannicos,
1553 2656 1574 2679 ι
1589 2646 1654 2680 ca-

954 2702 1101 2746 lydoniis
1115 2701 1251 2744 populis
1264 2689 1467 2739 Britnuniae,
1481 2697 1540 2740 qui
1553 2696 1655 2731 hodio

953 2752 1049 2786 Scoti
1063 2756 1238 2784 vocantur.
1269 2746 1529 2788 Aeeottetgloria]
1546 2744 1652 2782 Quod

953 2805 1105 2846 legatum
1121 2801 1271 2836 caesaris
1285 2804 1322 2833 te
1337 2798 1539 2843 possidebit.
1571 2810 1573 2812 ·
1614 2799 1618 2812 '
1639 2807 1643 2811 ·
