1800 3060
564 220 839 253 svavaauu
874 218 972 250 mn.
1003 219 1076 251 ιιι.
1107 209 1149 250 1.

130 316 222 359 Hic
242 315 324 358 tibi
345 315 532 358 Sidonio
550 315 719 357 celsum
739 313 945 368 pulvinar
964 313 1155 380 aeantho
1174 329 1181 333 ·

125 383 327 434 Texitur,
347 388 393 426 et
411 383 547 437 signis
567 383 726 425 crescit
746 388 870 424 torus
889 394 1026 435 asper
1043 378 1233 423 ebumis'.

128 449 342 501 Pacatus,
360 451 568 505 mitisque
590 450 713 501 veni;
742 461 823 490 uec
845 448 1047 490 turbidus
1070 449 1151 498 ira,

130 517 175 559 N
178 531 231 560 ec
250 518 459 560 famulare
479 520 637 560 timens
657 531 669 569 ;
700 516 777 558 sed
799 529 927 570 quem
948 521 994 557 te
1019 515 1229 558 Maenalis
1250 513 1378 570 Auge

1513 516 1582 556 ’40

129 583 389 627 Confectum
411 585 585 635 thiasis,
604 588 648 626 et
667 584 807 625 multo
827 583 962 624 fratre
982 582 1249 631 madentem,

132 651 358 694 Detinuit:
390 652 654 707 qualemque
671 664 800 705 vagae
812 654 916 706 post
934 651 1114 692 crimina
1133 651 1277 692 noctis

132 772 253 804 texitur
276 783 318 804 ex
337 773 468 804 uenusto
490 772 631 811 Sidonio,
656 775 686 803 et
708 772 804 803 lectus
824 771 975 804 eburneus
999 772 1152 804 sternitur
1179 772 1306 813 sculptis
1327 770 1428 811 siguis
1451 771 1583 803 excisus.

133 815 281 847 Placidus
293 815 430 857 lenisque
444 816 551 847 accede
558 825 571 852 ,·
602 824 657 846 aec
671 815 782 846 ardeas
795 815 858 853 ira,
880 824 936 846 nec
958 818 1095 846 metum
1110 814 1266 846 serviliter
1278 825 1289 851 ,·
1321 816 1373 845 sed
1388 814 1488 854 qualis
1502 824 1584 854 erus,

132 867 203 889 cua·
217 857 307 897 Auge
322 858 472 890 Moeaulis
489 862 520 890 te
534 857 669 889 detinuit
676 857 854 897 fatigatum
874 858 972 889 nimiu
983 857 1163 896 nuatione,
1173 860 1204 888 et
1220 857 1376 888 madidum
1391 857 1486 888 multo
1503 857 1587 895 vino,

129 902 161 932 et
174 901 296 941 quala·
308 901 407 933 adhuc
424 900 571 944 Thespias
585 899 676 932 toties
690 903 763 932 tus
775 909 873 940 socer,
890 904 959 942 pose
973 899 1122 940 facinora
1136 909 1226 939 oagoe
1240 899 1350 941 noctis,
1364 903 1395 931 te
1410 899 1586 931 admiratu

787 990 820 1023 N
826 989 935 1023 OTAE

127 1043 295 1085 genubus,-
317 1054 359 1077 ac
387 1045 492 1077 etiam
531 1045 660 1086 optime
687 1044 828 1077 tolerari

134 1100 261 1135 potest,
282 1099 322 1127 ut
345 1101 445 1128 notat
460 1095 658 1128 Gevartius.
703 1094 830 1128 Omnia

132 1145 222 1177 enim
244 1150 323 1178 ante
336 1146 475 1178 horrida
488 1151 524 1178 et
539 1155 661 1187 aspera
676 1145 829 1186 descrip-

133 1194 192 1235 sit,
215 1200 255 1227 ut
279 1199 383 1228 moes
404 1206 508 1236 meas,
522 1206 691 1238 agmenque
710 1196 832 1228 immite

131 1245 300 1287 parcere,
311 1249 366 1288 ξε.
410 1247 455 1279 Et
469 1246 598 1278 humeri
613 1246 722 1278 cruda
743 1246 832 1286 pelle

133 1295 271 1329 instrati
295 1297 447 1340 proprie,
470 1298 481 1316 ⁴
495 1296 633 1339 ἡξει-εξ
658 1296 834 1328 dicuntur.

132 1347 300 1389 Papinius
310 1347 421 1381 Theb.
431 1357 455 1380 ι.
469 1348 480 1366 ⁸
493 1348 600 1388 Riget
613 1346 752 1378 horrida
763 1351 833 1379 ter·

134 1407 178 1439 go
192 1397 303 1438 Palla,
314 1403 351 1430 et
373 1398 515 1431 coerulei
528 1397 675 1430 redeunt
697 1397 730 1429 iu
753 1406 834 1438 pec·

134 1451 213 1480 tora
226 1447 328 1480 nodi:
373 1449 549 1482 Iamna·
562 1447 694 1488 bouem]
710 1447 750 1479 Id
768 1452 834 1487 est,

133 1498 310 1531 iusti-atam
321 1499 447 1540 pellem
457 1499 566 1532 leonis
577 1498 722 1538 Nemaei‚
733 1507 834 1540 quem

135 1548 263 1582 oceidit
278 1549 462 1582 Hercules.
507 1548 836 1590 Repraesentabatur

134 1603 250 1632 autem
264 1599 433 1632 Hercules
447 1608 524 1631 cum
542 1607 624 1630 arcu
648 1607 688 1630 ac
714 1598 835 1639 phare-

136 1654 204 1690 tra.
218 1650 396 1692 clavaque,
409 1655 590 1692 tectusque
600 1650 756 1681 humeros
767 1650 836 1681 leo-

135 1701 216 1733 nina
229 1701 331 1742 pelle.
352 1700 454 1732 Unde
463 1700 674 1732 Tertulliano
686 1700 813 1732 dicitur
826 1710 835 1731 :

138 1751 149 1768 ⁸
157 1749 588 1792 scytalosagittipelliger?

178 1803 221 1832 a?
244 1801 314 1833 mc
326 1801 387 1833 tibi
410 1800 540 1832 Sidonio
560 1801 673 1833 celsu-
692 1800 837 1841 pulvinar

136 1852 270 1884 aaran
283 1850 434 1892 secitur]
455 1851 586 1893 Tangit
605 1860 747 1892 morem,
767 1861 834 1892 quo

136 1902 220 1936 lecti
244 1911 324 1934 cum
349 1901 584 1944 pulvinaribus
616 1901 723 1932 sterni
750 1901 835 1933 sole-

137 1952 224 1985 bant
236 1953 272 1985 in
287 1953 425 1994 templis
439 1961 481 1983 ac
503 1951 698 1983 numinibus
714 1950 836 1992 dicari,

139 2003 284 2044 perinde
302 2012 345 2034 ac
358 2002 425 2044 ipsi
442 2002 502 2034 Dii
516 2006 555 2033 et
570 2001 655 2033 Dee
671 2001 836 2033 incubare

141 2054 293 2086 vellent:
315 2057 353 2086 et
379 2054 422 2086 ad
451 2062 574 2095 preces
603 2053 836 2094 acceptandas

138 2110 330 2146 presentes
363 2113 451 2135 esse.
515 2103 684 2144 Exempla
711 2104 837 2144 passim

139 2153 235 2195 apud
247 2153 434 2195 scriptores
448 2152 562 2185 obvia.
593 2153 724 2184 Sidonio
737 2154 838 2194 palvi-

137 2213 200 2237 καί·
210 2204 342 2237 anatho
354 2202 501 2244 Texitur]
532 2203 574 2235 Id
589 2207 655 2242 est,
669 2204 840 2245 pulvinari

138 2254 342 2287 intexuntur
364 2253 480 2295 figurae
509 2252 667 2286 foliorum
691 2255 841 2287 acanthi.

138 2305 198 2337 Sic
211 2304 338 2345 Virgil.
354 2303 486 2336 AEneid.
497 2313 521 2335 r.
542 2308 552 2322 ⁸
565 2304 612 2336 Et
626 2303 754 2336 circum
767 2308 840 2336 tex-

138 2360 215 2387 tum
228 2363 352 2386 croceo
365 2354 520 2386 velamen
535 2353 701 2386 acantho!
727 2354 839 2386 Acan-

139 2405 220 2444 thus
235 2408 350 2437 autem
361 2403 481 2444 herba,
502 2403 547 2436 de
562 2413 628 2446 qua
640 2403 719 2436 vide
734 2404 840 2437 Plini-

139 2464 199 2488 um
213 2454 275 2487 lib.
285 2463 382 2486 xxn.
393 2463 472 2495 cap.
482 2457 537 2486 22.
580 2453 725 2496 Sidonio]
749 2455 840 2488 Quia

138 2504 206 2538 ltac
218 2505 327 2537 herba
341 2503 492 2536 abundat
507 2514 589 2546 ager
599 2504 776 2542 Sidonius,
789 2506 839 2538 uie

139 2553 256 2587 dietus
278 2565 300 2587 a
324 2554 453 2587 Sidone
473 2554 558 2587 urbe
582 2555 769 2588 Pboeniciae
795 2556 839 2588 ad

141 2614 236 2639 nare
247 2605 337 2638 site.

151 2678 153 2680 v
184 2658 230 2688 88
249 2656 484 2696 signiter-exit
497 2660 584 2689 toras
597 2665 687 2698 asper
700 2657 840 2700 eburnis]

143 2704 189 2738 Id
206 2710 273 2746 eat,
285 2707 396 2740 lectus
410 2707 580 2746 eburneus
601 2708 746 2750 sculptis
771 2709 839 2751 sig·

146 2764 199 2789 ΕΙΙ
214 2765 357 2792 exm-

925 1046 967 1076 40
991 1044 1059 1076 Nec
1087 1043 1247 1083 famulare
1283 1043 1410 1084 timens]
1448 1043 1491 1076 Id
1518 1048 1587 1086 est,

883 1103 977 1126 more
993 1094 1083 1126 servi
1110 1094 1235 1126 timens
1251 1098 1287 1126 et
1303 1094 1484 1126 serviliter.
1529 1095 1586 1127 Sic

883 1144 990 1176 Theb.
1015 1153 1064 1175 iv.
1089 1143 1132 1176 de
1156 1144 1301 1176 Bellona
1327 1145 1395 1177 ait:
1418 1145 1587 1178 ‘turmale

886 1194 1061 1235 fremens:
1109 1196 1220 1228 instar
1257 1202 1393 1228 turmar-
1452 1195 1589 1229 Ibidem

886 1244 975 1278 dixit
991 1246 1001 1263 ‘
1012 1246 1158 1278 mortale
1173 1245 1324 1286 sonaus‚’
1338 1251 1375 1278 et
1389 1247 1513 1287 passim
1529 1247 1589 1278 hu-

881 1296 1033 1338 jusmodi
1047 1296 1208 1339 loquendi
1223 1296 1316 1329 modi
1330 1297 1477 1339 Papinio
1492 1295 1590 1329 fami·

885 1346 1000 1379 liares.

930 1395 1081 1428 Maenalis
1094 1396 1203 1438 Auge]
1226 1396 1326 1438 Ange
1348 1396 1419 1429 tilia
1432 1396 1511 1429 Alei
1523 1397 1590 1430 Ar-

888 1446 997 1478 cadiae
1013 1447 1116 1487 regis,
1130 1447 1280 1478 Mortalis
1293 1446 1389 1479 dicta
1404 1457 1425 1478 a
1439 1447 1591 1480 Maenalo

888 1502 1004 1528 moute
1020 1496 1192 1529 Arcadiae.
1238 1497 1337 1529 Hanc
1359 1497 1530 1530 Hercules
1545 1497 1591 1530 ad

890 1546 1015 1578 Aleum
1030 1547 1210 1579 divertens
1232 1548 1435 1589 compressit
1456 1552 1494 1580 et
1516 1557 1593 1589 gra-

891 1596 1004 1628 vidam
1019 1596 1161 1638 reliquit
1175 1607 1185 1636 3
1206 1606 1275 1638 quo
1289 1602 1468 1638 comperto
1490 1602 1593 1639 pater

890 1656 965 1679 eam
979 1646 1197 1688 mergendum
1215 1647 1360 1680 tradidit
1373 1647 1511 1680 cuidam
1532 1659 1592 1681 ua-

891 1696 941 1728 vis
964 1697 1139 1738 magistro,
1164 1697 1225 1728 sed
1254 1697 1314 1729 illa
1333 1703 1518 1740 antequam
1547 1700 1590 1732 ad

889 1755 983 1778 mare
995 1747 1206 1788 perveniret,
1217 1753 1361 1789 urgente
1374 1754 1495 1790 partus
1506 1753 1591 1782 tem-

889 1807 975 1839 pore
992 1798 1181 1839 Telephum
1200 1798 1350 1840 peperit,
1370 1809 1518 1842 eumque
1542 1802 1592 1833 in·

891 1853 943 1879 ter
970 1848 1115 1888 virgulta
1137 1847 1282 1880 abdidit.
1325 1847 1451 1890 Augen
1475 1855 1593 1883 tamen

888 1908 956 1930 non
970 1899 1091 1931 mersit
1106 1900 1296 1931 navarchus
1319 1899 1391 1942 ille,
1417 1901 1478 1933 sed
1501 1901 1592 1934 dono

890 1950 988 1982 dedit
1012 1959 1088 1982 eam
1109 1951 1359 1983 mercatoribus
1373 1952 1592 1994 quibusdam,

889 2001 946 2043 qui
971 2001 1064 2033 illam
1093 2002 1129 2033 in
1156 2001 1294 2033 Cariam
1323 2001 1524 2035 detulerunt
1549 2003 1593 2035 ad

888 2052 1131 2084 Teuthrantem
1145 2062 1273 2093 regem,
1287 2052 1344 2084 ubi
1361 2057 1480 2094 postea
1494 2063 1515 2085 a
1527 2053 1592 2085 Te-

890 2103 994 2144 lepho
1009 2102 1079 2134 filio
1092 2103 1210 2144 agnita
1232 2107 1296 2135 est.
1340 2103 1405 2134 Ille
1434 2108 1594 2145 repertus

893 2162 914 2184 a
928 2153 1135 2193 pastoribus,
1151 2153 1297 2185 traditus
1311 2151 1425 2185 fuerat
1439 2155 1515 2195 regi
1526 2154 1592 2187 eo·

894 2203 1008 2242 riuthi,
1030 2207 1067 2235 et
1089 2203 1259 2244 Telephus
1282 2208 1434 2242 vocatus,
1458 2203 1551 2245 quod
1572 2213 1595 2236 a

894 2253 1093 2295 pastoribus
1109 2253 1262 2294 pendeus
1285 2252 1328 2284 ab
1343 2252 1505 2285 uberibus
1519 2263 1595 2286 cer-

895 2314 947 2335 vae
963 2304 1122 2335 inventus
1137 2302 1262 2335 fuerat.
1308 2302 1407 2334 Petit
1421 2308 1537 2336 autem
1548 2304 1593 2337 ab

894 2356 1049 2387 Hercule
1063 2364 1137 2387 eam
1151 2355 1371 2394 hilaritatem,
1396 2364 1463 2397 qua
1479 2355 1593 2388 diver·

894 2406 992 2438 tebat
1012 2406 1056 2437 ad
1083 2405 1218 2446 Augen,
1242 2405 1322 2447 quia
1342 2406 1354 2422 ‘
1367 2414 1466 2448 aque
1492 2404 1594 2439 furti·

892 2456 967 2488 vae'
987 2456 1167 2488 dulciores.

934 2509 976 2539 41
1002 2506 1140 2547 nimis]
1173 2505 1287 2538 Thiasi
1323 2506 1466 2548 proprie
1492 2507 1593 2539 salta-

893 2558 1003 2590 tIones
1017 2567 1057 2589 ac
1074 2557 1208 2589 choree
1216 2557 1355 2589 Baccho
1370 2557 1405 2589 in
1417 2557 1522 2599 orgiis
1533 2567 1593 2589 ex·

891 2607 1023 2639 hibitae.
1066 2608 1112 2639 Et
1125 2608 1224 2639 malt·
1229 2606 1338 2646 fratre
1349 2607 1538 2649 madente-vn]
1548 2608 1593 2640 Id

892 2661 959 2696 est,
968 2657 1076 2689 multo
1090 2657 1240 2698 Baccho,
1256 2667 1316 2689 seu
1331 2658 1422 2689 vino.

933 2710 978 2739 42
1000 2708 1188 2750 Qaalaaqae
1197 2711 1364 2748 mgoepost
1378 2708 1512 2740 niniae
1522 2719 1593 2741 noe·

894 2758 1067 2801 rufertius
1074 2757 1253 2803 [napitas]
1262 2758 1431 2800 obsequie,
1441 2758 1532 2791 toties
1541 2768 1592 2791 co-
