1800 3060
586 207 863 241 SYLVARUM
894 209 991 240 mn.
1022 209 1075 240 11.
1097 198 1138 240 1.

1508 200 1596 243 205

134 299 319 354 Murice,
339 313 453 345 nunc
471 302 586 344 vivis
608 302 772 356 digitos
791 303 1024 344 incendere
1043 304 1226 358 gemmis

131 370 389 414 Gaudebat:
419 382 506 411 non
527 371 658 412 turba
677 383 843 420 comes,
862 383 949 411 non
970 383 1152 412 munera
1171 383 1350 420 census,

1507 371 1592 412 135

131 437 240 480 Sola
262 437 515 479 verecundo
537 436 688 479 deerat
705 440 924 492 praetexta
944 437 1111 478 decori.

130 505 248 547 Haec
266 505 458 547 fortuna
476 504 634 546 domus
649 505 860 557 :subitas
881 505 1060 547 inimica
1079 505 1253 546 levavit

128 570 274 614 Parca
293 584 458 613 manus
477 584 489 613 ε
519 584 607 626 quo
628 571 750 613 Diva
768 571 889 613 seros
908 573 1058 625 gravis
1078 573 1226 614 exeris
1247 573 1445 625 ungues?

129 637 233 680 Non
251 642 294 680 te
322 638 464 680 forma
482 639 667 681 movet?
697 652 788 691 non
807 644 851 681 te
870 639 1174 695 lacrymabilis
1195 640 1340 681 aetas?

129 705 267 747 Hunc
284 718 365 747 nec
382 718 508 748 saeva
533 706 630 747 viro
650 707 872 760 potuisset
891 719 1074 761 carpere
1095 707 1283 757 Procne,

1505 705 1592 748 140

130 771 228 814 Nec
243 771 339 814 fera
356 772 556 814 crudeles
582 771 761 815 Colchis
782 773 987 815 durasset
1003 774 1050 815 in
1068 773 1173 824 iraS‚

129 838 285 882 Editus
302 839 452 881 AEolia
470 852 553 881 nec
574 840 613 881 si
633 840 748 882 foret
770 842 852 883 iste
873 839 1068 882 Creusa:

126 905 302 948 Torvus
323 907 380 948 ab
398 906 483 948 hoc
502 906 721 950 Athamas
741 908 923 950 insanos
941 908 1135 950 flecteret
1152 920 1295 949 arcus.

126 1016 242 1057 diffisus
257 1017 359 1057 igneis
370 1018 514 1058 gemmis.

561 1018 631 1049 Non
646 1017 753 1049 cohors
768 1017 973 1056 famulor-unt,
995 1027 1055 1048 non
1077 1017 1158 1049 dona
1180 1018 1301 1049 desunt.
1347 1016 1421 1049 Sola
1433 1019 1590 1058 praetexta

127 1059 233 1092 deerat
252 1062 430 1092 verecunde
444 1060 580 1100 sonnoe;
603 1060 669 1091 haec
691 1069 758 1090 sors
777 1060 861 1091 illius
886 1060 1080 1090 conditionis.
1127 1060 1248 1098 Infesta
1266 1061 1368 1091 Parca
1383 1064 1506 1101 repente
1521 1069 1589 1090 sus-

128 1101 202 1141 tulit
215 1102 249 1134 in
264 1103 353 1134 illum
371 1113 489 1134 mum.
534 1103 575 1134 In
600 1112 699 1143 quem,
714 1102 822 1134 acerba
847 1103 931 1141 Dea,
946 1102 1050 1134 exeris
1070 1102 1157 1133 diros
1180 1106 1322 1141 ungues?
1345 1103 1417 1134 Nm·
1431 1105 1588 1139 venustas,

126 1153 188 1175 m
201 1145 301 1177 teneri
313 1145 389 1177 oniti
409 1148 441 1176 te

453 1144 611 1187 flectunt?
635 1145 781 1176 Crudelis
805 1145 924 1176 Procne
947 1154 1009 1175 non
1029 1145 1231 1176 sustinuisset
1251 1145 1333 1176 hunc
1355 1146 1537 1185 discerpere,
1552 1147 1588 1175 ut

127 1190 292 1227 apponeret
305 1188 488 1228 epulandum
502 1188 616 1218 marito
630 1197 696 1218 suo.
746 1187 811 1218 Nec
827 1187 973 1218 Barbara
991 1187 1115 1218 Colchis
1131 1188 1244 1218 Medea
1268 1191 1493 1228 {verset-erasse!
1516 1197 1588 1217 con-

129 1231 182 1260 tra
196 1238 262 1261 enm
277 1230 310 1260 in
323 1239 404 1261 savo
411 1228 536 1270 furore,
552 1230 647 1261 etiam
662 1230 690 1260 a·
705 1229 823 1268 suisset
837 1230 964 1269 genitus
981 1230 1098 1260 Creusa
1114 1230 1229 1261 AEolia.
1277 1230 1368 1260 Trux
1379 1229 1532 1261 Athamas
1546 1229 1587 1259 ud

127 1269 220 1310 heiu
232 1276 425 1314 asspectum
438 1272 616 1314 deflexisset
631 1276 784 1303 ammem
796 1282 916 1304 arcum.
965 1271 1091 1313 Ulyues
1104 1272 1184 1304 hunc
1193 1273 1445 1313 precipitatum
1454 1282 1471 1303 e
1485 1271 1587 1312 Plu-y-

126 1420 163 1452 p.
177 1411 360 1443 dvm—135
383 1408 472 1441 Edd.
488 1413 574 1440 vett.
589 1419 651 1440 non
665 1418 792 1441 munera
807 1413 938 1441 cessant.
984 1410 1104 1441 Lectio
1119 1419 1226 1441 census
1241 1414 1294 1442 est
1315 1418 1359 1440 ex
1383 1409 1585 1449 con-iectura

125 1451 440 1485 Markiana-138
456 1453 465 1469 ‘
479 1451 627 1483 Omnino
643 1452 822 1491 legendum
834 1451 975 1491 ungues?
999 1453 1119 1484 Barth.
1143 1453 1219 1484 Hoc
1231 1462 1347 1483 verum
1365 1458 1464 1492 putat
1481 1453 1583 1482 etiarn

126 1493 374 1533 Marklandus3
395 1494 455 1526 sed
475 1503 593 1534 angues
615 1494 766 1526 retinent
789 1494 868 1526 edd.
897 1498 1091 1527 vett—143
1118 1495 1235 1526 Tor-tus
1261 1497 1302 1527 ad
1328 1495 1409 1526 hunc
1430 1494 1585 1526 Athamas

777 1579 922 1612 NOTAE

128 1651 316 1674 marmore:
339 1643 350 1662 ‘
366 1642 435 1675 Hie
458 1647 496 1675 et
515 1642 682 1684 Amyclaei
699 1653 825 1675 caesum

127 1693 171 1724 de
199 1697 316 1725 monte
344 1694 493 1735 Lycurgi
528 1693 627 1727 Quod
660 1693 762 1733 viret,
790 1699 827 1726 et

126 1742 245 1775 molles
290 1742 443 1774 imitatur
489 1743 629 1784 rupibus
678 1743 825 1776 herbas!

127 1791 228 1826 Quod
253 1797 290 1824 et
313 1794 466 1825 imitatus
494 1793 653 1825 Sidonius
673 1793 825 1835 Apollin.

127 1841 240 1875 Curm.
255 1851 350 1875 xxn.
385 1843 396 1861 ‘
413 1843 576 1876 Herbosis
590 1854 666 1886 quae
681 1849 826 1875 vernant

126 1900 295 1924 marmora
305 1893 421 1925 venis?
441 1894 547 1926 Mart.
562 1894 622 1927 lib.
637 1903 672 1926 v.
689 1895 755 1935 Ep.
770 1897 824 1926 24.

123 1941 135 1958 ‘
145 1940 336 1974 Herbarum
351 1942 466 1975 fueras
475 1944 626 1985 indutus,
638 1945 757 1984 Basse,
769 1954 823 1976 co·

127 1990 240 2023 iores!

171 2045 235 2074 1³4
271 2043 366 2075 Nunc
399 2044 481 2076 vivis
514 2046 630 2085 digitos
664 2046 825 2079 incendere

125 2093 273 2134 gennis]
299 2094 566 2135 Elegantissime.
611 2097 721 2136 Dicit,
732 2107 824 2138 gem·

127 2151 212 2181 mas,
227 2152 311 2184 quas
324 2144 485 2184 gestabat
499 2145 674 2187 Glaucias,
691 2152 823 2179 tantum

127 2190 312 2232 fulgorem,
330 2194 513 2236 ignemque
532 2196 705 2238 emittere,
720 2202 758 2230 ut
775 2198 824 2230 vi-

128 2241 291 2273 derentur
305 2241 431 2283 digitos
444 2244 520 2284 ejus
533 2245 726 2279 incendere.

171 2293 235 2323 1⁸⁶
261 2292 437 2325 Verecunda
458 2296 564 2331 deerat
590 2300 746 2337 proetexta
765 2308 823 2339 pu-

127 2340 211 2381 dori]
246 2342 407 2375 Glaucias
442 2345 533 2377 enim
561 2351 639 2379 erat
679 2347 824 2380 libertus

127 2390 303 2424 Melioris:
326 2403 393 2425 non
415 2400 552 2436 poterat
578 2407 700 2438 gerere
720 2399 825 2439 igitur

127 2443 342 2483 praetextam,
357 2454 433 2485 quae
449 2450 523 2478 erat
538 2447 760 2488 ingenuitatis
774 2450 824 2481 in-

128 2499 234 2572 alilgne.
273 2493 463 2537 Verecunda]
484 2496 572 2529 Quia
583 2507 689 2538 genus
702 2500 823 2540 pudori

128 2549 140 2572 ι
166 2549 178 2572 ι
191 2546 278 2574 erat.

170 2593 232 2623 137
255 2593 476 2633 Haec-fortuna
491 2596 613 2638 domus]
635 2597 823 2631 Libertinae

129 2639 260 2675 seilicet
273 2644 490 2678 conditionis.
705 2682 726 2696 ,,

172 2693 234 2724 140
255 2693 390 2736 Procne]
421 2697 556 2729 Procne
592 2698 695 2729 Terei
733 2699 823 2739 regis

129 2738 277 2774 Thr-eia
294 2753 390 2786 uxor,
406 2755 482 2787 quae
505 2747 626 2780 marito
648 2749 822 2790 proprium

879 1643 984 1675 filium
1011 1644 1047 1677 in
1071 1644 1179 1676 frusta
1207 1644 1419 1686 discerptum
1444 1644 1586 1686 epulan·

879 1694 960 1725 dum
974 1696 1145 1736 apposuit.
1187 1696 1282 1727 Nota
1296 1694 1427 1727 fabula.

923 1747 981 1776 141
1009 1745 1147 1787 Colchis]
1168 1745 1316 1777 Medea:
1342 1754 1417 1776 nam
1442 1755 1485 1776 ex
1507 1745 1586 1776 Col·

881 1795 979 1827 chide
996 1795 1139 1827 oriunda
1155 1800 1244 1836 erat,
1258 1801 1294 1828 et
1312 1796 1422 1828 AEetae
1439 1796 1583 1828 Colcho·

881 1855 954 1876 rum
972 1846 1062 1886 regis
1078 1845 1159 1878 filia.

922 1899 984 1928 142
1022 1897 1127 1928 AEoliei
1160 1896 1296 1936 Creusa]
1341 1897 1482 1936 Creusa,
1514 1897 1585 1929 filia

880 1947 1038 1979 Creontis
1055 1948 1304 1979 Corinthiorum
1319 1949 1422 1989 regis,
1436 1948 1585 1989 despon-

877 2006 914 2028 sa
943 1995 1010 2028 fuit
1043 1997 1179 2036 Jasoni,
1216 1997 1395 2038 repudiata
1432 1997 1581 2036 Medea;

878 2046 969 2088 quod
987 2046 1044 2078 illa
1061 2057 1153 2086 aegre
1166 2047 1292 2086 ferens,
1303 2057 1463 2079 coronam
1478 2049 1586 2088 napli-

879 2101 914 2127 ta
924 2096 1045 2127 illitam
1057 2106 1190 2137 sponsae
1203 2097 1293 2128 dono
1309 2098 1398 2128 misit
1414 2107 1510 2139 :quae
1524 2098 1585 2129 ad-

879 2153 1145 2187 vesperascente
1158 2147 1214 2178 die
1235 2153 1272 2179 et
1296 2148 1407 2179 cereis
1429 2148 1582 2180 accensis

878 2197 990 2237 ignem
1014 2198 1187 2237 concepit,
1201 2206 1424 2238 sponsamque
1441 2202 1478 2228 et
1499 2198 1583 2229 Cre-

879 2251 995 2278 ontem
1011 2256 1088 2278 curn
1106 2251 1179 2278 tota
1194 2247 1289 2287 regia
1303 2247 1467 2278 incendit.
1504 2249 1581 2279 AEo·

877 2298 922 2329 lia
951 2306 1043 2337 vero,
1069 2297 1148 2338 qnia
1171 2297 1283 2328 Creon
1312 2302 1411 2338 pater
1442 2298 1581 2330 Creusae

878 2347 1044 2387 originem
1081 2347 1231 2378 ducebat
1261 2347 1304 2378 ab
1341 2348 1447 2379 AEolo.
1493 2349 1583 2380 Nam

878 2398 994 2430 AEolus
1018 2405 1117 2439 pater
1144 2399 1294 2440 Sisyphi,
1312 2400 1475 2442 Sisyphus
1500 2401 1582 2433 Cre·

879 2448 981 2480 ontis.
1025 2448 1146 2480 Mens:
1186 2449 1261 2480 Etsi
1289 2450 1452 2482 Glaucias
1481 2456 1581 2482 natus

879 2497 1001 2529 fuisset
1024 2508 1068 2529 ex
1085 2498 1193 2530 AEolia
1217 2499 1356 2540 Creusa,
1370 2500 1496 2532 Medea
1522 2501 1580 2532 de-

879 2547 1048 2588 posuisset
1074 2549 1158 2580 iram
1179 2558 1287 2587 suam,
1302 2560 1367 2582 nec
1388 2551 1422 2581 in
1437 2551 1504 2581 iras
1520 2551 1580 2582 du·

878 2604 991 2630 rasset
1017 2608 1059 2630 eo
1081 2607 1281 2640 conspecto,
1310 2601 1464 2641 quamvis
1490 2600 1581 2632 filius

877 2647 998 2679 fuisset
1022 2649 1185 2690 mulieris,
1214 2660 1313 2692 quam
1343 2661 1473 2682 summo
1500 2651 1580 2684 odio

878 2699 1157 2741 prosequebatur.

922 2751 981 2780 143
1004 2749 1171 2790 Athamas]
1194 2749 1357 2782 Athamas
1383 2759 1444 2782 rex
1463 2751 1578 2783 Corin-
