1794 3068
191 199 221 240 2
833 208 1087 241 EPIS'roLA.

191 309 267 346 tus
288 302 437 346 Po'eta
452 304 755 360 praestitisset,
773 317 830 346 ex
851 304 1028 347 duobus
1049 303 1204 359 primis
1225 303 1366 355 libris,
1387 317 1501 358 quos
1523 304 1647 346 solos

192 373 458 427 composuit,
477 373 609 415 facile
629 372 905 426 intelligitur.
967 373 1020 414 ln
1039 372 1125 422 his,
1147 372 1491 413 SERElesme
1515 373 1647 414 Dm„-

193 451 366 491 PfflNE,
397 442 544 483 vivam
581 445 668 483 tuae
702 440 985 482 educationis
1021 440 1221 482 videmus
1255 439 1502 493 imaginem.
1575 440 1647 483 lbi

191 507 549 561 sapientissimus
582 507 747 549 Chiron
782 508 979 549 animum
1012 508 1323 561 ingeniumque
1353 507 1535 548 illustris
1576 507 1646 548 sui

191 574 401 628 discipuli
420 575 623 616 omnibus
643 575 879 617 virtutibus
914 580 958 616 et
978 575 1158 630 optimis
1190 573 1440 628 disciplinis
1461 574 1644 625 excolit,

191 648 238 684 et
256 647 460 693 exornat,
488 642 671 697 ejusque
703 655 866 697 corpus
898 643 1074 685 bellicis
1107 642 1501 684 exercitationibus
1521 641 1646 684 indu-

190 715 277 751 rat.
332 709 384 750 In
417 710 626 751 omnibus
668 715 819 751 autem
853 711 1035 764 Papinii
1071 710 1296 765 operibus,
1335 714 1386 751 ut
1424 709 1645 762 ingenium

190 778 350 826 elucet,
373 778 440 819 sic
460 778 673 820 honestas
694 791 878 829 morum,
901 790 988 832 qua
1021 778 1248 832 praecipue
1268 771 1648 820 commendandus

189 848 270 895 est,
293 857 436 898 eaque
455 849 523 886 tot
539 845 755 886 salutaria
766 845 868 887 vitae
884 849 1133 900 praecepta,
1149 846 1405 899 monitaque
1421 858 1474 887 ac
1489 857 1644 898 graves
1667 893 1670 895 Α

189 913 433 954 sententias
455 913 697 963 continent,
727 917 776 954 ut
811 913 1077 965 scriptorum
1110 911 1204 966 ejus
1237 912 1387 962 lectio,
1410 913 1529 954 sicut
1548 925 1644 966 gra-

187 979 377 1030 tissima,
418 980 480 1021 ita
517 979 768 1021 utilissima.
830 979 919 1020 Sed
958 979 1070 1020 inter
1108 979 1204 1033 ejus
1237 978 1374 1029 dieta,
1407 980 1515 1021 nihil
1546 980 1646 1031 tibi,

188 1045 532 1087 SERENisfflME
552 1047 841 1098 DELPfflNE,
856 1047 1002 1100 magis
1018 1047 1244 1101 proprium
1260 1050 1343 1098 est,
1358 1060 1489 1101 quam
1502 1047 1611 1089 illud
1631 1061 1643 1090 t

188 1115 202 1133 ‘
224 1112 362 1155 Disce
382 1113 577 1168 patrem‚’
599 1128 687 1169 quo
722 1115 916 1156 nobilem
952 1114 1286 1156 adolescentem
1307 1114 1363 1155 ad
1383 1116 1525 1168 patris
1544 1115 1643 1158 imi-

187 1181 418 1233 tationem,
439 1182 523 1224 viri
541 1182 713 1237 optimi,
727 1182 1012 1236 ejusdemque
1033 1181 1192 1224 summi
1206 1181 1351 1232 ducis,
1368 1182 1644 1227 exhortatur.

187 1248 248 1290 Et
267 1254 388 1290 certe
416 1251 522 1304 quid
555 1251 644 1292 dici
675 1253 837 1304 potest,
873 1248 994 1304 quod
1027 1253 1069 1292 te
1103 1249 1208 1302 plus
1235 1248 1403 1299 deceat,
1437 1249 1643 1304 quodque

185 1317 327 1370 magis
347 1319 501 1371 pronis
518 1318 698 1360 auribus
714 1316 935 1370 excipias,
951 1329 1084 1370 quam
1104 1315 1207 1366 hoc,
1238 1317 1251 1338 ‘
1266 1315 1404 1357 Disce
1425 1320 1597 1369 patrem
1608 1316 1643 1357 'l'

186 1395 291 1425 cum
321 1397 480 1439 parens
501 1389 603 1427 tuus
626 1384 922 1426 Lunovlcus
956 1383 1178 1425 MAGNUS
1200 1383 1261 1425 sit
1280 1383 1477 1424 omnium
1502 1383 1642 1426 virtu-

184 1455 295 1502 tum,
316 1465 419 1507 quae
440 1453 590 1496 inesse
610 1457 805 1508 possunt
835 1455 927 1494 tam
956 1451 1146 1506 principi
1167 1451 1278 1502 viro,
1298 1462 1433 1504 quam
1452 1451 1641 1504 privato,

185 1518 570 1562 absolutissimum
589 1520 855 1575 exemplum.
915 1519 964 1561 Si
995 1519 1112 1561 enim
1144 1521 1395 1573 spectemus
1416 1517 1517 1572 ejus
1536 1531 1642 1573 erga

185 1585 331 1627 Deum
365 1587 578 1640 pietatem
596 1601 606 1629 z
649 1600 752 1641 erga
787 1586 1069 1640 Religionem
1107 1585 1388 1628 Catholicam
1421 1590 1640 1628 amorem‘:

184 1652 275 1695 vim
296 1655 453 1696 mentis
474 1658 607 1709 atque
639 1654 988 1709 amplitudinem,
1019 1653 1185 1707 quibus
1211 1651 1336 1694 solus
1355 1656 1427 1694 tot
1447 1665 1502 1694 ac
1518 1656 1642 1696 tauta

183 1721 363 1774 negotia
383 1722 594 1765 sustinet:
625 1722 944 1772 fortitudinem,
972 1734 1065 1775 qua
1091 1723 1162 1762 tot
1180 1732 1250 1761 res
1268 1719 1640 1773 praeclarissimas

184 1786 294 1830 edit:
324 1789 671 1832 moderationem
690 1789 839 1839 animi,
855 1801 944 1842 qua
956 1788 1044 1829 sibi
1064 1788 1258 1842 imperat
1276 1787 1320 1828 in
1339 1787 1639 1842 prosperrimo

182 1853 374 1897 fortunae
396 1869 490 1898 suae
511 1869 670 1898 cursu:
702 1856 900 1898 studium
919 1856 966 1896 in
987 1856 1166 1910 egregia
1185 1866 1391 1909 quaeque,
1412 1867 1502 1908 quo
1523 1857 1640 1896 artes

182 1921 393 1975 ingenuas
411 1935 540 1976 paene
560 1923 718 1965 exules
741 1923 993 1965 revocavit:
1024 1921 1215 1976 denique
1233 1921 1273 1963 si
1294 1923 1545 1975 spectemus
1566 1932 1641 1963 ce-

182 1990 299 2030 teras
314 1988 414 2043 ejus
433 1990 624 2031 eximias
643 1989 784 2040 dotes,
806 1990 1002 2044 speciem
1022 1989 1210 2044 imperio
1231 1988 1426 2042 dignam,
1445 1988 1640 2042 gravita-

182 2057 286 2105 tem,
314 2055 557 2109 justitiam,
577 2057 912 2108 liberalitatem;
939 2055 1186 2107 fatendum,
1205 2055 1317 2097 nihil
1337 2056 1427 2097 tale
1445 2055 1639 2110 majores

181 2126 360 2164 nostros
378 2123 566 2175 vidisse,
585 2124 672 2166 tale
702 2123 810 2165 nihil
842 2127 1032 2177 nepotes
1061 2123 1250 2165 visuros.
1312 2121 1372 2164 Et
1388 2122 1435 2163 in
1453 2121 1541 2165 hoc
1560 2127 1642 2166 tua

181 2186 282 2230 laus
299 2189 478 2241 eminet,
499 2191 845 2233 SERENISSIME
882 2191 1178 2244 DELPH1N133
1219 2191 1262 2232 in
1293 2194 1334 2232 te
1355 2190 1474 2232 enim
1494 2190 1640 2244 splen·

184 2254 289 2297 dete
313 2255 409 2310 ¹iam
440 2258 641 2300 videmus
669 2258 881 2313 quicquid
899 2258 947 2299 in
973 2262 1101 2300 tanto
1130 2257 1333 2312 principe
1357 2257 1639 2309 admiramur,

181 2325 317 2376 tuque
337 2326 427 2365 tam
446 2326 673 2368 excellens
699 2326 957 2381 exemplum
983 2325 1303 2380 perfectissime
1323 2328 1638 2378 repraesentas-

184 2387 297 2431 Mihi
318 2395 464 2434 autem
483 2393 708 2447 praecipue
729 2392 1060 2447 suspiciendus,
1079 2391 1385 2446 amandusque
1404 2390 1638 2446 Papinius,

182 2469 281 2498 cum
303 2458 410 2499 mihi
430 2460 710 2502 occasionem
733 2461 901 2516 aliquid
928 2461 974 2502 in
1004 2472 1134 2502 usum
1153 2462 1279 2502 tuum
1298 2459 1513 2501 exarandi
1533 2460 1639 2501 sub-

182 2523 512 2577 ministraverit,
537 2527 730 2582 mihique
763 2528 938 2571 abunde
963 2528 1045 2570 erit
1065 2526 1234 2582 gloriae,
1254 2527 1294 2569 si
1313 2526 1639 2568 lucubrationes

182 2603 296 2633 meae
336 2604 427 2634 non
461 2593 546 2635 tibi
587 2594 903 2650 displicuerint.
961 2593 1092 2646 Vale,
1125 2595 1467 2636 SERENlSSlME
1506 2592 1638 2635 Dm..-

184 2669 358 2700 Pumn.
418 2660 543 2702 Deus
563 2660 786 2716 Optimus,
802 2662 1046 2712 Maximus,
1068 2662 1150 2704 tibi
1170 2663 1276 2704 laeta
1297 2660 1445 2702 omnia
1463 2659 1636 2703 fausta-

183 2739 270 2780 que
290 2731 467 2768 annuat.
