1800 3060
541 200 818 233 vavARuu
852 200 950 231 mn.
981 201 1057 232 111.
1086 188 1128 231 1.

1480 191 1564 233 301

113 296 334 340 Conscius
357 295 595 350 Hippolyti
612 295 814 351 splendet
831 296 983 338 lacus:
1006 279 1115 350 *ipsa
1134 299 1311 338 coronat

111 363 326 406 Emeritos
344 363 494 405 Diana
514 376 664 414 canes,
685 368 731 405 et
751 363 930 418 spicula
952 364 1095 417 tergit,

113 430 175 472 Et
191 434 313 473 tutas
330 430 436 471 sinit
456 430 518 471 ire
535 429 679 488 feras;
709 430 939 484 omnisque
961 431 1141 484 pudicis

113 497 231 540 Itala
249 503 365 539 terra
383 497 499 539 focis
522 497 763 539 Hecateias
781 497 952 539 excolit
971 497 1087 538 idus.

112 563 204 606 Ast
223 576 324 617 ego,
343 563 583 605 Dardaniae
603 564 808 618 quamvis
827 564 911 605 sub
933 564 1126 606 collibus
1146 562 1280 605 Albae

113 630 214 672 Rus
232 630 478 685 proprium,
497 631 734 685 magnique
749 631 876 672 ducis
897 631 1002 672 mihi
1019 644 1196 673 munere
1215 643 1397 674 currens

114 751 213 783 mua
220 750 306 790 fuce.
350 749 426 790 Ipoa
448 749 556 782 Diana
571 750 696 782 redimit
715 750 808 783 sertis
822 759 914 782 cernes
927 751 1082 790 emeritos,
1093 753 1124 782 et
1139 750 1293 790 abstergit
1307 751 1380 787 tela,
1403 752 1435 781 et
1448 748 1570 790 patitur

116 792 479 832 beatuuecmmgoeffi
506 796 544 824 π’
566 796 631 824 totu
656 793 762 824 lealiae
783 793 870 832 regio
895 798 1062 825 vener-atur
1085 794 1180 825 castis
1194 794 1279 831 focis
1306 793 1382 824 Idus
1402 792 1474 823 huic
1490 792 1570 822 Dea

112 838 316 868 ωηατ-ιτα.
362 834 477 867 Verum
490 844 559 875 ego,
574 837 714 876 quamvis
724 836 849 877 propria
868 836 954 875 villa,
968 846 1039 877 «με
1052 839 1100 867 est
1113 836 1170 867 sub
1192 835 1318 867 collibus
1336 835 1428 867 Alba
1444 834 1571 866 Darda-

113 879 188 919 n'ae,
201 881 234 910 et
246 877 452 920 confluens,
466 878 545 909 m'ki
562 879 638 910 datu
651 879 730 910 dono
744 878 883 918 ingentis
897 878 1111 919 Imperatoris,
1131 882 1254 919 ponent
1265 878 1363 910 lenire
1376 887 1459 909 mea
1470 877 1572 908 solici-

774 964 917 996 NOTAE

118 1027 334 1069 Hippolytus
349 1032 530 1060 revocatus
547 1028 589 1059 ab
610 1027 735 1060 Inferis
750 1038 817 1070 ope

116 1077 316 1120 AEsculapii‚
332 1083 368 1111 et
384 1079 544 1120 precibus
562 1078 698 1120 Dianae,
720 1085 817 1121 puta-

117 1129 287 1171 baturque
309 1129 425 1161 vivere
450 1129 518 1161 illic
544 1130 577 1160 in
606 1130 757 1168 occulto,
781 1135 818 1162 et

116 1178 260 1211 Virbius
290 1179 510 1211 vocabum-‚⁶
532 1179 657 1220 Virgil.
682 1179 816 1213 AEneid.

117 1238 186 1263 vn.
208 1229 219 1248 ⁸
231 1228 281 1262 At
291 1229 409 1262 Trivia
430 1229 659 1271 Hippolytum
675 1230 816 1262 secretis

119 1281 210 1313 alma
225 1280 382 1314 recondit
391 1281 567 1313 Sedibus:
604 1281 708 1314 Ovid.
727 1282 819 1314 Fast.

117 1339 178 1363 ιιι.
190 1332 203 1350 ⁶
214 1330 322 1362 Vallis
338 1330 488 1363 Aricinae
500 1331 597 1372 sylva
612 1332 818 1372 precinctus

117 1389 230 1423 opaca
263 1381 328 1413 Est
350 1381 457 1422 lacus,
483 1381 625 1423 antiqua
653 1381 817 1422 religione

118 1439 228 1464 nter.
271 1430 342 1463 Hie
369 1431 457 1463 latet
483 1430 696 1472 Hippolytus
717 1430 818 1464 furiis

119 1480 305 1514 distraetus
340 1489 506 1523 equorum
522 1491 531 1513 ε
568 1481 669 1513 Unde
703 1491 823 1514 nemus

119 1529 222 1563 nullis
243 1529 329 1562 illud
353 1530 469 1562 aditur
492 1531 612 1573 equis!
659 1532 824 1574 conscius]

121 1580 231 1612 Bene.
274 1580 364 1612 Nam
390 1581 515 1613 conscii
539 1591 650 1614 rerum
672 1583 823 1614 occulta-

124 1640 210 1663 rum.
254 1631 363 1662 Multa
371 1630 459 1672 face]
473 1631 564 1664 Quia
578 1636 616 1663 ut
631 1641 735 1673 supra
748 1633 822 1664 ‹lix—

122 1681 223 1722 imus,
237 1682 272 1712 in
284 1681 336 1713 his
348 1681 477 1713 Triviae
501 1683 607 1714 saeris
632 1682 723 1715 faces
737 1693 823 1725 pra?-

122 1732 218 1771 latae,
245 1736 285 1763 nt
310 1731 343 1763 in
366 1731 566 1773 quibusdam
590 1733 678 1766 aliis.
720 1732 822 1774 Argis

123 1781 213 1813 enim
223 1779 288 1813 suit
297 1780 421 1813 festum
431 1780 619 1814 facularum
633 1787 722 1814 teste
735 1783 822 1814 Pau-

123 1830 219 1863 sauia
231 1830 292 1862 lib.
308 1839 350 1863 ιῐ.
402 1831 495 1863 Et'in
507 1831 674 1864 Minervae
687 1833 821 1865 Saiticae

122 1878 215 1914 festo
230 1880 407 1922 lampades
430 1881 707 1915 accendebantur
730 1883 822 1925 apud

123 1930 345 1963 'themistium
354 1931 464 1964 Serm.
480 1941 537 1964 111.

166 1983 209 2012 5⁷
232 1981 308 2022 Ipsa
320 1985 447 2013 coronat
475 1981 629 2014 Emeritos
653 1982 758 2014 Diana
772 1993 823 2015 αι-

127 2034 235 2072 ια,εί
259 2031 378 2071 spicula
401 2031 517 2072 tergit]
539 2033 686 2064 Veteres
706 2033 823 2065 crede-

126 2078 211 2111 bant
226 2080 376 2112 Dianam
391 2081 460 2112 suis
477 2080 589 2122 festis,
601 2092 676 2123 quae
692 2083 727 2113 in
743 2083 825 2115 Idus

102 2139 106 2141 ·
125 2127 275 2169 Augusti
291 2129 499 2171 incidebant,
521 2141 542 2163 a
562 2132 746 2164 venatione
766 2133 825 2165 ab·

126 2178 268 2220 siluere,
278 2189 382 2212 canes
398 2191 475 2213 suos
491 2191 667 2222 coronare,
679 2188 718 2215 ut
728 2182 825 2216 func·

129 2234 182 2261 tos
196 2229 402 2271 ministerio,
413 2231 504 2263 unde
517 2233 571 2265 bic
586 2233 597 2250 ‘
607 2233 760 2265 emeriti'
775 2234 827 2265 di·

128 2284 264 2321 cuntur,
292 2290 334 2313 ac
362 2282 495 2323 spicula
522 2288 671 2325 tergere.
725 2284 827 2318 Quod

126 2335 256 2372 preter
267 2331 418 2364 Statium
433 2333 612 2367 confirmat
635 2335 777 2368 Gratius
792 2336 828 2368 iu

128 2380 339 2422 Cynegetico
355 2392 365 2413 :
387 2383 399 2399 ‘
410 2382 638 2425 Spicatasque
665 2384 760 2417 faces
775 2395 827 2418 sa-

127 2437 221 2462 crum
236 2429 279 2461 ad
291 2432 463 2464 nemorale
473 2432 593 2465 Dianae
607 2434 779 2476 Sistimus‚
793 2440 829 2468 et

127 2479 230 2525 solito
251 2481 358 2513 catuli
379 2483 541 2515 velantur
561 2484 716 2517 honore:
761 2485 828 2518 Bo-

125 2539 188 2574 ,πε
203 2530 307 2562 etiam
331 2533 586 2566 coronabantur
609 2534 733 2566 diebus
758 2535 827 2567 fes-

129 2579 176 2611 tis
191 2580 309 2612 Cereri
332 2586 370 2613 et
384 2582 535 2616 Baccho.
577 2584 705 2616 Tibull.
715 2585 775 2617 lib.
785 2595 827 2618 u.

129 2629 229 2671 meg,
242 2633 275 2663 1.
297 2631 418 2664 ‘Solve
430 2633 542 2665 vincla
552 2634 660 2676 jugis,
682 2645 773 2668 nnnc
784 2637 828 2668 ad

130 2680 299 2730 praesepia
341 2681 469 2714 debent
514 2684 627 2716 Plena
662 2691 828 2718 coronato

130 2734 222 2762 stare
237 2730 342 2765 boves
366 2734 506 2775 capite:
549 2735 637 2767 Vide
661 2740 697 2767 et
723 2736 828 2769 Ovid.

873 1029 966 1060 Fan.
983 1038 1006 1060 r.

913 1081 956 1110 59
978 1079 1111 1111 Pndicis
1124 1079 1226 1121 jocis]
1259 1079 1301 1111 Id
1318 1084 1385 1120 est,
1406 1078 1473 1110 aris
1491 1078 1572 1110 Dia-

871 1138 922 1160 nae
940 1129 1063 1171 virgini
1079 1128 1213 1170 dicatis,
1236 1130 1290 1161 vel
1307 1129 1438 1162 facibus
1460 1133 1500 1160 ut
1518 1138 1574 1160 su·

871 1189 943 1220 pra.
990 1180 1164 1212 Dicuntur
1186 1179 1346 1221 ‘pudici,'
1368 1180 1412 1211 ob
1429 1179 1574 1211 Dianam

873 1227 1050 1268 virginem.

914 1282 958 1310 60
983 1280 1156 1312 Ηκαίιίαε
1169 1280 1255 1321 idus]
1277 1280 1361 1312 Idus
1384 1279 1475 1311 enim
1501 1278 1571 1311 Au·

872 1329 963 1370 gusti
989 1339 1096 1362 sacrae
1124 1336 1226 1363 erant
1257 1331 1391 1370 Dianae,
1413 1339 1491 1372 quae
1519 1338 1577 1361 ea-

871 1379 948 1411 dem
975 1390 1017 1412 ac
1048 1381 1186 1413 Hecate
1213 1387 1307 1420 erat3
1330 1381 1414 1413 licet
1436 1379 1575 1422 quidam

875 1428 1005 1462 faciant
1034 1431 1102 1462 duo
1124 1432 1263 1463 diversa
1287 1430 1438 1462 numina.
1493 1429 1577 1461 Idus

876 1484 991 1512 autem
1018 1481 1216 1514 incidebant
1231 1480 1437 1524 quandoque
1463 1481 1498 1511 in
1525 1483 1577 1512 13.

876 1532 968 1564 diem
984 1533 1123 1573 mensis,
1137 1534 1342 1575 quandoque
1368 1533 1404 1564 in
1425 1534 1479 1564 15.
1523 1533 1577 1564 Ex

878 1592 944 1624 quo
968 1591 1116 1625 apparet
1137 1585 1241 1615 etiam
1258 1584 1348 1615 diem
1366 1586 1418 1615 13.
1444 1583 1500 1614 vel
1522 1586 1575 1614 15.

876 1634 998 1665 mensis
1028 1639 1185 1666 vocatum
1213 1634 1310 1673 Idus,
1340 1643 1402 1666 seu
1430 1632 1492 1665 ἀπὸ
1520 1634 1578 1664 τοῦ

874 1683 984 1724 εἴδους,
995 1695 1095 1726 quam
1108 1685 1188 1716 luna
1203 1685 1304 1725 plena
1319 1690 1402 1716 tunc
1413 1684 1579 1723 ostendit,

875 1739 939 1768 ant
951 1735 997 1767 ab
1013 1745 1067 1774 eo,
1093 1735 1184 1776 quod
1210 1735 1339 1767 dictum
1360 1733 1427 1766 fuit
1455 1735 1577 1774 iduare,

876 1785 941 1816 hoc
955 1790 1024 1824 est,
1039 1785 1215 1824 dividere3
1238 1784 1329 1827 quod
1345 1789 1427 1816 tunc
1442 1784 1486 1816 sit
1501 1794 1579 1816 cur-

876 1835 1092 1875 riculiluuae,
1119 1844 1160 1866 ac
1181 1844 1290 1876 prope
1320 1834 1426 1866 etiam
1455 1835 1579 1866 mensis

876 1885 1064 1917 dimidium.
1101 1884 1193 1916 Hinc
1204 1886 1309 1917 etiam
1324 1884 1434 1916 Nonae
1446 1894 1579 1926 promo-

877 1935 1056 1974 vebantur,
1072 1935 1126 1966 vel
1139 1935 1412 1975 removebantur,
1425 1936 1507 1977 qnia
1521 1945 1582 1967 no-

879 1994 955 2016 vem
973 1985 1118 2026 praecise
1135 1986 1255 2017 diebus
1279 1987 1423 2017 aberant
1444 1986 1488 2017 ab
1510 1985 1581 2017 Idi-

877 2035 941 2067 bus
972 2045 1032 2066 seu
1059 2036 1257 2076 plenilunio.
1312 2037 1461 2068 Veteres
1490 2036 1580 2068 enim

879 2086 1024 2117 Romani
1040 2096 1164 2118 annum
1180 2087 1223 2118 ad
1249 2086 1336 2118 lunae
1352 2096 1489 2118 cursum
1503 2096 1583 2118 con-

879 2135 1078 2167 stituerant.
1121 2136 1205 2168 Idus
1232 2142 1346 2168 autem
1368 2136 1517 2178 Augusti
1533 2138 1582 2168 in-

880 2184 1042 2217 cidebant
1070 2186 1104 2217 iu
1122 2189 1174 2218 13.
1197 2186 1267 2217 diei
1294 2187 1408 2228 ejusce
1431 2186 1580 2226 mensim

880 2237 937 2279 qni
952 2237 1025 2268 dies
1046 2242 1124 2268 erat
1146 2246 1243 2268 sacer
1257 2237 1361 2268 etiam
1376 2237 1584 2278 Vertumno‚

881 2290 918 2317 et
929 2285 1054 2317 festum
1075 2290 1152 2318 erat
1175 2295 1353 2318 servornm
1377 2291 1415 2318 et
1438 2287 1581 2319 ancilla-

881 2345 967 2376 rum,
981 2336 1024 2367 de
1036 2346 1103 2378 quo
1116 2335 1195 2367 vide
1212 2337 1434 2369 Plutarchum
1449 2337 1582 2372 Quaest.

883 2387 980 2418 Rom.
995 2389 1069 2418 loo.

923 2439 964 2468 61
989 2436 1051 2468 Ast
1072 2446 1142 2476 ego,
1165 2437 1339 2469 Dardania
1362 2439 1502 2479 qumvis
1526 2439 1583 2470 sub

882 2486 1011 2518 collibus
1026 2486 1117 2518 Albae
1134 2487 1204 2518 Rus
1215 2488 1391 2529 proprium]
1414 2489 1581 2530 Papinius

880 2536 1031 2568 babebat
1054 2546 1162 2578 prope
1175 2536 1301 2569 Albam
1322 2538 1451 2578 villam,
1481 2548 1583 2579 quam

882 2586 1158 2619 illiDomitianns
1182 2587 1272 2619 douo
1294 2588 1451 2627 dederat,
1479 2597 1583 2628 quam

883 2635 1011 2668 idcirco
1032 2636 1219 2669 ‘honores’
1244 2643 1356 2678 vocat,
1385 2637 1509 2679 Lyrico
1539 2638 1584 2670 ad

881 2686 1084 2727 Septimium
1096 2687 1281 2720 Severum:
1305 2689 1316 2706 ‘
1330 2688 1433 2719 Parvi
1459 2687 1581 2719 beatus

883 2737 970 2770 ruris
985 2737 1180 2780 bonoribus,
1206 2740 1285 2773 Qua
1306 2739 1421 2781 prisca
1433 2740 1582 2772 Teucros
