1800 3060
220 208 310 251 414
718 217 760 248 P.
792 216 984 248 mmmr
1017 214 1182 248 s‘rmu

223 313 371 356 Parva
388 313 562 368 loquor,
583 325 662 354 nec
678 312 783 354 dum
803 325 936 367 aequo
957 315 1072 362 tuos,
1089 311 1378 364 Germanice,
1393 312 1572 355 vultus:

222 381 347 424 Talis
368 383 446 423 ubi
467 381 636 423 Oceani
657 380 804 431 finem,
824 393 1088 434 mensasque
1108 380 1258 422 revisit

226 450 501 503 AEthiopum,
523 462 675 490 sacros
696 448 883 490 diffusus
901 451 1077 489 nectare
1094 448 1260 498 vultus,

227 518 336 560 Dux
353 517 587 570 Superum,
609 520 781 557 secreta
793 515 927 570 jubet
947 514 1054 556 dare
1074 515 1267 557 carmina
1288 514 1463 565 MusaS,

227 584 286 626 Et
308 584 555 626 Pallenaeos
577 584 797 626 Phoebum
818 583 996 624 laudare
1016 582 1277 637 triumphos.

229 653 291 694 Di
310 653 391 694 tibi
409 651 618 706 (namque
640 652 814 694 animas
835 664 960 705 saepe
980 650 1196 693 exaudire
1217 651 1408 692 minores

229 718 472 775 Dicuntur)
488 721 645 775 patriae
666 720 736 761 bis
757 722 911 774 terque
933 720 1059 761 exire
1083 723 1274 761 senectae

229 787 478 830 Annuerint
496 787 633 830 fines!
664 793 764 829 rata
782 788 961 830 numina
980 787 1155 829 miseris
1174 787 1322 838 astris,

1626 514 1684 556 55

230 914 312 944 latus
326 915 436 943 stralae
456 911 535 952 pelli
559 910 666 943 leonis.
711 911 818 942 Parva
833 911 914 948 dico,
929 920 985 943 nec
998 911 1078 942 satis
1091 909 1230 951 exprimo
1243 912 1331 941 tuum
1342 909 1475 948 vultum,
1492 908 1690 941 Germanice.

235 955 322 987 Talin
343 965 401 987 rex
424 955 575 992 Deorum,
598 954 652 985 ubi
676 954 786 985 revisit
801 954 950 985 terminos
974 954 1103 993 Oceani,
1128 957 1159 985 et
1186 963 1308 984 mensas
1333 952 1526 993 AEthiopum,
1551 951 1688 993 diffusus

229 999 349 1030 meltum
359 998 464 1030 diuino
478 1000 613 1036 nectare,
626 997 757 1038 imperat
774 997 885 1028 Musas
897 998 1030 1037 pandere
1043 996 1188 1038 mysticos
1202 1005 1319 1032 versus,
1332 998 1362 1026 el
1375 995 1525 1026 Phoebum
1535 994 1688 1026 celebrare

230 1042 403 1079 uictoriam,
440 1050 511 1071 uam
524 1041 607 1081 apud
626 1040 776 1071 Pallenen
801 1041 839 1070 de
867 1039 1057 1079 Gigantibus
1079 1038 1262 1079 reportavit.
1307 1038 1374 1070 Dii
1391 1037 1480 1079 (nam
1500 1037 1613 1075 serunt
1637 1047 1689 1069 eos

231 1094 312 1126 sa’pe
327 1094 386 1116 exa
431 1085 476 1115 ire
488 1093 595 1124 preces
605 1081 794 1124 supplicum)
809 1082 868 1115 tibi
881 1082 1068 1114 indulserint
1083 1082 1262 1122 transgredi
1278 1080 1326 1113 bis
1345 1083 1452 1122 terque
1466 1089 1563 1112 annos
1581 1083 1688 1122 pater-

845 1178 1084 1191 eeee‘ee‘eaeeo

234 1251 556 1284 MarklanduS.-52
580 1251 687 1282 Parva
700 1250 807 1291 loquor
828 1250 964 1281 nondum
987 1249 1281 1281 Parmensis.—5³
1305 1247 1316 1266 ‘
1333 1247 1428 1280 Nihil
1451 1246 1606 1278 hocloco
1619 1243 1695 1276 soli-

234 1294 410 1327 citandum
424 1299 528 1333 esset,
544 1293 608 1324 nisi
623 1303 743 1324 novam
761 1293 941 1324 lectionem
961 1292 1165 1332 praebuisset
1181 1290 1378 1323 Parmensis
1392 1301 1401 1322 2
1423 1298 1604 1329 musasque
1618 1287 1694 1318 reli-

235 1338 304 1378 quit
317 1338 523 1378 AEthiopum,·
545 1337 598 1368 cui
611 1335 706 1367 favet
720 1336 908 1367 simillimus
926 1336 1019 1366 locus
1036 1334 1160 1367 Achill.
1178 1344 1204 1366 1.
1221 1337 1276 1366 52.
1291 1334 1336 1365 de
1352 1331 1542 1374 Neptuno.'
1570 1330 1692 1362 Μαι-Η.

235 1384 245 1399 ‘
264 1381 327 1412 Ed.
344 1381 456 1412 Parm.
472 1389 649 1420 mensasque
664 1378 808 1419 reliquit.-
832 1383 927 1409 recte
943 1378 1101 1417 omnin03
1123 1377 1220 1408 finita
1235 1376 1323 1407 enim
1341 1385 1438 1407 coena
1453 1374 1621 1406 vacabant
1637 1381 1694 1403 ve·

235 1428 325 1455 teres
342 1424 390 1454 rei
407 1423 565 1462 Musicae,
580 1431 647 1453 non
665 1426 744 1453 ante
762 1420 908 1462 epulas!
932 1420 1048 1452 Heius.
1093 1419 1182 1451 Vide
1197 1419 1346 1451 Advers.
1359 1419 1418 1450 lib.
1435 1427 1484 1450 ιν.
1499 1426 1577 1458 cap.
1595 1418 1645 1448 11.
1661 1424 1694 1456 p.

234 1469 311 1498 627.
326 1465 380 1498 Cf.
395 1467 502 1497 Theb.
517 1474 551 1497 v.
565 1467 643 1496 436.
660 1468 695 1496 et
713 1464 816 1495 Hom.
832 1463 876 1495 ῙΙ.
892 1467 930 1494 Α.
946 1465 1107 1495 423.-54
1132 1462 1221 1494 Edd.
1249 1466 1335 1494 vett.
1362 1471 1448 1492 saer-o
1475 1459 1611 1501 diffusus
1625 1467 1696 1489 nec-

235 1513 315 1542 tare.
341 1509 489 1540 Mutavit
510 1507 828 1540 Marklandus.—55
849 1507 932 1537 Dum
945 1515 1085 1547 superum
1101 1506 1216 1537 Parm.
1231 1505 1307 1536 dare
1317 1504 1456 1535 carmina
1470 1501 1584 1534 mamis
1599 1501 1696 1532 Rom.

237 1557 274 1583 et
290 1557 359 1583 vet.
377 1550 723 1591 Lindenbrogii.-——56
746 1549 815 1580 Pro
831 1549 958 1580 laudare
978 1549 1151 1589 triumphos
1177 1547 1243 1588 legi
1269 1556 1370 1588 posse
1393 1546 1540 1588 putabat
1566 1542 1695 1575 Markl-

235 1598 363 1626 cantare
377 1594 560 1636 triumphos,
585 1598 625 1625 ut
648 1592 755 1624 Theb.
780 1601 831 1624 v1.
858 1594 1022 1624 358.—58
1044 1591 1142 1623 Idem
1163 1589 1388 1622 Marklaudus
1412 1588 1505 1629 conj.
1528 1585 1696 1628 Pyziaebia

900 1688 931 1720 N
938 1687 1042 1721 oTAE

283 1759 325 1788 52
350 1756 458 1788 Parva
470 1756 591 1796 loquor,
605 1764 661 1786 nec
674 1755 747 1785 dum
762 1764 848 1794 aeqno
864 1756 943 1793 tuos,

242 1807 442 1846 Germanice,
470 1805 589 1847 vultus]
613 1803 780 1838 Quamvis
808 1813 945 1844 compa-

240 1868 311 1890 rem
328 1858 403 1890 illos
419 1867 495 1889 cum
511 1857 608 1888 vultu
625 1854 760 1892 Martis,
777 1854 945 1892 Pollucis,

239 1908 383 1948 Bacchi,
400 1912 436 1939 et
451 1906 625 1939 Herculis.
664 1905 711 1936 Et
726 1905 878 1936 imitatus
893 1908 946 1935 est

240 1958 404 1990 Ovidium
443 1958 505 1989 ult.
537 1957 722 1988 Metamor.
748 1955 944 1996 loquentem

239 2008 284 2041 de
313 2008 407 2041 Julio
449 2012 484 2039 et
519 2005 690 2039 Octavio:
739 2004 869 2045 ‘AEgea
896 2004 946 2036 sic

239 2059 410 2098 Theseus,
443 2058 494 2089 sic
524 2057 634 2088 Pelea
660 2054 744 2086 vicit
777 2053 945 2087 Achilles.

241 2109 414 2150 Denique,
429 2112 467 2140 ut
482 2105 648 2147 exemplis
665 2105 756 2146 ipsos
780 2104 946 2145 aequanti-

240 2158 304 2190 bus
320 2163 421 2190 utar:
451 2157 508 2189 Sic
523 2160 561 2188 et
582 2155 750 2187 Saturnus
766 2154 877 2186 minor
892 2158 947 2186 est

242 2207 354 2242 Jove!

283 2263 325 2292 53
349 2259 450 2300 Talis]
473 2257 516 2290 Id
532 2261 597 2297 est,
613 2266 656 2288 eo
677 2257 788 2296 vultu,
813 2265 854 2288 ea
877 2265 946 2287 ma·

235 2311 368 2353 jestate
382 2310 463 2342 oris.
490 2309 553 2341 Ubi
568 2308 686 2340 Oceani
692 2307 806 2348 finem,
815 2317 948 2338 mensas-

241 2370 299 2402 que
326 2360 438 2393 revisit
459 2359 654 2400 AEthiopum,
682 2368 786 2390 sacros
815 2357 950 2399 dzffusus

239 2414 364 2444 nectare
378 2413 493 2451 vultus,
507 2412 588 2443 Dux
603 2409 762 2451 superum]
775 2409 798 2442 J
802 2418 855 2440 am
865 2407 951 2440 dixi-

241 2472 315 2495 mus
338 2462 446 2495 Theb.
471 2471 504 2494 v.
526 2462 663 2498 Jovem‚
687 2461 849 2502 Deosque
872 2469 950 2491 cum

241 2522 278 2545 se
303 2513 495 2545 exhilarare
520 2513 650 2544 vellent
666 2511 789 2552 epulis,
804 2510 951 2542 invisere

243 2562 421 2604 AEthiopas
450 2571 652 2603 mensasque
682 2570 822 2592 eorum:
859 2559 949 2601 quod

244 2612 366 2645 sumsit
380 2617 501 2644 noster
515 2622 559 2643 ex
576 2612 730 2643 Homero
744 2611 789 2643 11.
802 2614 842 2643 A.
877 2609 952 2643 Ζεὺς

242 2664 306 2706 γὰρ
320 2665 367 2696 ἐπ’
387 2663 518 2696 ὠκεανὸν
532 2663 600 2704 μετ’
617 2662 772 2703 ἀμύμονας
784 2662 952 2701 Αἰθιοπῆας

245 2714 360 2755 Χθιζὸς
389 2714 448 2754 ἔβη
473 2713 554 2755 μετὰ
577 2715 680 2746 δαῖτα.
723 2714 854 2754 Jupiter
868 2713 951 2745 em‘m

243 2765 280 2798 ίπ
299 2767 508 2798 Οεεαπιιηκιά
523 2766 695 2806 inculpatos
706 2764 873 2804 AEthiopas
881 2763 950 2795 hes·

999 1757 1106 1785 ternus
1128 1753 1188 1784 ivit
1211 1752 1252 1783 ad
1271 1750 1458 1783 convivium.
1503 1749 1550 1780 Et
1572 1746 1701 1788 odyss.

998 1807 1037 1834 A.
1062 1801 1206 1834 Ἀντιόων
1217 1800 1338 1842 ταύρων
1351 1812 1390 1832 τε
1410 1799 1462 1831 καὶ
1483 1799 1607 1840 ἀρνειῶν
1629 1797 1701 1829 {nai

998 1852 1127 1893 τόμβης·
1147 1852 1228 1884 Ἔνθ’
1245 1852 1302 1891 &re
1314 1850 1447 1892 τέρπετο
1465 1848 1545 1881 δαιτὶ
1566 1846 1702 1889 παρήμε-

999 1917 1059 1937 νος.
1085 1904 1322 1936 communicans
1334 1906 1493 1934 laurarum
1504 1904 1536 1932 et
1549 1906 1702 1939 agnarum

999 1955 1192 1987 hecatombas
1204 1965 1217 1992 ;
1243 1955 1299 1986 ille
1322 1951 1535 1984 delectabatur
1563 1948 1703 1981 condeio

998 2006 1149 2038 assiam.
1185 2005 1233 2036 Et
1247 2005 1376 2036 Noster
1388 2001 1495 2034 Theb.
1512 2010 1548 2032 v.
1570 2000 1581 2017 ‘
1593 1999 1702 2031 Arca-

998 2066 1044 2088 na
1057 2056 1106 2088 sic
1122 2054 1214 2087 fama
1237 2063 1419 2094 erumpere
1441 2057 1542 2093 porta
1557 2050 1703 2082 Coeuco-

1001 2107 1065 2146 las,
1091 2105 1120 2137 si
1150 2104 1288 2147 quando
1317 2103 1450 2143 domus,
1467 2102 1634 2142 littusque
1648 2109 1703 2133 ru-
1751 2122 1755 2123 κ

1002 2158 1143 2189 bentum
1173 2156 1370 2197 AEthiopum
1396 2158 1433 2186 et
1455 2161 1588 2186 mensas
1610 2159 1706 2184 amor

1001 2211 1056 2239 est
1068 2207 1199 2238 intrare
1213 2203 1384 2238 minores!

1043 2260 1085 2288 55
1109 2255 1252 2297 Secreta]
1276 2255 1318 2287 Id
1343 2258 1410 2294 est,
1424 2253 1569 2295 mystica
1582 2250 1706 2284 carmi-

1002 2317 1060 2347 na,
1076 2316 1154 2349 quae
1167 2306 1229 2338 soli
1243 2306 1304 2338 Dii
1321 2308 1476 2343 cantant,
1487 2312 1553 2335 nec
1566 2301 1708 2334 homini·

1002 2360 1066 2392 bus
1081 2358 1347 2391 communicant.

1045 2412 1088 2441 66
1112 2410 1159 2440 Et
1180 2408 1371 2450 Pallenoeoe]
1394 2405 1436 2438 Id
1456 2408 1524 2446 est,
1540 2404 1704 2445 Gigante-

1004 2469 1062 2492 os:
1086 2459 1255 2499 Gigantes
1277 2458 1368 2489 enim
1393 2466 1413 2488 a
1428 2456 1503 2487 Diis
1518 2452 1601 2486 vfeti
1623 2457 1706 2485 sunt

1005 2509 1040 2541 in
1056 2508 1187 2550 campis
1203 2507 1391 2548 Phlegraeis
1406 2514 1516 2548 prope
1540 2503 1707 2536 Pallenen

1004 2558 1223 2592 Macedoniae
1239 2558 1372 2590 urbem·

1045 2613 1088 2642 58
1111 2608 1236 2640 Patriae
1246 2606 1394 2648 senecta]
1417 2607 1505 2639 Nam
1521 2602 1708 2646 Vespasia-

1003 2669 1066 2692 nus
1080 2658 1140 2690 diu
1154 2658 1252 2690 vixit.

1046 2713 1089 2742 59
1112 2710 1200 2741 Rata
1213 2707 1341 2740 nuntium
1354 2706 1478 2739 miseris
1493 2704 1605 2744 aseris,
1622 2703 1709 2736 Ten·

1001 2761 1111 2803 plaque
1119 2760 1185 2800 aea,
1191 2758 1364 2799 habilesque
1373 2753 1582 2798 [habitesque]
1589 2752 1709 2794 domos]
