1800 3060
244 205 330 248 460
742 215 783 244 r.
815 213 1006 245 mrum
1041 213 1208 246 s'rA'ru

244 310 416 352 Nectar
431 308 576 350 adhuc
599 312 725 350 torva
745 308 880 350 laetus
899 307 930 350 J
933 321 1075 350 unone
1093 309 1299 351 bibebat:

244 378 322 419 Sic
341 377 462 418 mitis
484 377 644 426 vultus,
666 375 806 418 veluti
826 375 880 417 de
900 380 1081 430 pectore
1108 376 1305 430 gaudens

246 447 467 488 Hortetur
486 457 686 486 mensas:
720 449 843 486 tenet
862 444 961 487 haec
983 444 1226 486 marcentia
1245 444 1393 487 fratris

246 514 435 564 Pocula,
457 518 505 555 at
525 513 622 555 haec
644 513 785 554 clavae
808 513 1008 556 meminit
1028 526 1187 555 manus
1205 526 1216 555 ε
1248 525 1406 567 aspera
1423 513 1550 555 sedes

245 582 444 624 Sustinet
463 582 687 622 occultum
710 580 923 622 Nemeaeo
944 581 1131 633 tegmine
1152 593 1327 622 saxum.

245 650 394 704 Digna
412 649 537 703 operi
559 648 737 690 fortuna
759 661 887 691 sacro
906 661 916 690 :
949 647 1148 689 Pellaeus
1166 648 1362 690 habebat

245 718 472 772 Regnator
487 717 604 759 laetis
625 729 787 758 numen
805 716 1056 759 venerabile
1076 716 1256 771 mensis,

243 786 302 828 Et
321 785 532 827 comitem
554 784 762 827 Occasus
784 796 934 826 secum
954 776 1162 839 portabat
1181 787 1226 826 et
1244 782 1406 827 Ortus:

1652 379 1710 420 55

1651 716 1708 760 60

243 906 282 939 ab
300 908 388 939 OEtae
397 918 491 949 pyra,
503 909 645 947 gaudens
655 907 784 949 potabat
798 911 918 947 nectar,
933 908 1071 948 quamvis
1091 911 1179 939 torsa
1193 908 1219 939 J
1221 917 1328 940 unone.
1365 907 1419 940 Sic
1433 907 1511 939 lenis
1523 907 1590 947 ejas
1603 906 1710 938 vultus

243 954 304 990 est,
331 954 367 982 ut
391 952 420 982 si
442 951 509 992 ipse
532 952 603 982 loeto
628 952 732 982 animo
760 951 914 983 excitaret
937 951 1082 983 convivas
1103 952 1143 983 ad
1157 951 1361 983 hilaritatem.
1407 951 1490 982 Hoec
1504 960 1612 982 manus
1623 950 1712 990 gerit*

243 993 343 1025 ebrios
357 996 493 1026 crateres
506 993 630 1032 fratris
644 994 765 1025 Bacchi
775 1005 788 1032 ,·
809 995 911 1026 altera
931 993 1020 1034 gerit
1041 995 1172 1031 clavam,
1198 1003 1259 1035 qua
1281 995 1464 1026 recordatur
1487 993 1710 1032 adhaesecisse

243 1037 381 1068 crudeles
394 1038 512 1068 coedes:
535 1037 613 1078 lapis
626 1040 744 1069 stratus
766 1037 845 1077 pelle
862 1037 1005 1069 Nemeoei
1018 1037 1116 1070 leonis
1131 1037 1221 1070 illum
1232 1038 1378 1069 sustinet.
1422 1037 1534 1077 Digna
1547 1046 1615 1068 sors
1629 1035 1710 1067 obti-

239 1079 293 1119 git
313 1090 402 1112 sacro
418 1080 516 1120 operi.
562 1080 751 1112 Dominator
765 1081 904 1112 Pellaeus
918 1080 1102 1112 Alexander
1115 1081 1232 1112 colebat
1249 1081 1304 1112 lwc
1317 1090 1432 1112 numen
1453 1080 1653 1112 reverendum
1672 1079 1707 1110 in

235 1122 386 1162 jucundis
398 1123 526 1164 mensis,
540 1127 571 1155 et
584 1133 686 1156 secum
700 1123 828 1163 ferebat
852 1124 968 1156 socium
993 1123 1226 1166 expeditionum
1242 1124 1385 1156 Orientis
1404 1127 1435 1155 et
1453 1123 1636 1155 Occidentis
1642 1133 1654 1160 ;
1677 1125 1710 1154 et

857 1218 876 1230 O

1042 1218 1100 1230 000

244 1290 333 1319 vett.
355 1287 394 1318 ab
413 1287 530 1318 OEtaeis
544 1287 696 1319 correxit
713 1286 1037 1318 Marklandus.-—55
1062 1284 1225 1317 Heinsius
1240 1283 1388 1316 Advers.
1416 1283 1476 1315 lib.
1503 1293 1528 1316 ι.
1554 1293 1631 1325 cap.
1655 1284 1708 1315 10.

244 1339 280 1371 p.
308 1332 363 1362 99.
395 1330 502 1370 legit:
534 1331 616 1362 velut
643 1331 703 1362 udo
725 1331 950 1371 pectore—56
974 1328 1133 1360 Hortatur
1147 1328 1442 1360 Parmensis—5⁷
1466 1327 1585 1358 Pocula
1610 1326 1709 1358 adhue

243 1382 334 1404 saevoe
347 1373 488 1404 meminit
513 1383 622 1405 :nanus
635 1374 737 1405 altera
759 1373 854 1404 coedis
875 1371 980 1403 Aldd.
1010 1371 1122 1404 Colin.
1149 1371 1283 1412 Gryph.
1310 1370 1419 1402 Basil.
1447 1375 1483 1401 et
1507 1370 1622 1401 Plant.
1666 1368 1709 1401 In

245 1415 345 1447 codd.
371 1415 518 1458 antiquis
543 1416 677 1449 invenit
699 1416 894 1448 Domitius:
918 1418 949 1446 et
967 1415 1034 1446 hoec
1058 1415 1123 1446 leve
1137 1415 1249 1446 meruit
1265 1423 1374 1445 manus
1388 1422 1499 1453 aspera
1513 1413 1621 1449 aredis,-
1644 1421 1707 1452 pro

247 1468 325 1500 qua,
344 1463 381 1490 ut
398 1459 471 1500 ipse
498 1459 639 1498 fatetur,
666 1460 840 1499 vulgatam
865 1458 975 1490 dedit.
1019 1457 1218 1489 Parmensis
1237 1458 1390 1499 praebet:
1417 1459 1450 1486 at
1465 1456 1530 1486 haec
1545 1456 1630 1486 loevae
1645 1464 1708 1487 me-

245 1502 339 1534 minit
354 1512 463 1534 manus
475 1512 551 1556 aspa
565 1504 653 1534 setis.
698 1503 820 1534 Lectio
833 1507 949 1533 nostra
965 1500 1110 1532 debetur
1125 1500 1428 1532 Marklando.—60
1443 1498 1604 1530 Heinsius
1621 1498 1707 1530 Not.

245 1562 286 1593 ad
314 1562 418 1594 Ovid.
442 1563 533 1596 Met.
557 1571 608 1595 ιν.
630 1564 704 1594 762.
726 1561 835 1600 legit:
860 1561 1025 1600 Regnator
1040 1559 1148 1591 lautis.
1193 1558 1408 1590 Parmensis:
1436 1567 1548 1589 numen
1562 1566 1711 1589 memora-

245 1605 327 1643 bile,·
348 1607 476 1638 Venet.
491 1610 525 1638 2.
541 1610 577 1637 et
593 1610 663 1637 vet.
687 1603 952 1644 Lindenbrogii:
977 1603 1079 1634 lumen
1093 1601 1364 1634 venerabile-61
1392 1601 1438 1632 Et
1457 1601 1601 1632 comitem
1621 1609 1711 1630 casus

243 1658 347 1680 secum
366 1650 513 1691 portabat
527 1649 562 1681 in
576 1658 681 1681 omnes
694 1647 916 1689 conjectabat
932 1645 1172 1677 Marklandus.
1217 1645 1381 1677 Heinsius
1397 1645 1419 1677 1.
1435 1644 1460 1676 l.
1508 1643 1552 1675 Et
1566 1642 1710 1675 comitem

909 1731 1050 1766 NOTAE

243 1812 379 1844 honesti
394 1811 505 1853 Ignis,
518 1811 563 1844 ab
577 1812 692 1844 OEtaea
708 1808 950 1844 conscenderis

245 1864 375 1896 aethera
387 1861 548 1895 flamma!

287 1918 330 1947 54
355 1914 456 1946 Torva
477 1912 619 1953 Junone]
642 1913 700 1945 Sic
728 1920 865 1952 semper
891 1910 950 1942 de-

245 1966 401 2008 pingitur
429 1975 449 1996 a
464 1965 585 1996 PoetIs
603 1967 764 2004 respectu
788 1961 950 1993 Herculis

244 2023 282 2050 et
298 2021 493 2050 ceterorum
507 2015 605 2048 Jovis
630 2013 789 2053 filiorum,
809 2021 892 2054 quos
906 2021 950 2043 ex

245 2068 427 2110 pellicibus
438 2066 592 2107 suscepit
607 2064 760 2106 Jupiter.
787 2063 889 2095 Unde
906 2063 950 2095 ab

244 2119 373 2152 Archia
383 2117 496 2150 Poeta
510 2121 655 2149 vocatur
668 2115 840 2156 μισόνοθος.
881 2115 951 2148 1„ae-

244 2170 311 2211 lus]
335 2169 426 2204 Quia
439 2167 552 2200 faetus
566 2168 781 2200 immortalis.

287 2224 330 2254 56
353 2221 512 2253 Hortetur
523 2219 659 2260 mensus]
677 2219 717 2251 Id
745 2224 814 2260 est,
838 2218 951 2250 convi-

254 2282 312 2304 vas
334 2273 378 2304 ad
397 2271 596 2304 bibendum.
641 2270 784 2311 Fratris]
810 2270 950 2302 Bacchi.

288 2327 329 2356 57
354 2322 503 2355 Meminit
512 2331 643 2353 manus:
666 2331 778 2362 aspera
789 2322 874 2352 sedes
888 2321 951 2362 [011-

244 2378 313 2406 tera
326 2373 437 2415 coedis]
460 2373 602 2405 Clavam
630 2372 764 2404 scilicet
790 2371 954 2411 tenendo,

246 2436 315 2468 qua
347 2430 398 2457 tot
422 2424 538 2457 caedes
565 2422 663 2455 fecit.
707 2422 880 2454 Martialis
908 2422 951 2454 de

247 2475 324 2508 eod.
340 2475 457 2516 signo:
476 2475 487 2492 ‘
497 2474 602 2516 Cujus
617 2474 704 2505 laeva
716 2474 806 2505 calet
817 2473 952 2514 robore,

247 2527 370 2559 dextra
386 2528 501 2557 mero.’

287 2580 332 2609 58
345 2575 487 2608 Sustinet
494 2576 647 2607 occultum
661 2575 806 2606 Nemeoeo
818 2575 954 2614 tegmine

246 2627 372 2670 saxum]
398 2626 732 2669 Repraesentabatur
748 2627 838 2658 enim
866 2626 953 2658 Her-

246 2682 340 2713 cules
355 2679 479 2712 sedens
493 2687 597 2719 snper
607 2687 727 2709 saxum
738 2677 951 2710 substratum

247 2733 357 2765 leonis
367 2729 502 2764 Nemaei
513 2729 616 2771 pelle.

293 2786 335 2815 59
367 2782 479 2822 Digna
507 2779 593 2822 operi
613 2778 750 2819 fortuna
778 2779 883 2822 sacro]
912 2780 951 2813 Id

1005 1812 1072 1847 est,
1083 1817 1170 1849 opus
1185 1806 1308 1839 nobilis
1317 1805 1488 1846 statuarii,
1503 1805 1634 1848 signum
1651 1815 1711 1838 no-

1006 1858 1083 1890 bilis
1103 1858 1182 1898 Dei,
1204 1857 1327 1889 incidit
1342 1857 1448 1889 eliam
1471 1856 1505 1888 in
1518 1866 1635 1888 manus
1651 1865 1711 1887 no-

1006 1909 1104 1951 biles,
1119 1914 1158 1941 ut
1174 1908 1375 1949 Alexandri,
1400 1907 1616 1947 Hannibalis,
1636 1907 1712 1948 Syl-

1005 1962 1063 2001 lae,
1095 1965 1131 1992 et
1154 1959 1322 1992 Vindicis.
1382 1959 1517 1990 Pellaeus
1542 1957 1710 1999 regnator]

1004 2010 1205 2043 Alexander
1216 2010 1378 2052 Magnus,
1387 2014 1487 2041 natus
1498 2009 1620 2049 Pellae,
1631 2018 1710 2050 quae

1004 2068 1110 2105 caput
1127 2067 1201 2095 erat
1211 2061 1442 2094 Macedoniae.
1470 2060 1571 2092 Unde
1587 2059 1708 2092 Poetis

1005 2113 1133 2157 passim
1150 2118 1295 2146 vocatur
1309 2112 1320 2130 ‘
1337 2109 1660 2154 Pellaeusjuv'enis.’

1047 2168 1090 2198 60
1112 2165 1214 2197 Laetis
1245 2174 1358 2197 namen
1385 2164 1559 2197 venerabile
1580 2163 1711 2205 mensis]

1005 2217 1046 2249 In
1059 2226 1178 2249 mensa
1194 2216 1286 2248 enim
1310 2215 1567 2247 collocabantur
1582 2218 1709 2246 statum

1006 2270 1167 2307 Deorum,
1185 2268 1279 2300 velut
1293 2268 1404 2301 tutela
1419 2277 1560 2306 mensae,
1570 2272 1610 2300 ut
1623 2267 1710 2300 dicit

1004 2331 1109 2363 supra
1125 2320 1304 2361 Papinius.

1047 2376 1084 2404 61
1115 2375 1250 2405 Occasus
1276 2373 1309 2403 et
1326 2372 1440 2413 Ortus]
1466 2370 1508 2404 Id
1535 2375 1588 2403 est
1605 2381 1709 2413 expe-

1005 2425 1172 2457 ditionum
1200 2429 1270 2457 tam
1295 2423 1330 2455 in
1360 2433 1530 2463 occasum,
1557 2433 1656 2465 quam
1673 2423 1709 2454 in

1006 2481 1132 2508 ortum.
1160 2475 1252 2508 Nam
1267 2474 1436 2506 Triballos
1449 2474 1548 2506 initio
1564 2473 1614 2505 sui
1630 2482 1709 2515 reg-

1006 2526 1041 2558 ni
1056 2526 1141 2558 vicit
1157 2525 1368 2566 Alexander,
1394 2525 1564 2567 Illyricos,
1588 2524 1708 2562 Getas,

1007 2582 1044 2608 et
1073 2576 1208 2608 accolas
1231 2576 1315 2608 Istri
1331 2586 1391 2608 seu
1416 2575 1591 2607 Danubii:
1614 2579 1708 2616 post-

1006 2637 1050 2660 ea
1079 2636 1163 2659 vero
1185 2627 1256 2659 dux
1278 2627 1472 2659 declaratus
1491 2626 1708 2666 Graecorum,

1007 2679 1199 2713 transmisit
1221 2678 1410 2712 exercitum
1426 2679 1460 2710 in
1477 2678 1608 2719 Asiam,
1624 2678 1710 2710 Per-

1006 2741 1132 2774 sasque
1150 2730 1247 2772 vicit‚
1261 2730 1412 2772 aliosque
1429 2729 1585 2762 Orientis
1601 2738 1708 2772 popu-

1009 2782 1071 2814 los.
