<?xml version="1.0" encoding="UTF-8"?>
<!DOCTYPE html PUBLIC "-//W3C//DTD XHTML 1.0 Transitional//EN"
    "http://www.w3.org/TR/xhtml1/DTD/xhtml1-transitional.dtd">
<html xmlns="http://www.w3.org/1999/xhtml" xml:lang="en" lang="en">
 <head>
  <title>
</title>
<meta http-equiv="Content-Type" content="text/html;charset=utf-8" />
  <meta name='ocr-system' content='tesseract 3.04.00' />
  <meta name='ocr-capabilities' content='ocr_page ocr_carea ocr_par ocr_line ocrx_word'/>
</head>
<body>
  <div class='ocr_page' id='page_1' title='image "./operaomniaexedit01statuoft_0232.png"; bbox 0 0 1800 3060; ppageno 0'>
   <div class='ocr_carea' id='block_1_1' title="bbox 226 196 314 240">
    <p class='ocr_par' dir='ltr' id='par_1_1' title="bbox 226 196 314 240">
     <span class='ocr_line' id='line_1_1' title="bbox 226 196 314 240; baseline 0 0"><span class='ocrx_word' id='word_1_1' title='bbox 226 196 314 240; x_wconf 79' lang='lat'><strong>222</strong></span> 
     </span>
    </p>
   </div>
   <div class='ocr_carea' id='block_1_2' title="bbox 721 207 1189 241">
    <p class='ocr_par' dir='ltr' id='par_1_2' title="bbox 721 207 1189 241">
     <span class='ocr_line' id='line_1_2' title="bbox 721 207 1189 241; baseline 0.002 -3"><span class='ocrx_word' id='word_1_2' title='bbox 721 208 763 238; x_wconf 87' lang='lat' dir='ltr'><strong>P.</strong></span> <span class='ocrx_word' id='word_1_3' title='bbox 795 207 986 239; x_wconf 74' lang='lat' dir='ltr'>PAPINH</span> <span class='ocrx_word' id='word_1_4' title='bbox 1023 207 1189 241; x_wconf 56' lang='lat' dir='ltr'><strong>s&#39;l’A&#39;lvn</strong></span> 
     </span>
    </p>
   </div>
   <div class='ocr_carea' id='block_1_3' title="bbox 226 301 1364 489">
    <p class='ocr_par' dir='ltr' id='par_1_3' title="bbox 226 301 1364 489">
     <span class='ocr_line' id='line_1_3' title="bbox 228 301 1364 357; baseline 0.002 -13"><span class='ocrx_word' id='word_1_5' title='bbox 228 302 492 344; x_wconf 84' lang='lat' dir='ltr'><strong>Innumeras</strong></span> <span class='ocrx_word' id='word_1_6' title='bbox 514 301 687 343; x_wconf 86' lang='lat' dir='ltr'><strong>valeam</strong></span> <span class='ocrx_word' id='word_1_7' title='bbox 706 302 894 355; x_wconf 88' lang='lat' dir='ltr'><strong>species,</strong></span> <span class='ocrx_word' id='word_1_8' title='bbox 916 303 1148 357; x_wconf 84' lang='lat' dir='ltr'><strong>cultusque</strong></span> <span class='ocrx_word' id='word_1_9' title='bbox 1162 304 1364 346; x_wconf 89' lang='lat' dir='ltr'><strong>locorum</strong></span> 
     </span>
     <span class='ocr_line' id='line_1_4' title="bbox 226 368 1210 423; baseline 0 -13"><span class='ocrx_word' id='word_1_10' title='bbox 226 369 389 411; x_wconf 82' lang='lat' dir='ltr'><strong>Pieriis</strong></span> <span class='ocrx_word' id='word_1_11' title='bbox 410 382 586 423; x_wconf 85' lang='lat' dir='ltr'><strong>aequare</strong></span> <span class='ocrx_word' id='word_1_12' title='bbox 606 368 775 410; x_wconf 88' lang='lat' dir='ltr'><strong>modis:</strong></span> <span class='ocrx_word' id='word_1_13' title='bbox 806 370 885 410; x_wconf 85' lang='lat' dir='ltr'><strong>vix</strong></span> <span class='ocrx_word' id='word_1_14' title='bbox 906 369 1058 411; x_wconf 85' lang='lat' dir='ltr'><strong>ordine</strong></span> <span class='ocrx_word' id='word_1_15' title='bbox 1078 370 1210 423; x_wconf 88' lang='lat' dir='ltr'><strong>longo</strong></span> 
     </span>
     <span class='ocr_line' id='line_1_5' title="bbox 226 435 1312 489; baseline -0.001 -11"><span class='ocrx_word' id='word_1_16' title='bbox 226 436 449 478; x_wconf 89' lang='lat' dir='ltr'><strong>Suffecere</strong></span> <span class='ocrx_word' id='word_1_17' title='bbox 471 435 607 486; x_wconf 89' lang='lat' dir='ltr'><strong>oculi,</strong></span> <span class='ocrx_word' id='word_1_18' title='bbox 627 436 721 486; x_wconf 86' lang='lat' dir='ltr'><strong>vix,</strong></span> <span class='ocrx_word' id='word_1_19' title='bbox 742 435 847 477; x_wconf 92' lang='lat' dir='ltr'><strong>dum</strong></span> <span class='ocrx_word' id='word_1_20' title='bbox 867 448 944 489; x_wconf 90' lang='lat' dir='ltr'><strong>per</strong></span> <span class='ocrx_word' id='word_1_21' title='bbox 965 437 1136 489; x_wconf 89' lang='lat' dir='ltr'><strong>singula</strong></span> <span class='ocrx_word' id='word_1_22' title='bbox 1156 436 1312 486; x_wconf 87' lang='lat' dir='ltr'><strong>ducor,</strong></span> 
     </span>
    </p>
   </div>
   <div class='ocr_carea' id='block_1_4' title="bbox 225 502 1514 624">
    <p class='ocr_par' dir='ltr' id='par_1_4' title="bbox 225 502 1514 624">
     <span class='ocr_line' id='line_1_6' title="bbox 227 502 1298 556; baseline 0 -11"><span class='ocrx_word' id='word_1_23' title='bbox 227 503 450 545; x_wconf 89' lang='lat' dir='ltr'><strong>Suffecere</strong></span> <span class='ocrx_word' id='word_1_24' title='bbox 465 502 650 556; x_wconf 87' lang='lat' dir='ltr'><strong>gradus:</strong></span> <span class='ocrx_word' id='word_1_25' title='bbox 682 515 785 556; x_wconf 84' lang='lat' dir='ltr'><strong>quae</strong></span> <span class='ocrx_word' id='word_1_26' title='bbox 804 515 947 544; x_wconf 88' lang='lat' dir='ltr'><strong>rerum</strong></span> <span class='ocrx_word' id='word_1_27' title='bbox 967 503 1119 544; x_wconf 86' lang='lat' dir='ltr'><strong>turba!</strong></span> <span class='ocrx_word' id='word_1_28' title='bbox 1150 504 1298 545; x_wconf 82' lang='lat' dir='ltr'><strong>locine</strong></span> 
     </span>
     <span class='ocr_line' id='line_1_7' title="bbox 225 570 1514 624; baseline 0.002 -12"><span class='ocrx_word' id='word_1_29' title='bbox 225 571 472 624; x_wconf 86' lang='lat' dir='ltr'><strong>Ingenium,</strong></span> <span class='ocrx_word' id='word_1_30' title='bbox 494 583 550 611; x_wconf 91' lang='lat' dir='ltr'><strong>an</strong></span> <span class='ocrx_word' id='word_1_31' title='bbox 572 570 738 611; x_wconf 89' lang='lat' dir='ltr'><strong>domini</strong></span> <span class='ocrx_word' id='word_1_32' title='bbox 757 570 885 611; x_wconf 85' lang='lat' dir='ltr'><strong>mirer</strong></span> <span class='ocrx_word' id='word_1_33' title='bbox 903 570 1060 624; x_wconf 69' lang='lat' dir='ltr'><strong>prius?</strong></span> <span class='ocrx_word' id='word_1_34' title='bbox 1091 570 1190 612; x_wconf 89' lang='lat' dir='ltr'><strong>haec</strong></span> <span class='ocrx_word' id='word_1_35' title='bbox 1208 570 1368 612; x_wconf 86' lang='lat' dir='ltr'><strong>domus</strong></span> <span class='ocrx_word' id='word_1_36' title='bbox 1390 575 1514 614; x_wconf 89' lang='lat' dir='ltr'><strong>ortus</strong></span> 
     </span>
    </p>
   </div>
   <div class='ocr_carea' id='block_1_5' title="bbox 1624 573 1684 614">
    <p class='ocr_par' dir='ltr' id='par_1_5' title="bbox 1624 573 1684 614">
     <span class='ocr_line' id='line_1_8' title="bbox 1624 573 1684 614; baseline 0 0"><span class='ocrx_word' id='word_1_37' title='bbox 1624 573 1684 614; x_wconf 81' lang='lat'><strong>45</strong></span> 
     </span>
    </p>
   </div>
   <div class='ocr_carea' id='block_1_6' title="bbox 225 637 1459 893">
    <p class='ocr_par' dir='ltr' id='par_1_6' title="bbox 225 637 1459 758">
     <span class='ocr_line' id='line_1_9' title="bbox 225 637 1459 692; baseline 0.001 -12"><span class='ocrx_word' id='word_1_38' title='bbox 225 638 468 692; x_wconf 89' lang='lat' dir='ltr'><strong>Prospicit,</strong></span> <span class='ocrx_word' id='word_1_39' title='bbox 485 643 530 679; x_wconf 92' lang='lat' dir='ltr'><strong>et</strong></span> <span class='ocrx_word' id='word_1_40' title='bbox 547 637 710 679; x_wconf 89' lang='lat' dir='ltr'><strong>Phoebi</strong></span> <span class='ocrx_word' id='word_1_41' title='bbox 728 642 922 679; x_wconf 89' lang='lat' dir='ltr'><strong>tenerum</strong></span> <span class='ocrx_word' id='word_1_42' title='bbox 937 637 1096 691; x_wconf 81' lang='lat' dir='ltr'><strong>jubar3</strong></span> <span class='ocrx_word' id='word_1_43' title='bbox 1127 637 1210 680; x_wconf 83' lang='lat' dir='ltr'><strong>illa</strong></span> <span class='ocrx_word' id='word_1_44' title='bbox 1229 637 1459 681; x_wconf 84' lang='lat' dir='ltr'><strong>cadentem</strong></span> 
     </span>
     <span class='ocr_line' id='line_1_10' title="bbox 226 704 1312 758; baseline 0 -12"><span class='ocrx_word' id='word_1_45' title='bbox 226 706 428 755; x_wconf 82' lang='lat' dir='ltr'><strong>Detinet,</strong></span> <span class='ocrx_word' id='word_1_46' title='bbox 449 710 743 758; x_wconf 82' lang='lat' dir='ltr'><strong>exactamque</strong></span> <span class='ocrx_word' id='word_1_47' title='bbox 761 709 893 758; x_wconf 88' lang='lat' dir='ltr'><strong>negat</strong></span> <span class='ocrx_word' id='word_1_48' title='bbox 913 704 1133 747; x_wconf 88' lang='lat' dir='ltr'><strong>dimittere</strong></span> <span class='ocrx_word' id='word_1_49' title='bbox 1153 706 1312 756; x_wconf 90' lang='lat' dir='ltr'><strong>lucem,</strong></span> 
     </span>
    </p>

    <p class='ocr_par' dir='ltr' id='par_1_7' title="bbox 225 772 1379 893">
     <span class='ocr_line' id='line_1_11' title="bbox 226 772 1379 827; baseline 0.001 -14"><span class='ocrx_word' id='word_1_50' title='bbox 226 772 341 814; x_wconf 92' lang='lat' dir='ltr'><strong>Cum</strong></span> <span class='ocrx_word' id='word_1_51' title='bbox 355 773 451 827; x_wconf 89' lang='lat' dir='ltr'><strong>jam</strong></span> <span class='ocrx_word' id='word_1_52' title='bbox 467 772 588 814; x_wconf 88' lang='lat' dir='ltr'><strong>fessa</strong></span> <span class='ocrx_word' id='word_1_53' title='bbox 606 772 717 822; x_wconf 86' lang='lat' dir='ltr'><strong>dies,</strong></span> <span class='ocrx_word' id='word_1_54' title='bbox 737 780 782 813; x_wconf 92' lang='lat' dir='ltr'><strong>et</strong></span> <span class='ocrx_word' id='word_1_55' title='bbox 801 772 847 813; x_wconf 91' lang='lat' dir='ltr'><strong>in</strong></span> <span class='ocrx_word' id='word_1_56' title='bbox 866 785 1049 826; x_wconf 86' lang='lat' dir='ltr'><strong>aequora</strong></span> <span class='ocrx_word' id='word_1_57' title='bbox 1068 773 1229 814; x_wconf 87' lang='lat' dir='ltr'><strong>montis</strong></span> <span class='ocrx_word' id='word_1_58' title='bbox 1247 773 1379 826; x_wconf 89' lang='lat' dir='ltr'><strong>opaci</strong></span> 
     </span>
     <span class='ocr_line' id='line_1_12' title="bbox 225 838 1370 893; baseline -0.001 -12"><span class='ocrx_word' id='word_1_59' title='bbox 225 839 399 882; x_wconf 89' lang='lat' dir='ltr'><strong>Umbra</strong></span> <span class='ocrx_word' id='word_1_60' title='bbox 413 839 547 890; x_wconf 89' lang='lat' dir='ltr'><strong>cadit,</strong></span> <span class='ocrx_word' id='word_1_61' title='bbox 567 841 798 893; x_wconf 86' lang='lat' dir='ltr'><strong>vitreoque</strong></span> <span class='ocrx_word' id='word_1_62' title='bbox 818 842 973 880; x_wconf 87' lang='lat' dir='ltr'><strong>natant</strong></span> <span class='ocrx_word' id='word_1_63' title='bbox 990 838 1197 892; x_wconf 85' lang='lat' dir='ltr'><strong>praetoria</strong></span> <span class='ocrx_word' id='word_1_64' title='bbox 1217 842 1370 892; x_wconf 86' lang='lat' dir='ltr'><strong>ponto.</strong></span> 
     </span>
    </p>
   </div>
   <div class='ocr_carea' id='block_1_7' title="bbox 225 904 1429 960">
    <p class='ocr_par' dir='ltr' id='par_1_8' title="bbox 225 904 1429 960">
     <span class='ocr_line' id='line_1_13' title="bbox 225 904 1429 960; baseline 0 -12"><span class='ocrx_word' id='word_1_65' title='bbox 225 907 342 948; x_wconf 88' lang='lat' dir='ltr'><strong>Haec</strong></span> <span class='ocrx_word' id='word_1_66' title='bbox 363 907 511 960; x_wconf 86' lang='lat' dir='ltr'><strong>pelagi</strong></span> <span class='ocrx_word' id='word_1_67' title='bbox 531 906 725 947; x_wconf 86' lang='lat' dir='ltr'><strong>clamore</strong></span> <span class='ocrx_word' id='word_1_68' title='bbox 745 904 959 957; x_wconf 88' lang='lat' dir='ltr'><strong>fremunt;</strong></span> <span class='ocrx_word' id='word_1_69' title='bbox 988 906 1084 947; x_wconf 89' lang='lat' dir='ltr'><strong>haec</strong></span> <span class='ocrx_word' id='word_1_70' title='bbox 1101 909 1223 947; x_wconf 89' lang='lat' dir='ltr'><strong>tecta</strong></span> <span class='ocrx_word' id='word_1_71' title='bbox 1242 919 1429 949; x_wconf 88' lang='lat' dir='ltr'><strong>sonoros</strong></span> 
     </span>
    </p>
   </div>
   <div class='ocr_carea' id='block_1_8' title="bbox 1623 890 1681 950">
    <p class='ocr_par' dir='ltr' id='par_1_9' title="bbox 1623 890 1681 950">
     <span class='ocr_line' id='line_1_14' title="bbox 1623 890 1681 950; baseline 0 0"><span class='ocrx_word' id='word_1_72' title='bbox 1623 890 1681 950; x_wconf 76' lang='lat'><strong>50</strong></span> 
     </span>
    </p>
   </div>
   <div class='ocr_carea' id='block_1_9' title="bbox 226 973 1271 1028">
    <p class='ocr_par' dir='ltr' id='par_1_10' title="bbox 226 973 1271 1028">
     <span class='ocr_line' id='line_1_15' title="bbox 226 973 1271 1028; baseline -0.001 -12"><span class='ocrx_word' id='word_1_73' title='bbox 226 975 438 1028; x_wconf 86' lang='lat' dir='ltr'><strong>Ignorant</strong></span> <span class='ocrx_word' id='word_1_74' title='bbox 457 973 637 1024; x_wconf 83' lang='lat' dir='ltr'><strong>fluctus,</strong></span> <span class='ocrx_word' id='word_1_75' title='bbox 657 978 872 1028; x_wconf 86' lang='lat' dir='ltr'><strong>terraeque</strong></span> <span class='ocrx_word' id='word_1_76' title='bbox 892 974 1067 1015; x_wconf 87' lang='lat' dir='ltr'><strong>silentia</strong></span> <span class='ocrx_word' id='word_1_77' title='bbox 1083 973 1271 1016; x_wconf 89' lang='lat' dir='ltr'><strong>malunt.</strong></span> 
     </span>
    </p>
   </div>
   <div class='ocr_carea' id='block_1_10' title="bbox 220 1117 1681 1204">
    <p class='ocr_par' dir='ltr' id='par_1_11' title="bbox 220 1117 1681 1204">
     <span class='ocr_line' id='line_1_16' title="bbox 220 1117 1681 1159; baseline 0.001 -11"><span class='ocrx_word' id='word_1_78' title='bbox 220 1127 323 1150; x_wconf 72' lang='lat' dir='ltr'><strong>mersa</strong></span> <span class='ocrx_word' id='word_1_79' title='bbox 338 1128 430 1158; x_wconf 80' lang='lat' dir='ltr'><strong>urna,</strong></span> <span class='ocrx_word' id='word_1_80' title='bbox 445 1129 505 1150; x_wconf 82' lang='lat' dir='ltr'><strong>non</strong></span> <span class='ocrx_word' id='word_1_81' title='bbox 517 1128 634 1159; x_wconf 76' lang='lat' dir='ltr'><strong>possem</strong></span> <span class='ocrx_word' id='word_1_82' title='bbox 647 1128 770 1159; x_wconf 79' lang='lat' dir='ltr'><strong>aequare</strong></span> <span class='ocrx_word' id='word_1_83' title='bbox 783 1118 920 1150; x_wconf 77' lang='lat' dir='ltr'><strong>versibus</strong></span> <span class='ocrx_word' id='word_1_84' title='bbox 934 1118 1111 1149; x_wconf 74' lang='lat' dir='ltr'><strong>innumeras</strong></span> <span class='ocrx_word' id='word_1_85' title='bbox 1124 1117 1260 1157; x_wconf 70' lang='lat' dir='ltr'><strong>formas,</strong></span> <span class='ocrx_word' id='word_1_86' title='bbox 1279 1120 1312 1148; x_wconf 81' lang='lat' dir='ltr'><strong>et</strong></span> <span class='ocrx_word' id='word_1_87' title='bbox 1332 1117 1466 1148; x_wconf 72' lang='lat' dir='ltr'><strong>locorum</strong></span> <span class='ocrx_word' id='word_1_88' title='bbox 1488 1119 1681 1150; x_wconf 77' lang='lat' dir='ltr'><strong>ornamenta.</strong></span> 
     </span>
     <span class='ocr_line' id='line_1_17' title="bbox 231 1158 1680 1204; baseline -0.001 -13"><span class='ocrx_word' id='word_1_89' title='bbox 231 1160 293 1191; x_wconf 82' lang='lat' dir='ltr'><strong>Vix</strong></span> <span class='ocrx_word' id='word_1_90' title='bbox 314 1162 392 1192; x_wconf 87' lang='lat' dir='ltr'><strong>oculi</strong></span> <span class='ocrx_word' id='word_1_91' title='bbox 417 1162 568 1204; x_wconf 73' lang='lat' dir='ltr'><strong>suffecere</strong></span> <span class='ocrx_word' id='word_1_92' title='bbox 591 1164 637 1193; x_wconf 81' lang='lat' dir='ltr'><strong>tot</strong></span> <span class='ocrx_word' id='word_1_93' title='bbox 660 1162 821 1193; x_wconf 80' lang='lat' dir='ltr'><strong>miraculis</strong></span> <span class='ocrx_word' id='word_1_94' title='bbox 843 1161 1040 1202; x_wconf 74' lang='lat' dir='ltr'><strong>aspiciendis,</strong></span> <span class='ocrx_word' id='word_1_95' title='bbox 1060 1161 1117 1191; x_wconf 78' lang='lat' dir='ltr'><strong>rix</strong></span> <span class='ocrx_word' id='word_1_96' title='bbox 1137 1161 1228 1200; x_wconf 76' lang='lat' dir='ltr'><strong>pedes</strong></span> <span class='ocrx_word' id='word_1_97' title='bbox 1242 1158 1406 1201; x_wconf 74' lang='lat' dir='ltr'><strong>suffecere,</strong></span> <span class='ocrx_word' id='word_1_98' title='bbox 1421 1160 1494 1191; x_wconf 84' lang='lat' dir='ltr'><strong>dum</strong></span> <span class='ocrx_word' id='word_1_99' title='bbox 1509 1160 1604 1190; x_wconf 79' lang='lat' dir='ltr'><strong>ducor</strong></span> <span class='ocrx_word' id='word_1_100' title='bbox 1623 1169 1680 1199; x_wconf 82' lang='lat' dir='ltr'><strong>per</strong></span> 
     </span>
    </p>
   </div>
   <div class='ocr_carea' id='block_1_11' title="bbox 218 1203 355 1242">
    <p class='ocr_par' dir='ltr' id='par_1_12' title="bbox 218 1203 355 1242">
     <span class='ocr_line' id='line_1_18' title="bbox 218 1203 355 1242; baseline 0.022 -9"><span class='ocrx_word' id='word_1_101' title='bbox 218 1203 355 1242; x_wconf 72' lang='lat' dir='ltr'><strong>singula.</strong></span> 
     </span>
    </p>
   </div>
   <div class='ocr_carea' id='block_1_12' title="bbox 402 1201 1679 1245">
    <p class='ocr_par' dir='ltr' id='par_1_13' title="bbox 402 1201 1679 1245">
     <span class='ocr_line' id='line_1_19' title="bbox 402 1201 1679 1245; baseline -0.002 -10"><span class='ocrx_word' id='word_1_102' title='bbox 402 1205 482 1240; x_wconf 82' lang='lat' dir='ltr'><strong>Quae</strong></span> <span class='ocrx_word' id='word_1_103' title='bbox 506 1214 610 1236; x_wconf 82' lang='lat' dir='ltr'><strong>rerum</strong></span> <span class='ocrx_word' id='word_1_104' title='bbox 635 1204 750 1245; x_wconf 83' lang='lat' dir='ltr'><strong>copia!</strong></span> <span class='ocrx_word' id='word_1_105' title='bbox 771 1208 949 1245; x_wconf 78' lang='lat' dir='ltr'><strong>stupeamne</strong></span> <span class='ocrx_word' id='word_1_106' title='bbox 972 1205 1061 1244; x_wconf 76' lang='lat' dir='ltr'><strong>prius</strong></span> <span class='ocrx_word' id='word_1_107' title='bbox 1084 1203 1181 1234; x_wconf 81' lang='lat' dir='ltr'><strong>situm</strong></span> <span class='ocrx_word' id='word_1_108' title='bbox 1204 1203 1278 1241; x_wconf 83' lang='lat' dir='ltr'><strong>loci,</strong></span> <span class='ocrx_word' id='word_1_109' title='bbox 1302 1213 1344 1233; x_wconf 77' lang='lat' dir='ltr'><strong>an</strong></span> <span class='ocrx_word' id='word_1_110' title='bbox 1365 1202 1485 1233; x_wconf 78' lang='lat' dir='ltr'><strong>domini</strong></span> <span class='ocrx_word' id='word_1_111' title='bbox 1497 1201 1679 1241; x_wconf 76' lang='lat' dir='ltr'><strong>judicium?</strong></span> 
     </span>
    </p>
   </div>
   <div class='ocr_carea' id='block_1_13' title="bbox 209 1244 1679 1414">
    <p class='ocr_par' dir='ltr' id='par_1_14' title="bbox 209 1244 1679 1414">
     <span class='ocr_line' id='line_1_20' title="bbox 221 1244 1678 1287; baseline 0 -12"><span class='ocrx_word' id='word_1_112' title='bbox 221 1245 304 1276; x_wconf 82' lang='lat' dir='ltr'><strong>Hoec</strong></span> <span class='ocrx_word' id='word_1_113' title='bbox 315 1256 390 1286; x_wconf 77' lang='lat' dir='ltr'><strong>pars</strong></span> <span class='ocrx_word' id='word_1_114' title='bbox 403 1248 510 1278; x_wconf 77' lang='lat' dir='ltr'><strong>domus</strong></span> <span class='ocrx_word' id='word_1_115' title='bbox 523 1250 644 1287; x_wconf 82' lang='lat' dir='ltr'><strong>spectat</strong></span> <span class='ocrx_word' id='word_1_116' title='bbox 658 1250 771 1285; x_wconf 82' lang='lat' dir='ltr'><strong>ortum,</strong></span> <span class='ocrx_word' id='word_1_117' title='bbox 787 1251 817 1278; x_wconf 81' lang='lat' dir='ltr'><strong>et</strong></span> <span class='ocrx_word' id='word_1_118' title='bbox 838 1246 952 1277; x_wconf 73' lang='lat' dir='ltr'><strong>debiles</strong></span> <span class='ocrx_word' id='word_1_119' title='bbox 971 1245 1070 1277; x_wconf 78' lang='lat' dir='ltr'><strong>adhuc</strong></span> <span class='ocrx_word' id='word_1_120' title='bbox 1085 1246 1189 1276; x_wconf 74' lang='lat' dir='ltr'><strong>radios</strong></span> <span class='ocrx_word' id='word_1_121' title='bbox 1202 1246 1276 1276; x_wconf 75' lang='lat' dir='ltr'><strong>solis</strong></span> <span class='ocrx_word' id='word_1_122' title='bbox 1288 1255 1299 1280; x_wconf 88' lang='lat'><strong>,·</strong></span> <span class='ocrx_word' id='word_1_123' title='bbox 1311 1244 1367 1276; x_wconf 72' lang='lat' dir='ltr'><strong>ina</strong></span> <span class='ocrx_word' id='word_1_124' title='bbox 1380 1245 1466 1276; x_wconf 68' lang='lat' dir='ltr'><strong>sinit</strong></span> <span class='ocrx_word' id='word_1_125' title='bbox 1480 1245 1678 1284; x_wconf 64' lang='lat' dir='ltr'><strong>occidentem,</strong></span> 
     </span>
     <span class='ocr_line' id='line_1_21' title="bbox 219 1287 1679 1328; baseline -0.001 -10"><span class='ocrx_word' id='word_1_126' title='bbox 219 1297 275 1319; x_wconf 82' lang='lat' dir='ltr'><strong>nec</strong></span> <span class='ocrx_word' id='word_1_127' title='bbox 289 1290 354 1319; x_wconf 76' lang='lat' dir='ltr'><strong>vult</strong></span> <span class='ocrx_word' id='word_1_128' title='bbox 369 1290 534 1320; x_wconf 81' lang='lat' dir='ltr'><strong>demittere</strong></span> <span class='ocrx_word' id='word_1_129' title='bbox 547 1290 644 1320; x_wconf 79' lang='lat' dir='ltr'><strong>lucem</strong></span> <span class='ocrx_word' id='word_1_130' title='bbox 657 1289 874 1328; x_wconf 59' lang='lat' dir='ltr'><strong>exactammbz·</strong></span> <span class='ocrx_word' id='word_1_131' title='bbox 887 1288 1031 1327; x_wconf 72' lang='lat' dir='ltr'><strong>diesjam</strong></span> <span class='ocrx_word' id='word_1_132' title='bbox 1045 1288 1285 1327; x_wconf 74' lang='lat' dir='ltr'><strong>advesperascit,</strong></span> <span class='ocrx_word' id='word_1_133' title='bbox 1299 1290 1330 1319; x_wconf 88' lang='lat' dir='ltr'><strong>et</strong></span> <span class='ocrx_word' id='word_1_134' title='bbox 1339 1287 1448 1318; x_wconf 77' lang='lat' dir='ltr'><strong>umbra</strong></span> <span class='ocrx_word' id='word_1_135' title='bbox 1462 1287 1551 1318; x_wconf 70' lang='lat' dir='ltr'><strong>densi</strong></span> <span class='ocrx_word' id='word_1_136' title='bbox 1564 1287 1679 1317; x_wconf 71' lang='lat' dir='ltr'><strong>montis</strong></span> 
     </span>
     <span class='ocr_line' id='line_1_22' title="bbox 218 1329 1679 1373; baseline -0.001 -12"><span class='ocrx_word' id='word_1_137' title='bbox 218 1330 337 1361; x_wconf 77' lang='lat' dir='ltr'><strong>labitur</strong></span> <span class='ocrx_word' id='word_1_138' title='bbox 351 1332 384 1362; x_wconf 82' lang='lat' dir='ltr'><strong>in</strong></span> <span class='ocrx_word' id='word_1_139' title='bbox 408 1342 504 1372; x_wconf 83' lang='lat' dir='ltr'><strong>mare,</strong></span> <span class='ocrx_word' id='word_1_140' title='bbox 526 1335 556 1363; x_wconf 82' lang='lat' dir='ltr'><strong>et</strong></span> <span class='ocrx_word' id='word_1_141' title='bbox 578 1332 727 1372; x_wconf 84' lang='lat' dir='ltr'><strong>praetoria</strong></span> <span class='ocrx_word' id='word_1_142' title='bbox 734 1332 871 1373; x_wconf 80' lang='lat' dir='ltr'><strong>fluitant</strong></span> <span class='ocrx_word' id='word_1_143' title='bbox 888 1332 921 1362; x_wconf 82' lang='lat' dir='ltr'><strong>in</strong></span> <span class='ocrx_word' id='word_1_144' title='bbox 935 1331 1088 1372; x_wconf 85' lang='lat' dir='ltr'><strong>pellucido</strong></span> <span class='ocrx_word' id='word_1_145' title='bbox 1101 1331 1221 1370; x_wconf 81' lang='lat' dir='ltr'><strong>pelago.</strong></span> <span class='ocrx_word' id='word_1_146' title='bbox 1266 1329 1349 1361; x_wconf 82' lang='lat' dir='ltr'><strong>Hoec</strong></span> <span class='ocrx_word' id='word_1_147' title='bbox 1362 1330 1499 1361; x_wconf 80' lang='lat' dir='ltr'><strong>cubicula</strong></span> <span class='ocrx_word' id='word_1_148' title='bbox 1512 1332 1679 1369; x_wconf 70' lang='lat' dir='ltr'><strong>personant</strong></span> 
     </span>
     <span class='ocr_line' id='line_1_23' title="bbox 209 1372 1677 1414; baseline -0.001 -10"><span class='ocrx_word' id='word_1_149' title='bbox 209 1372 345 1410; x_wconf 77' lang='lat' dir='ltr'><strong>fremitu</strong></span> <span class='ocrx_word' id='word_1_150' title='bbox 359 1374 476 1412; x_wconf 55' lang='lat' dir='ltr'><strong>mari-fl</strong></span> <span class='ocrx_word' id='word_1_151' title='bbox 499 1375 564 1406; x_wconf 78' lang='lat' dir='ltr'><strong>hoec</strong></span> <span class='ocrx_word' id='word_1_152' title='bbox 579 1385 640 1406; x_wconf 82' lang='lat' dir='ltr'><strong>non</strong></span> <span class='ocrx_word' id='word_1_153' title='bbox 661 1375 793 1406; x_wconf 76' lang='lat' dir='ltr'><strong>audiunt</strong></span> <span class='ocrx_word' id='word_1_154' title='bbox 816 1375 972 1406; x_wconf 75' lang='lat' dir='ltr'><strong>uridurum</strong></span> <span class='ocrx_word' id='word_1_155' title='bbox 998 1374 1176 1414; x_wconf 74' lang='lat' dir='ltr'><strong>strepitum,</strong></span> <span class='ocrx_word' id='word_1_156' title='bbox 1200 1376 1231 1404; x_wconf 81' lang='lat' dir='ltr'><strong>et</strong></span> <span class='ocrx_word' id='word_1_157' title='bbox 1258 1373 1379 1404; x_wconf 74' lang='lat' dir='ltr'><strong>malunt</strong></span> <span class='ocrx_word' id='word_1_158' title='bbox 1399 1372 1557 1403; x_wconf 73' lang='lat' dir='ltr'><strong>silentium</strong></span> <span class='ocrx_word' id='word_1_159' title='bbox 1571 1375 1677 1403; x_wconf 80' lang='lat' dir='ltr'><strong>terra.</strong></span> 
     </span>
    </p>
   </div>
   <div class='ocr_carea' id='block_1_14' title="bbox 838 1480 954 1492">
    <p class='ocr_par' dir='ltr' id='par_1_15' title="bbox 838 1480 954 1492">
     <span class='ocr_line' id='line_1_24' title="bbox 838 1480 954 1492; baseline 0 0"><span class='ocrx_word' id='word_1_160' title='bbox 838 1480 954 1492; x_wconf 63' lang='lat' dir='ltr'><strong>eeeeee</strong></span> 
     </span>
    </p>
   </div>
   <div class='ocr_carea' id='block_1_15' title="bbox 958 1479 1075 1492">
    <p class='ocr_par' dir='ltr' id='par_1_16' title="bbox 958 1479 1075 1492">
     <span class='ocr_line' id='line_1_25' title="bbox 958 1479 1075 1492; baseline 0 -1"><span class='ocrx_word' id='word_1_161' title='bbox 958 1479 1075 1492; x_wconf 63' lang='lat' dir='ltr'><strong>cccccc</strong></span> 
     </span>
    </p>
   </div>
   <div class='ocr_carea' id='block_1_16' title="bbox 218 1553 1684 1912">
    <p class='ocr_par' dir='ltr' id='par_1_17' title="bbox 218 1553 1684 1912">
     <span class='ocr_line' id='line_1_26' title="bbox 218 1553 1680 1598; baseline -0.001 -12"><span class='ocrx_word' id='word_1_162' title='bbox 218 1556 286 1587; x_wconf 81' lang='lat' dir='ltr'><strong>hoec</strong></span> <span class='ocrx_word' id='word_1_163' title='bbox 312 1555 421 1587; x_wconf 84' lang='lat' dir='ltr'><strong>Phoebi</strong></span> <span class='ocrx_word' id='word_1_164' title='bbox 447 1556 571 1588; x_wconf 79' lang='lat' dir='ltr'><strong>Venet.</strong></span> <span class='ocrx_word' id='word_1_165' title='bbox 597 1559 630 1588; x_wconf 87' lang='lat'><strong>1.</strong></span> <span class='ocrx_word' id='word_1_166' title='bbox 656 1561 692 1588; x_wconf 84' lang='lat' dir='ltr'><strong>et</strong></span> <span class='ocrx_word' id='word_1_167' title='bbox 717 1557 834 1589; x_wconf 86' lang='lat' dir='ltr'><strong>Parm.</strong></span> <span class='ocrx_word' id='word_1_168' title='bbox 880 1557 1005 1598; x_wconf 77' lang='lat' dir='ltr'><strong>Aspicit</strong></span> <span class='ocrx_word' id='word_1_169' title='bbox 1030 1561 1062 1588; x_wconf 81' lang='lat' dir='ltr'><strong>et</strong></span> <span class='ocrx_word' id='word_1_170' title='bbox 1088 1554 1202 1587; x_wconf 79' lang='lat' dir='ltr'><strong>Phoebi</strong></span> <span class='ocrx_word' id='word_1_171' title='bbox 1226 1553 1326 1587; x_wconf 89' lang='lat' dir='ltr'><strong>Rom.</strong></span> <span class='ocrx_word' id='word_1_172' title='bbox 1362 1554 1506 1586; x_wconf 88' lang='lat' dir='ltr'><strong>Venett.</strong></span> <span class='ocrx_word' id='word_1_173' title='bbox 1531 1556 1563 1585; x_wconf 80' lang='lat'><strong>2.</strong></span> <span class='ocrx_word' id='word_1_174' title='bbox 1588 1556 1620 1585; x_wconf 72' lang='lat'><strong>³.</strong></span> <span class='ocrx_word' id='word_1_175' title='bbox 1645 1555 1680 1585; x_wconf 77' lang='grc'><strong>4.</strong></span> 
     </span>
     <span class='ocr_line' id='line_1_27' title="bbox 220 1596 1680 1640; baseline -0.001 -12"><span class='ocrx_word' id='word_1_176' title='bbox 220 1597 325 1629; x_wconf 88' lang='lat' dir='ltr'><strong>Aldd.</strong></span> <span class='ocrx_word' id='word_1_177' title='bbox 355 1598 464 1630; x_wconf 85' lang='lat' dir='ltr'><strong>Colin.</strong></span> <span class='ocrx_word' id='word_1_178' title='bbox 495 1599 629 1640; x_wconf 81' lang='lat' dir='ltr'><strong>Gryph.</strong></span> <span class='ocrx_word' id='word_1_179' title='bbox 659 1601 726 1631; x_wconf 87' lang='lat' dir='ltr'><strong>&amp;c.</strong></span> <span class='ocrx_word' id='word_1_180' title='bbox 763 1604 773 1618; x_wconf 85' lang='lat'>‘</span> <span class='ocrx_word' id='word_1_181' title='bbox 790 1600 1009 1640; x_wconf 85' lang='lat' dir='ltr'><strong>Legendum:</strong></span> <span class='ocrx_word' id='word_1_182' title='bbox 1033 1602 1120 1630; x_wconf 74' lang='lat' dir='ltr'><strong>ortus</strong></span> <span class='ocrx_word' id='word_1_183' title='bbox 1146 1597 1305 1637; x_wconf 59' lang='lat' dir='ltr'><strong>Prospieit</strong></span> <span class='ocrx_word' id='word_1_184' title='bbox 1329 1601 1361 1629; x_wconf 82' lang='lat' dir='ltr'><strong>et</strong></span> <span class='ocrx_word' id='word_1_185' title='bbox 1380 1597 1504 1637; x_wconf 69' lang='lat' dir='ltr'><strong>Phoebz&#39;,</strong></span> <span class='ocrx_word' id='word_1_186' title='bbox 1529 1598 1583 1637; x_wconf 68' lang='grc' dir='ltr'><strong>ἔμ’.</strong></span> <span class='ocrx_word' id='word_1_187' title='bbox 1606 1596 1680 1628; x_wconf 78' lang='lat' dir='ltr'><strong>haec</strong></span> 
     </span>
     <span class='ocr_line' id='line_1_28' title="bbox 219 1639 1681 1683; baseline -0.002 -11"><span class='ocrx_word' id='word_1_188' title='bbox 219 1650 300 1681; x_wconf 77' lang='lat' dir='ltr'><strong>pars</strong></span> <span class='ocrx_word' id='word_1_189' title='bbox 328 1641 446 1672; x_wconf 84' lang='lat' dir='ltr'><strong>domus</strong></span> <span class='ocrx_word' id='word_1_190' title='bbox 474 1647 693 1683; x_wconf 86' lang='lat' dir='ltr'><strong>prospectum</strong></span> <span class='ocrx_word' id='word_1_191' title='bbox 720 1642 824 1674; x_wconf 85' lang='lat' dir='ltr'><strong>habet</strong></span> <span class='ocrx_word' id='word_1_192' title='bbox 850 1652 966 1674; x_wconf 80' lang='lat' dir='ltr'><strong>versus</strong></span> <span class='ocrx_word' id='word_1_193' title='bbox 991 1643 1184 1678; x_wconf 80' lang='lat' dir='ltr'><strong>orientem3</strong></span> <span class='ocrx_word' id='word_1_194' title='bbox 1208 1640 1280 1679; x_wconf 82' lang='lat' dir='ltr'><strong>ina,</strong></span> <span class='ocrx_word' id='word_1_195' title='bbox 1304 1649 1420 1672; x_wconf 79' lang='lat' dir='ltr'><strong>versus</strong></span> <span class='ocrx_word' id='word_1_196' title='bbox 1451 1639 1681 1671; x_wconf 85' lang='lat' dir='ltr'><strong>occidentem.</strong></span> 
     </span>
     <span class='ocr_line' id='line_1_29' title="bbox 220 1681 1680 1726; baseline -0.001 -12"><span class='ocrx_word' id='word_1_197' title='bbox 220 1683 300 1714; x_wconf 89' lang='lat' dir='ltr'><strong>Alia</strong></span> <span class='ocrx_word' id='word_1_198' title='bbox 330 1693 384 1714; x_wconf 88' lang='lat' dir='ltr'><strong>res</strong></span> <span class='ocrx_word' id='word_1_199' title='bbox 414 1689 467 1715; x_wconf 75' lang='lat' dir='ltr'><strong>est</strong></span> <span class='ocrx_word' id='word_1_200' title='bbox 498 1685 676 1725; x_wconf 79' lang='lat' dir='ltr'><strong>aspicere3</strong></span> <span class='ocrx_word' id='word_1_201' title='bbox 700 1695 836 1726; x_wconf 84' lang='lat' dir='ltr'><strong>nempe,</strong></span> <span class='ocrx_word' id='word_1_202' title='bbox 869 1685 998 1726; x_wconf 87' lang='lat' dir='ltr'><strong>aliquid</strong></span> <span class='ocrx_word' id='word_1_203' title='bbox 1022 1685 1126 1726; x_wconf 81' lang='lat' dir='ltr'><strong>juxta</strong></span> <span class='ocrx_word' id='word_1_204' title='bbox 1158 1682 1287 1714; x_wconf 77' lang='lat' dir='ltr'><strong>videre.</strong></span> <span class='ocrx_word' id='word_1_205' title='bbox 1330 1681 1680 1722; x_wconf 79' lang='lat' dir='ltr'><strong>Ovid.Metam01-ph.</strong></span> 
     </span>
     <span class='ocr_line' id='line_1_30' title="bbox 218 1723 1683 1768; baseline 0.001 -12"><span class='ocrx_word' id='word_1_206' title='bbox 218 1726 277 1757; x_wconf 85' lang='lat' dir='ltr'><strong>lib.</strong></span> <span class='ocrx_word' id='word_1_207' title='bbox 291 1734 332 1758; x_wconf 85' lang='lat' dir='ltr'><strong>n.</strong></span> <span class='ocrx_word' id='word_1_208' title='bbox 348 1736 397 1758; x_wconf 78' lang='lat' dir='ltr'><strong>VS.</strong></span> <span class='ocrx_word' id='word_1_209' title='bbox 411 1729 483 1758; x_wconf 89' lang='lat'>188.</span> <span class='ocrx_word' id='word_1_210' title='bbox 527 1726 645 1759; x_wconf 87' lang='lat' dir='ltr'><strong>Sidon.</strong></span> <span class='ocrx_word' id='word_1_211' title='bbox 659 1727 774 1768; x_wconf 85' lang='lat' dir='ltr'><strong>Apon.</strong></span> <span class='ocrx_word' id='word_1_212' title='bbox 790 1728 901 1768; x_wconf 85' lang='lat' dir='ltr'><strong>Epist.</strong></span> <span class='ocrx_word' id='word_1_213' title='bbox 918 1737 957 1759; x_wconf 82' lang='lat' dir='ltr'><strong>rr.</strong></span> <span class='ocrx_word' id='word_1_214' title='bbox 976 1731 1025 1759; x_wconf 86' lang='lat'><strong>10.</strong></span> <span class='ocrx_word' id='word_1_215' title='bbox 1061 1727 1150 1758; x_wconf 85' lang='lat' dir='ltr'><strong>Plin.</strong></span> <span class='ocrx_word' id='word_1_216' title='bbox 1177 1725 1290 1765; x_wconf 77' lang='lat' dir='ltr'><strong>Epist.</strong></span> <span class='ocrx_word' id='word_1_217' title='bbox 1306 1733 1346 1756; x_wconf 87' lang='lat' dir='ltr'><strong>n.</strong></span> <span class='ocrx_word' id='word_1_218' title='bbox 1364 1728 1416 1757; x_wconf 87' lang='grc'><strong>17.</strong></span> <span class='ocrx_word' id='word_1_219' title='bbox 1461 1723 1641 1756; x_wconf 79' lang='lat' dir='ltr'><strong>claudian.</strong></span> <span class='ocrx_word' id='word_1_220' title='bbox 1656 1732 1683 1757; x_wconf 85' lang='lat'><strong>1.</strong></span> 
     </span>
     <span class='ocr_line' id='line_1_31' title="bbox 219 1767 1682 1809; baseline -0.001 -9"><span class='ocrx_word' id='word_1_221' title='bbox 219 1769 320 1800; x_wconf 80' lang='lat' dir='ltr'><strong>Cous.</strong></span> <span class='ocrx_word' id='word_1_222' title='bbox 333 1768 466 1800; x_wconf 87' lang='lat' dir='ltr'><strong>Stilich.</strong></span> <span class='ocrx_word' id='word_1_223' title='bbox 484 1778 523 1800; x_wconf 84' lang='lat' dir='ltr'><strong>n.</strong></span> <span class='ocrx_word' id='word_1_224' title='bbox 536 1773 613 1801; x_wconf 85' lang='lat'><strong>255.</strong></span> <span class='ocrx_word' id='word_1_225' title='bbox 630 1771 688 1801; x_wconf 92' lang='lat' dir='ltr'><strong>ubi</strong></span> <span class='ocrx_word' id='word_1_226' title='bbox 706 1770 782 1801; x_wconf 89' lang='lat' dir='ltr'><strong>vide</strong></span> <span class='ocrx_word' id='word_1_227' title='bbox 800 1771 921 1802; x_wconf 79' lang='lat' dir='ltr'><strong>Heius.</strong></span> <span class='ocrx_word' id='word_1_228' title='bbox 953 1771 1031 1802; x_wconf 89' lang='lat' dir='ltr'><strong>Non</strong></span> <span class='ocrx_word' id='word_1_229' title='bbox 1048 1770 1134 1801; x_wconf 81' lang='lat' dir='ltr'><strong>male</strong></span> <span class='ocrx_word' id='word_1_230' title='bbox 1151 1768 1256 1799; x_wconf 75' lang='lat' dir='ltr'><strong>etiam</strong></span> <span class='ocrx_word' id='word_1_231' title='bbox 1269 1769 1384 1809; x_wconf 74' lang='lat' dir='ltr'><strong>legas:</strong></span> <span class='ocrx_word' id='word_1_232' title='bbox 1409 1771 1496 1798; x_wconf 71' lang='lat' dir='ltr'><strong>ortus</strong></span> <span class='ocrx_word' id='word_1_233' title='bbox 1510 1767 1634 1807; x_wconf 79' lang='lat' dir='ltr'><strong>Accipit</strong></span> <span class='ocrx_word' id='word_1_234' title='bbox 1650 1770 1682 1799; x_wconf 75' lang='lat' dir='ltr'><strong>ee</strong></span> 
     </span>
     <span class='ocr_line' id='line_1_32' title="bbox 219 1809 1680 1854; baseline -0.001 -12"><span class='ocrx_word' id='word_1_235' title='bbox 219 1810 344 1849; x_wconf 80' lang='lat' dir='ltr'><strong>Phoebi,</strong></span> <span class='ocrx_word' id='word_1_236' title='bbox 366 1813 421 1851; x_wconf 70' lang='lat' dir='ltr'><strong>fise.</strong></span> <span class='ocrx_word' id='word_1_237' title='bbox 442 1821 485 1843; x_wconf 88' lang='lat' dir='ltr'><strong>ex</strong></span> <span class='ocrx_word' id='word_1_238' title='bbox 504 1812 593 1845; x_wconf 71' lang='lat' dir='ltr'><strong>Prin.</strong></span> <span class='ocrx_word' id='word_1_239' title='bbox 609 1813 631 1844; x_wconf 87' lang='lat' dir='ltr'><strong>l.</strong></span> <span class='ocrx_word' id='word_1_240' title='bbox 647 1822 678 1844; x_wconf 90' lang='lat' dir='ltr'><strong>c.</strong></span> <span class='ocrx_word' id='word_1_241' title='bbox 695 1813 752 1854; x_wconf 90' lang='lat' dir='ltr'><strong>qui</strong></span> <span class='ocrx_word' id='word_1_242' title='bbox 769 1813 863 1844; x_wconf 90' lang='lat' dir='ltr'><strong>locus</strong></span> <span class='ocrx_word' id='word_1_243' title='bbox 878 1813 955 1844; x_wconf 85' lang='lat' dir='ltr'><strong>huic</strong></span> <span class='ocrx_word' id='word_1_244' title='bbox 969 1814 1128 1844; x_wconf 83' lang='lat' dir='ltr'><strong>Statiano</strong></span> <span class='ocrx_word' id='word_1_245' title='bbox 1143 1810 1263 1842; x_wconf 76' lang='lat' dir='ltr'><strong>similis</strong></span> <span class='ocrx_word' id='word_1_246' title='bbox 1280 1815 1344 1843; x_wconf 86' lang='lat' dir='ltr'><strong>est.</strong></span> <span class='ocrx_word' id='word_1_247' title='bbox 1389 1810 1457 1841; x_wconf 86' lang='lat' dir='ltr'><strong>Sed</strong></span> <span class='ocrx_word' id='word_1_248' title='bbox 1473 1810 1554 1841; x_wconf 88' lang='lat' dir='ltr'><strong>mihi</strong></span> <span class='ocrx_word' id='word_1_249' title='bbox 1571 1809 1680 1850; x_wconf 73' lang='lat' dir='ltr'><strong>magis</strong></span> 
     </span>
     <span class='ocr_line' id='line_1_33' title="bbox 219 1852 1684 1912; baseline -0.002 -27"><span class='ocrx_word' id='word_1_250' title='bbox 219 1855 336 1894; x_wconf 79' lang='lat' dir='ltr'><strong>placet</strong></span> <span class='ocrx_word' id='word_1_251' title='bbox 351 1854 512 1895; x_wconf 75' lang='lat' dir='ltr'><strong>Prospicit</strong></span> <span class='ocrx_word' id='word_1_252' title='bbox 523 1865 536 1892; x_wconf 90' lang='lat'><em>;</em></span> <span class='ocrx_word' id='word_1_253' title='bbox 559 1864 636 1897; x_wconf 86' lang='lat' dir='ltr'><strong>quae</strong></span> <span class='ocrx_word' id='word_1_254' title='bbox 653 1865 718 1886; x_wconf 87' lang='lat' dir='ltr'><strong>vox</strong></span> <span class='ocrx_word' id='word_1_255' title='bbox 734 1856 769 1887; x_wconf 90' lang='lat' dir='ltr'><strong>in</strong></span> <span class='ocrx_word' id='word_1_256' title='bbox 785 1855 884 1888; x_wconf 89' lang='lat' dir='ltr'><strong>codd.</strong></span> <span class='ocrx_word' id='word_1_257' title='bbox 908 1856 958 1887; x_wconf 92' lang='lat' dir='ltr'><strong>ita</strong></span> <span class='ocrx_word' id='word_1_258' title='bbox 973 1855 1135 1887; x_wconf 84' lang='lat' dir='ltr'><strong>scribitur</strong></span> <span class='ocrx_word' id='word_1_259' title='bbox 1154 1853 1298 1912; x_wconf 56' lang='lat' dir='ltr'><strong>qpsficin</strong></span> <span class='ocrx_word' id='word_1_260' title='bbox 1322 1853 1412 1884; x_wconf 90' lang='lat' dir='ltr'><strong>unde</strong></span> <span class='ocrx_word' id='word_1_261' title='bbox 1436 1853 1558 1884; x_wconf 75' lang='lat' dir='ltr'><strong>omissa</strong></span> <span class='ocrx_word' id='word_1_262' title='bbox 1573 1852 1684 1892; x_wconf 78' lang='lat' dir='ltr'><strong>prima</strong></span> 
     </span>
    </p>
   </div>
   <div class='ocr_carea' id='block_1_17' title="bbox 220 1909 1679 1957">
    <p class='ocr_par' dir='ltr' id='par_1_18' title="bbox 220 1909 1679 1957">
     <span class='ocr_line' id='line_1_34' title="bbox 220 1909 1679 1957; baseline -0.001 -14"><span class='ocrx_word' id='word_1_263' title='bbox 220 1910 336 1952; x_wconf 88' lang='lat' dir='ltr'><strong>litera,</strong></span> <span class='ocrx_word' id='word_1_264' title='bbox 358 1916 480 1952; x_wconf 85' lang='lat' dir='ltr'><strong>utpote</strong></span> <span class='ocrx_word' id='word_1_265' title='bbox 495 1911 593 1944; x_wconf 88' lang='lat' dir='ltr'><strong>initio</strong></span> <span class='ocrx_word' id='word_1_266' title='bbox 609 1921 740 1953; x_wconf 85' lang='lat' dir='ltr'><strong>versus,</strong></span> <span class='ocrx_word' id='word_1_267' title='bbox 763 1922 807 1944; x_wconf 88' lang='lat' dir='ltr'><strong>ex</strong></span> <span class='ocrx_word' id='word_1_268' title='bbox 832 1913 923 1953; x_wconf 69' lang='lat' dir='ltr'><strong>spicit</strong></span> <span class='ocrx_word' id='word_1_269' title='bbox 948 1912 1108 1946; x_wconf 83' lang='lat' dir='ltr'><strong>fecerunt</strong></span> <span class='ocrx_word' id='word_1_270' title='bbox 1122 1913 1271 1957; x_wconf 59' lang='lat' dir='ltr'><strong>Aspicit)</strong></span> <span class='ocrx_word' id='word_1_271' title='bbox 1292 1912 1418 1945; x_wconf 80' lang='lat' dir='ltr'><strong>Marki-</strong></span> <span class='ocrx_word' id='word_1_272' title='bbox 1462 1910 1554 1943; x_wconf 80' lang='lat' dir='ltr'><strong>vide</strong></span> <span class='ocrx_word' id='word_1_273' title='bbox 1570 1909 1679 1942; x_wconf 87' lang='lat' dir='ltr'><strong>Ovid.</strong></span> 
     </span>
    </p>
   </div>
   <div class='ocr_carea' id='block_1_18' title="bbox 875 2007 1023 2039">
    <p class='ocr_par' dir='ltr' id='par_1_19' title="bbox 875 2007 1023 2039">
     <span class='ocr_line' id='line_1_35' title="bbox 875 2007 1023 2039; baseline 0 0"><span class='ocrx_word' id='word_1_274' title='bbox 875 2007 1023 2039; x_wconf 82' lang='lat' dir='ltr'>NOTAE</span> 
     </span>
    </p>
   </div>
   <div class='ocr_carea' id='block_1_19' title="bbox 214 2092 924 2485">
    <p class='ocr_par' dir='ltr' id='par_1_20' title="bbox 214 2092 924 2277">
     <span class='ocr_line' id='line_1_36' title="bbox 219 2092 923 2135; baseline 0.003 -12"><span class='ocrx_word' id='word_1_275' title='bbox 219 2092 347 2133; x_wconf 85' lang='lat' dir='ltr'><strong>quendi</strong></span> <span class='ocrx_word' id='word_1_276' title='bbox 364 2092 463 2124; x_wconf 89' lang='lat' dir='ltr'><strong>modo</strong></span> <span class='ocrx_word' id='word_1_277' title='bbox 491 2093 633 2125; x_wconf 88' lang='lat' dir='ltr'><strong>innuere</strong></span> <span class='ocrx_word' id='word_1_278' title='bbox 658 2094 732 2125; x_wconf 87' lang='lat' dir='ltr'><strong>vult</strong></span> <span class='ocrx_word' id='word_1_279' title='bbox 755 2093 923 2135; x_wconf 83' lang='lat' dir='ltr'><strong>Papinius</strong></span> 
     </span>
     <span class='ocr_line' id='line_1_37' title="bbox 217 2143 924 2185; baseline 0.003 -11"><span class='ocrx_word' id='word_1_280' title='bbox 217 2143 367 2174; x_wconf 84' lang='lat' dir='ltr'><strong>Pollium</strong></span> <span class='ocrx_word' id='word_1_281' title='bbox 402 2144 564 2175; x_wconf 81' lang='lat' dir='ltr'><strong>eximium</strong></span> <span class='ocrx_word' id='word_1_282' title='bbox 598 2154 676 2176; x_wconf 88' lang='lat' dir='ltr'><strong>esse</strong></span> <span class='ocrx_word' id='word_1_283' title='bbox 711 2145 865 2185; x_wconf 58' lang='lat' dir='ltr'><strong>Poenam,</strong></span> <span class='ocrx_word' id='word_1_284' title='bbox 887 2149 924 2176; x_wconf 91' lang='lat' dir='ltr'><strong>et</strong></span> 
     </span>
     <span class='ocr_line' id='line_1_38' title="bbox 214 2193 924 2237; baseline 0.003 -12"><span class='ocrx_word' id='word_1_285' title='bbox 214 2194 370 2226; x_wconf 82' lang='lat' dir='ltr'><strong>hausisse</strong></span> <span class='ocrx_word' id='word_1_286' title='bbox 393 2193 592 2235; x_wconf 83' lang='lat' dir='ltr'><strong>profundius</strong></span> <span class='ocrx_word' id='word_1_287' title='bbox 613 2205 718 2237; x_wconf 85' lang='lat' dir='ltr'><strong>aquas</strong></span> <span class='ocrx_word' id='word_1_288' title='bbox 745 2205 785 2228; x_wconf 83' lang='lat' dir='ltr'><strong>ac</strong></span> <span class='ocrx_word' id='word_1_289' title='bbox 808 2194 924 2228; x_wconf 87' lang='lat' dir='ltr'><strong>fontes</strong></span> 
     </span>
     <span class='ocr_line' id='line_1_39' title="bbox 218 2245 409 2277; baseline -0.005 -1"><span class='ocrx_word' id='word_1_290' title='bbox 218 2245 409 2277; x_wconf 76' lang='lat' dir='ltr'><strong>Musarum.</strong></span> 
     </span>
    </p>

    <p class='ocr_par' dir='ltr' id='par_1_21' title="bbox 220 2295 923 2485">
     <span class='ocr_line' id='line_1_40' title="bbox 262 2295 923 2337; baseline 0.005 -12"><span class='ocrx_word' id='word_1_291' title='bbox 262 2295 498 2336; x_wconf 71' lang='lat' dir='ltr'><strong>41.Cu1tusque</strong></span> <span class='ocrx_word' id='word_1_292' title='bbox 513 2296 662 2337; x_wconf 81' lang='lat' dir='ltr'><strong>locorum]</strong></span> <span class='ocrx_word' id='word_1_293' title='bbox 697 2297 749 2328; x_wconf 82' lang='lat' dir='ltr'><strong>Ex</strong></span> <span class='ocrx_word' id='word_1_294' title='bbox 775 2296 923 2337; x_wconf 83' lang='lat' dir='ltr'><strong>Virgilio</strong></span> 
     </span>
     <span class='ocr_line' id='line_1_41' title="bbox 221 2342 923 2388; baseline 0.007 -14"><span class='ocrx_word' id='word_1_295' title='bbox 221 2342 350 2384; x_wconf 80' lang='lat' dir='ltr'><strong>Georg.</strong></span> <span class='ocrx_word' id='word_1_296' title='bbox 377 2354 404 2376; x_wconf 88' lang='lat'><strong>1.</strong></span> <span class='ocrx_word' id='word_1_297' title='bbox 430 2346 439 2363; x_wconf 94' lang='lat'>‘</span> <span class='ocrx_word' id='word_1_298' title='bbox 454 2345 541 2378; x_wconf 88' lang='lat' dir='ltr'><strong>Coeli</strong></span> <span class='ocrx_word' id='word_1_299' title='bbox 564 2347 772 2388; x_wconf 82' lang='lat' dir='ltr'><strong>praediscere</strong></span> <span class='ocrx_word' id='word_1_300' title='bbox 795 2357 923 2379; x_wconf 89' lang='lat' dir='ltr'><strong>morem</strong></span> 
     </span>
     <span class='ocr_line' id='line_1_42' title="bbox 221 2392 923 2438; baseline 0.009 -15"><span class='ocrx_word' id='word_1_301' title='bbox 221 2392 313 2424; x_wconf 90' lang='lat' dir='ltr'><strong>Cura</strong></span> <span class='ocrx_word' id='word_1_302' title='bbox 334 2394 392 2433; x_wconf 84' lang='lat' dir='ltr'><strong>sit,</strong></span> <span class='ocrx_word' id='word_1_303' title='bbox 417 2399 454 2426; x_wconf 89' lang='lat' dir='ltr'><strong>et</strong></span> <span class='ocrx_word' id='word_1_304' title='bbox 471 2396 601 2436; x_wconf 87' lang='lat' dir='ltr'><strong>patrios</strong></span> <span class='ocrx_word' id='word_1_305' title='bbox 622 2397 803 2438; x_wconf 88' lang='lat' dir='ltr'><strong>cultusque</strong></span> <span class='ocrx_word' id='word_1_306' title='bbox 831 2397 923 2429; x_wconf 89' lang='lat' dir='ltr'><strong>habi-</strong></span> 
     </span>
     <span class='ocr_line' id='line_1_43' title="bbox 220 2444 921 2485; baseline 0.01 -12"><span class='ocrx_word' id='word_1_307' title='bbox 220 2447 343 2485; x_wconf 87' lang='lat' dir='ltr'><strong>tusque</strong></span> <span class='ocrx_word' id='word_1_308' title='bbox 371 2444 546 2478; x_wconf 73' lang='lat' dir='ltr'><strong>locorum!</strong></span> <span class='ocrx_word' id='word_1_309' title='bbox 589 2448 635 2479; x_wconf 89' lang='lat' dir='ltr'><strong>Et</strong></span> <span class='ocrx_word' id='word_1_310' title='bbox 651 2447 756 2480; x_wconf 88' lang='lat' dir='ltr'><strong>Ovid.</strong></span> <span class='ocrx_word' id='word_1_311' title='bbox 770 2448 856 2480; x_wconf 83' lang='lat' dir='ltr'><strong>Met.</strong></span> <span class='ocrx_word' id='word_1_312' title='bbox 871 2457 921 2480; x_wconf 76' lang='lat' dir='ltr'><strong>tv.</strong></span> 
     </span>
    </p>
   </div>
   <div class='ocr_carea' id='block_1_20' title="bbox 218 2494 923 2578">
    <p class='ocr_par' dir='ltr' id='par_1_22' title="bbox 218 2494 923 2578">
     <span class='ocr_line' id='line_1_44' title="bbox 219 2494 923 2539; baseline 0.006 -14"><span class='ocrx_word' id='word_1_313' title='bbox 219 2494 229 2511; x_wconf 80' lang='lat'><em>¹</em></span> <span class='ocrx_word' id='word_1_314' title='bbox 240 2494 432 2536; x_wconf 87' lang='lat' dir='ltr'><strong>Cultusque</strong></span> <span class='ocrx_word' id='word_1_315' title='bbox 443 2496 649 2539; x_wconf 85' lang='lat' dir='ltr'><strong>habitusque</strong></span> <span class='ocrx_word' id='word_1_316' title='bbox 660 2498 811 2529; x_wconf 77' lang='lat' dir='ltr'><strong>locorum</strong></span> <span class='ocrx_word' id='word_1_317' title='bbox 823 2499 923 2531; x_wconf 85' lang='lat' dir='ltr'><strong>Quae-</strong></span> 
     </span>
     <span class='ocr_line' id='line_1_45' title="bbox 218 2544 515 2578; baseline 0.003 -2"><span class='ocrx_word' id='word_1_318' title='bbox 218 2545 263 2577; x_wconf 89' lang='lat' dir='ltr'><strong>rit</strong></span> <span class='ocrx_word' id='word_1_319' title='bbox 280 2544 515 2578; x_wconf 72' lang='lat' dir='ltr'><strong>Abantiades!</strong></span> 
     </span>
    </p>
   </div>
   <div class='ocr_carea' id='block_1_21' title="bbox 261 2596 922 2640">
    <p class='ocr_par' dir='ltr' id='par_1_23' title="bbox 261 2596 922 2640">
     <span class='ocr_line' id='line_1_46' title="bbox 261 2596 922 2640; baseline 0.005 -13"><span class='ocrx_word' id='word_1_320' title='bbox 261 2598 304 2628; x_wconf 75' lang='lat'><strong>42</strong></span> <span class='ocrx_word' id='word_1_321' title='bbox 328 2596 446 2628; x_wconf 75' lang='lat' dir='ltr'><strong>Pieriis</strong></span> <span class='ocrx_word' id='word_1_322' title='bbox 464 2598 578 2638; x_wconf 72' lang='lat' dir='ltr'><strong>modis]</strong></span> <span class='ocrx_word' id='word_1_323' title='bbox 612 2598 654 2630; x_wconf 91' lang='lat' dir='ltr'><strong>Id</strong></span> <span class='ocrx_word' id='word_1_324' title='bbox 679 2604 745 2640; x_wconf 87' lang='lat' dir='ltr'><strong>est,</strong></span> <span class='ocrx_word' id='word_1_325' title='bbox 764 2599 922 2632; x_wconf 88' lang='lat' dir='ltr'><strong>carmini-</strong></span> 
     </span>
    </p>
   </div>
   <div class='ocr_carea' id='block_1_22' title="bbox 219 2647 921 2732">
    <p class='ocr_par' dir='ltr' id='par_1_24' title="bbox 219 2647 921 2732">
     <span class='ocr_line' id='line_1_47' title="bbox 220 2647 921 2692; baseline 0.009 -14"><span class='ocrx_word' id='word_1_326' title='bbox 220 2647 295 2688; x_wconf 87' lang='lat' dir='ltr'><strong>bus,</strong></span> <span class='ocrx_word' id='word_1_327' title='bbox 307 2648 427 2690; x_wconf 78' lang='lat' dir='ltr'><strong>quibus</strong></span> <span class='ocrx_word' id='word_1_328' title='bbox 442 2655 594 2692; x_wconf 79' lang='lat' dir='ltr'><strong>praesunt</strong></span> <span class='ocrx_word' id='word_1_329' title='bbox 619 2651 729 2683; x_wconf 85' lang='lat' dir='ltr'><strong>Musae</strong></span> <span class='ocrx_word' id='word_1_330' title='bbox 753 2653 763 2670; x_wconf 91' lang='lat'>‘</span> <span class='ocrx_word' id='word_1_331' title='bbox 777 2652 901 2684; x_wconf 83' lang='lat' dir='ltr'><strong>Pieriae</strong></span> <span class='ocrx_word' id='word_1_332' title='bbox 912 2651 921 2664; x_wconf 92' lang='lat'><em>&#39;</em></span> 
     </span>
     <span class='ocr_line' id='line_1_48' title="bbox 219 2698 337 2732; baseline 0.025 -3"><span class='ocrx_word' id='word_1_333' title='bbox 219 2698 337 2732; x_wconf 82' lang='lat' dir='ltr'><strong>dictae.</strong></span> 
     </span>
    </p>
   </div>
   <div class='ocr_carea' id='block_1_23' title="bbox 264 2749 921 2793">
    <p class='ocr_par' dir='ltr' id='par_1_25' title="bbox 264 2749 921 2793">
     <span class='ocr_line' id='line_1_49' title="bbox 264 2749 921 2793; baseline 0.006 -13"><span class='ocrx_word' id='word_1_334' title='bbox 264 2751 305 2780; x_wconf 46' lang='lat'><strong>‘15</strong></span> <span class='ocrx_word' id='word_1_335' title='bbox 330 2749 411 2782; x_wconf 86' lang='lat' dir='ltr'><strong>Hoec</strong></span> <span class='ocrx_word' id='word_1_336' title='bbox 423 2751 531 2782; x_wconf 77' lang='lat' dir='ltr'><strong>domus</strong></span> <span class='ocrx_word' id='word_1_337' title='bbox 543 2750 646 2792; x_wconf 74' lang='lat' dir='ltr'><strong>ortus]</strong></span> <span class='ocrx_word' id='word_1_338' title='bbox 671 2750 713 2782; x_wconf 89' lang='lat' dir='ltr'><strong>Id</strong></span> <span class='ocrx_word' id='word_1_339' title='bbox 729 2756 794 2793; x_wconf 85' lang='lat' dir='ltr'><strong>est,</strong></span> <span class='ocrx_word' id='word_1_340' title='bbox 811 2752 921 2784; x_wconf 88' lang='lat' dir='ltr'><strong>orien-</strong></span> 
     </span>
    </p>
   </div>
   <div class='ocr_carea' id='block_1_24' title="bbox 975 2096 1682 2742">
    <p class='ocr_par' dir='ltr' id='par_1_26' title="bbox 977 2096 1180 2127">
     <span class='ocr_line' id='line_1_50' title="bbox 977 2096 1180 2127; baseline 0 0"><span class='ocrx_word' id='word_1_341' title='bbox 977 2099 1047 2127; x_wconf 90' lang='lat' dir='ltr'><strong>tem</strong></span> <span class='ocrx_word' id='word_1_342' title='bbox 1062 2096 1180 2127; x_wconf 79' lang='lat' dir='ltr'><strong>solem.</strong></span> 
     </span>
    </p>

    <p class='ocr_par' dir='ltr' id='par_1_27' title="bbox 978 2142 1682 2288">
     <span class='ocr_line' id='line_1_51' title="bbox 1020 2142 1682 2186; baseline -0.005 -8"><span class='ocrx_word' id='word_1_343' title='bbox 1020 2148 1063 2178; x_wconf 87' lang='grc'><strong>46</strong></span> <span class='ocrx_word' id='word_1_344' title='bbox 1089 2144 1355 2186; x_wconf 76' lang='lat' dir='ltr'><strong>Tenemmjubar]</strong></span> <span class='ocrx_word' id='word_1_345' title='bbox 1386 2142 1429 2176; x_wconf 91' lang='lat' dir='ltr'><strong>Id</strong></span> <span class='ocrx_word' id='word_1_346' title='bbox 1452 2147 1518 2183; x_wconf 75' lang='lat' dir='ltr'><strong>est,</strong></span> <span class='ocrx_word' id='word_1_347' title='bbox 1539 2152 1606 2175; x_wconf 90' lang='lat' dir='ltr'><strong>non</strong></span> <span class='ocrx_word' id='word_1_348' title='bbox 1621 2143 1682 2175; x_wconf 79' lang='lat' dir='ltr'><strong>ad·</strong></span> 
     </span>
     <span class='ocr_line' id='line_1_52' title="bbox 978 2194 1680 2227; baseline -0.001 0"><span class='ocrx_word' id='word_1_349' title='bbox 978 2195 1114 2227; x_wconf 90' lang='lat' dir='ltr'><strong>modum</strong></span> <span class='ocrx_word' id='word_1_350' title='bbox 1142 2195 1289 2227; x_wconf 78' lang='lat' dir='ltr'><strong>calidum</strong></span> <span class='ocrx_word' id='word_1_351' title='bbox 1326 2204 1386 2227; x_wconf 81' lang='lat' dir='ltr'><strong>seu</strong></span> <span class='ocrx_word' id='word_1_352' title='bbox 1415 2194 1680 2227; x_wconf 86' lang='lat' dir='ltr'><strong>incommodum.</strong></span> 
     </span>
     <span class='ocr_line' id='line_1_53' title="bbox 979 2246 1446 2288; baseline -0.002 -10"><span class='ocrx_word' id='word_1_353' title='bbox 979 2246 1164 2288; x_wconf 79' lang='lat' dir='ltr'><strong>Cadentem]</strong></span> <span class='ocrx_word' id='word_1_354' title='bbox 1186 2246 1315 2288; x_wconf 86' lang='lat' dir='ltr'><strong>Supple</strong></span> <span class='ocrx_word' id='word_1_355' title='bbox 1325 2246 1446 2278; x_wconf 80' lang='lat' dir='ltr'><strong>solem.</strong></span> 
     </span>
    </p>

    <p class='ocr_par' dir='ltr' id='par_1_28' title="bbox 975 2295 1681 2691">
     <span class='ocr_line' id='line_1_54' title="bbox 1017 2295 1681 2337; baseline -0.005 -9"><span class='ocrx_word' id='word_1_356' title='bbox 1017 2299 1061 2329; x_wconf 83' lang='lat'><strong>48</strong></span> <span class='ocrx_word' id='word_1_357' title='bbox 1086 2297 1166 2328; x_wconf 83' lang='lat' dir='ltr'><strong>Cum</strong></span> <span class='ocrx_word' id='word_1_358' title='bbox 1171 2297 1242 2336; x_wconf 79' lang='lat' dir='ltr'><strong>J&#39;am</strong></span> <span class='ocrx_word' id='word_1_359' title='bbox 1247 2296 1338 2336; x_wconf 72' lang='lat' dir='ltr'><strong>fessa</strong></span> <span class='ocrx_word' id='word_1_360' title='bbox 1350 2296 1429 2337; x_wconf 75' lang='lat' dir='ltr'><strong>dies,</strong></span> <span class='ocrx_word' id='word_1_361' title='bbox 1452 2297 1483 2327; x_wconf 85' lang='lat' dir='ltr'><strong>et</strong></span> <span class='ocrx_word' id='word_1_362' title='bbox 1503 2295 1538 2326; x_wconf 75' lang='lat' dir='ltr'><strong>in</strong></span> <span class='ocrx_word' id='word_1_363' title='bbox 1557 2303 1681 2336; x_wconf 70' lang='lat' dir='ltr'><strong>equora</strong></span> 
     </span>
     <span class='ocr_line' id='line_1_55' title="bbox 977 2345 1678 2387; baseline -0.003 -10"><span class='ocrx_word' id='word_1_364' title='bbox 977 2347 1091 2378; x_wconf 75' lang='lat' dir='ltr'><strong>montis</strong></span> <span class='ocrx_word' id='word_1_365' title='bbox 1103 2347 1191 2387; x_wconf 80' lang='lat' dir='ltr'><strong>opaci</strong></span> <span class='ocrx_word' id='word_1_366' title='bbox 1210 2347 1330 2378; x_wconf 78' lang='lat' dir='ltr'><strong>Umbra</strong></span> <span class='ocrx_word' id='word_1_367' title='bbox 1339 2346 1437 2386; x_wconf 76' lang='lat' dir='ltr'><strong>cadit,</strong></span> <span class='ocrx_word' id='word_1_368' title='bbox 1451 2345 1610 2386; x_wconf 75' lang='lat' dir='ltr'><strong>vitreoque</strong></span> <span class='ocrx_word' id='word_1_369' title='bbox 1623 2355 1678 2376; x_wconf 78' lang='lat' dir='ltr'><strong>na.</strong></span> 
     </span>
     <span class='ocr_line' id='line_1_56' title="bbox 977 2395 1678 2437; baseline -0.001 -10"><span class='ocrx_word' id='word_1_370' title='bbox 977 2399 1048 2428; x_wconf 80' lang='lat' dir='ltr'><strong>tant</strong></span> <span class='ocrx_word' id='word_1_371' title='bbox 1079 2397 1230 2437; x_wconf 75' lang='lat' dir='ltr'><strong>praetoria</strong></span> <span class='ocrx_word' id='word_1_372' title='bbox 1261 2396 1372 2437; x_wconf 76' lang='lat' dir='ltr'><strong>ponto]</strong></span> <span class='ocrx_word' id='word_1_373' title='bbox 1421 2395 1547 2428; x_wconf 79' lang='lat' dir='ltr'><strong>similis</strong></span> <span class='ocrx_word' id='word_1_374' title='bbox 1582 2395 1678 2426; x_wconf 79' lang='lat' dir='ltr'><strong>locus</strong></span> 
     </span>
     <span class='ocr_line' id='line_1_57' title="bbox 977 2446 1675 2488; baseline -0.001 -10"><span class='ocrx_word' id='word_1_375' title='bbox 977 2448 1085 2480; x_wconf 84' lang='lat' dir='ltr'><strong>Theb.</strong></span> <span class='ocrx_word' id='word_1_376' title='bbox 1102 2457 1143 2480; x_wconf 85' lang='lat'><strong>11.</strong></span> <span class='ocrx_word' id='word_1_377' title='bbox 1160 2452 1169 2466; x_wconf 75' lang='lat'><strong><em>⁴</em></strong></span> <span class='ocrx_word' id='word_1_378' title='bbox 1180 2447 1248 2479; x_wconf 88' lang='lat' dir='ltr'><strong>Ast</strong></span> <span class='ocrx_word' id='word_1_379' title='bbox 1261 2447 1318 2479; x_wconf 87' lang='lat' dir='ltr'><strong>ubi</strong></span> <span class='ocrx_word' id='word_1_380' title='bbox 1335 2456 1442 2488; x_wconf 81' lang='lat' dir='ltr'><strong>prona</strong></span> <span class='ocrx_word' id='word_1_381' title='bbox 1456 2446 1540 2486; x_wconf 75' lang='lat' dir='ltr'><strong>dies,</strong></span> <span class='ocrx_word' id='word_1_382' title='bbox 1555 2447 1675 2487; x_wconf 72' lang='lat' dir='ltr'><strong>longos</strong></span> 
     </span>
     <span class='ocr_line' id='line_1_58' title="bbox 977 2497 1677 2539; baseline -0.004 -9"><span class='ocrx_word' id='word_1_383' title='bbox 977 2507 1080 2539; x_wconf 82' lang='lat' dir='ltr'><strong>super</strong></span> <span class='ocrx_word' id='word_1_384' title='bbox 1095 2507 1233 2539; x_wconf 76' lang='lat' dir='ltr'><strong>aequora</strong></span> <span class='ocrx_word' id='word_1_385' title='bbox 1246 2497 1332 2529; x_wconf 79' lang='lat' dir='ltr'><strong>fines</strong></span> <span class='ocrx_word' id='word_1_386' title='bbox 1348 2497 1478 2538; x_wconf 86' lang='lat' dir='ltr'><strong>Exigit,</strong></span> <span class='ocrx_word' id='word_1_387' title='bbox 1502 2501 1603 2538; x_wconf 84' lang='lat' dir='ltr'><strong>atque</strong></span> <span class='ocrx_word' id='word_1_388' title='bbox 1628 2497 1677 2528; x_wconf 87' lang='lat' dir='ltr'><strong>in-</strong></span> 
     </span>
     <span class='ocr_line' id='line_1_59' title="bbox 977 2547 1673 2590; baseline -0.001 -11"><span class='ocrx_word' id='word_1_389' title='bbox 977 2558 1061 2590; x_wconf 85' lang='lat' dir='ltr'><strong>gens</strong></span> <span class='ocrx_word' id='word_1_390' title='bbox 1077 2548 1190 2580; x_wconf 85' lang='lat' dir='ltr'><strong>medio</strong></span> <span class='ocrx_word' id='word_1_391' title='bbox 1212 2553 1310 2580; x_wconf 82' lang='lat' dir='ltr'><strong>natat</strong></span> <span class='ocrx_word' id='word_1_392' title='bbox 1334 2548 1454 2580; x_wconf 82' lang='lat' dir='ltr'><strong>umbra</strong></span> <span class='ocrx_word' id='word_1_393' title='bbox 1481 2547 1673 2589; x_wconf 72' lang='lat' dir='ltr'><strong>profundo:</strong></span> 
     </span>
     <span class='ocr_line' id='line_1_60' title="bbox 977 2598 1674 2640; baseline -0.001 -10"><span class='ocrx_word' id='word_1_394' title='bbox 977 2600 1103 2631; x_wconf 82' lang='lat' dir='ltr'><strong>Natant</strong></span> <span class='ocrx_word' id='word_1_395' title='bbox 1124 2599 1293 2640; x_wconf 69' lang='lat' dir='ltr'><strong>praetoria]</strong></span> <span class='ocrx_word' id='word_1_396' title='bbox 1317 2598 1358 2630; x_wconf 90' lang='lat' dir='ltr'><strong>Id</strong></span> <span class='ocrx_word' id='word_1_397' title='bbox 1384 2602 1450 2640; x_wconf 87' lang='lat' dir='ltr'><strong>est,</strong></span> <span class='ocrx_word' id='word_1_398' title='bbox 1478 2598 1590 2638; x_wconf 76' lang='lat' dir='ltr'><strong>imago</strong></span> <span class='ocrx_word' id='word_1_399' title='bbox 1614 2607 1674 2630; x_wconf 82' lang='lat' dir='ltr'><strong>seu</strong></span> 
     </span>
     <span class='ocr_line' id='line_1_61' title="bbox 975 2647 1614 2691; baseline -0.003 -9"><span class='ocrx_word' id='word_1_400' title='bbox 975 2650 1095 2682; x_wconf 86' lang='lat' dir='ltr'><strong>umbra</strong></span> <span class='ocrx_word' id='word_1_401' title='bbox 1109 2650 1195 2681; x_wconf 82' lang='lat' dir='ltr'><strong>viilae</strong></span> <span class='ocrx_word' id='word_1_402' title='bbox 1209 2649 1419 2691; x_wconf 86' lang='lat' dir='ltr'><strong>immergitur</strong></span> <span class='ocrx_word' id='word_1_403' title='bbox 1431 2647 1614 2691; x_wconf 87' lang='lat' dir='ltr'><strong>profundo.</strong></span> 
     </span>
    </p>

    <p class='ocr_par' dir='ltr' id='par_1_29' title="bbox 1017 2698 1635 2742">
     <span class='ocr_line' id='line_1_62' title="bbox 1017 2698 1635 2742; baseline 0.003 -10"><span class='ocrx_word' id='word_1_404' title='bbox 1017 2703 1060 2732; x_wconf 83' lang='lat'><strong>60</strong></span> <span class='ocrx_word' id='word_1_405' title='bbox 1083 2699 1179 2741; x_wconf 78' lang='lat' dir='ltr'><em>Haec]</em></span> <span class='ocrx_word' id='word_1_406' title='bbox 1201 2701 1331 2742; x_wconf 85' lang='lat' dir='ltr'><strong>Supple</strong></span> <span class='ocrx_word' id='word_1_407' title='bbox 1346 2704 1440 2733; x_wconf 84' lang='lat' dir='ltr'><strong>tecta</strong></span> <span class='ocrx_word' id='word_1_408' title='bbox 1451 2698 1512 2732; x_wconf 74' lang='grc' dir='ltr'><strong>ἀπὸ</strong></span> <span class='ocrx_word' id='word_1_409' title='bbox 1523 2700 1635 2734; x_wconf 75' lang='grc' dir='ltr'>κοινοῦ.</span> 
     </span>
    </p>
   </div>
  </div>
 </body>
</html>
