1800 3060
199 205 286 247 146
695 215 738 244 P.
770 214 962 246 PAPINH
998 214 1167 246 srA'rn

198 311 307 364 Ipse
330 308 446 359 veni,
468 309 673 362 viresque
691 321 833 351 novas
856 309 1142 363 animumque
1163 309 1379 361 ministra,

197 378 289 429 Qui
310 378 512 418 caneris:
544 375 704 417 dextro
726 389 810 418 nec
833 376 951 417 eni-m
970 373 1066 417 sine
1086 377 1264 418 numine
1293 382 1445 419 tantus

199 445 419 487 Ausoniae
440 444 602 486 decora
621 445 770 499 ampla
786 449 921 497 togae,
945 450 1213 498 centumque
1235 445 1399 488 dedisti

197 513 228 555 J
232 513 427 554 udicium
450 517 732 567 mentemque
753 512 887 554 viris:
908 513 1032 554 >licet
1052 513 1212 555 enthea
1229 513 1347 556 vatis

200 581 426 623 Excludat
447 580 654 635 Pimplea
675 581 812 631 sitim,
834 593 916 622 nec
938 580 1124 622 conscia
1143 580 1275 622 detur

202 649 376 698 Pirene,
399 648 548 701 largos
571 648 718 701 potior
738 648 844 689 mihi
860 661 1018 702 gurges
1038 648 1085 688 in
1103 648 1307 698 haustus,

200 772 359 803 commoda
374 771 451 803 mihi
471 771 631 812 ingenium
647 775 676 803 el
697 781 793 803 noras
806 772 900 803 vires.
948 772 1022 803 Non
1036 773 1119 804 enim
1131 773 1198 805 eine
1219 773 1368 814 presidio
1380 774 1539 805 doctorum
1558 771 1663 804 muni-

199 823 274 845 num
288 815 405 846 dedisti
418 818 508 846 tanta
532 818 712 846 ornamenta
727 819 811 854 togae
826 814 987 855 Ausonia»,
1003 818 1033 846 et
1048 819 1182 847 mentem
1203 826 1240 848 ac
1259 816 1416 856 fidicinem
1438 815 1663 848 centumvir-ie.

202 857 283 888 Esto
294 868 307 895 ,·
329 867 418 888 sacru.
439 858 593 897 Pimplcea
607 859 742 897 expellat
757 867 804 889 me
815 857 986 896 sitientem,
1007 868 1062 889 nec
1076 858 1192 890 Pirene
1204 859 1330 899 cognita
1343 859 1422 891 mihi
1438 859 1579 900 proebeat
1591 867 1673 889 suas-

199 909 318 940 aquas:
343 903 476 941 torrens,
491 901 545 941 qui
559 900 668 941 rapide
682 899 764 941 fluit
775 902 814 932 de
829 903 883 932 tuo
891 900 995 940 fonte,
1013 900 1224 933 abundantius
1238 911 1286 934 me
1307 902 1501 934 haurientem
1512 900 1665 943 replebit:

804 985 1047 997 OMOWON

199 1049 288 1078 tatur
300 1056 314 1084 ,⁰
347 1045 525 1077 Domitius
551 1045 706 1077 correxit
730 1045 878 1077 hortabor
901 1045 936 1077 in
962 1047 1147 1078 Rom—23
1180 1045 1302 1078 Codex
1330 1046 1449 1078 Salisb.
1480 1045 1598 1080 Parm.
1628 1051 1665 1080 et

200 1090 328 1120 venet.
343 1091 376 1120 4.
391 1089 480 1120 docto
494 1098 549 1120 nec
565 1089 648 1119 enim
661 1089 727 1119 sine
741 1089 867 1120 numine
883 1092 1009 1126 tantum
1031 1089 1123 1131 quod
1144 1094 1374 1129 reposueruut
1387 1089 1541 1121 Gronov.
1553 1090 1665 1122 Veen.

202 1137 239 1163 et
256 1131 384 1172 Delph.
409 1131 446 1162 in
457 1131 532 1162 aliis
549 1135 634 1163 vett.
650 1132 739 1162 docto
748 1141 804 1162 nec
817 1131 898 1163 enim
911 1132 977 1163 sine
988 1132 1127 1163 carmine
1140 1135 1248 1163 tantus
1256 1143 1271 1170 ‚⁰
1285 1131 1391 1163 Aldd.
1403 1132 1514 1165 Colin.
1529 1131 1666 1174 Gryph.

202 1174 312 1205 Basil.
325 1176 390 1205 &c.
407 1175 497 1205 docto
511 1184 543 1205 n.
559 1184 587 1206 e.
602 1184 629 1205 s.
646 1174 782 1205 carmine
796 1177 917 1206 cantus.
963 1174 1128 1206 Nostrum
1141 1176 1254 1206 dextro
1268 1178 1322 1206 est
1349 1184 1394 1206 ex
1422 1175 1665 1208 emendatione

199 1216 413 1249 Marklandi.
458 1216 529 1247 Pro
544 1219 652 1247 tantus
666 1217 850 1248 Belmttins
866 1217 963 1248 malit
978 1219 1189 1249 nactum—26
1211 1217 1334 1250 Heius.
1351 1217 1395 1249 ad
1411 1217 1516 1250 Ovid.
1533 1218 1622 1250 Met.
1636 1228 1663 1251 1.

200 1262 278 1291 504.
303 1259 408 1290 scribi
434 1259 531 1290 vult:
554 1259 728 1298 Est-eludas,
754 1259 905 1300 Pimplei‚
930 1259 1031 1292 sitim.
1061 1260 1187 1291 Venet.
1214 1263 1245 1291 l.
1272 1261 1382 1300 Piplea
1405 1260 1534 1300 liabet3
1557 1259 1663 1293 Aldd.

201 1302 312 1334 Colin.
330 1301 464 1344 Gryph.
479 1301 586 1334 Basil.
603 1307 732 1334 ceterae
749 1302 903 1343 Pimplaea
911 1313 925 1340 ‚·
945 1307 983 1335 at
998 1303 1158 1334 Graecnm
1185 1307 1240 1334 est
1255 1302 1423 1342 Πίμπλεια.
1468 1304 1569 1337 eruc.
1594 1303 1665 1345 legi

866 1388 1011 1421 NOTAE

245 1455 288 1484 22
304 1452 377 1494 Ipse
390 1451 476 1492 veni]
491 1452 611 1484 Inuuit
628 1451 830 1493 Poetamon
843 1452 907 1484 sibi
961 1462 981 1485 e
997 1451 1140 1494 triginta
1155 1452 1304 1495 quinque
1331 1450 1504 1492 tribubus,
1527 1461 1605 1494 quae
1628 1455 1667 1484 et

202 1503 412 1535 invocandos
441 1512 517 1535 esse
545 1502 716 1535 Phoebnm
744 1504 908 1535 Musasve
961 1505 971 1522 ‘
986 1503 1109 1536 curiae'
1132 1504 1234 1536 dictae
1252 1507 1344 1544 sunt,
1369 1503 1461 1535 terni
1481 1512 1526 1535 ex
1549 1505 1667 1545 singu-

203 1563 244 1585 ac
261 1553 457 1595 Palladem,
468 1553 754 1596 Mercuriumque
766 1559 803 1586 et
819 1555 909 1587 Bac-

203 1604 303 1636 chum
316 1604 531 1646 Eloquentiae
548 1614 588 1637 ac
612 1604 776 1638 Poetices
793 1605 910 1647 praesi-

203 1653 286 1694 des;
310 1655 370 1686 sed
388 1655 500 1697 ipsum
514 1654 694 1692 Rutilium,
710 1655 769 1697 qui
797 1655 911 1688 Poeta

194 1699 294 1744 erat,
311 1709 492 1737 etorator.

253 1754 406 1797 Vireeque
420 1765 516 1786 novas
532 1755 729 1796 animumque
748 1755 910 1797 ministra]

201 1804 260 1836 Sic
275 1805 445 1846 Epicedio
462 1805 570 1847 patris
585 1816 593 1836 ε
618 1806 627 1823 ‘
639 1805 720 1847 Ipse
743 1806 846 1837 malas
861 1806 910 1838 vi-

203 1864 271 1892 reS,
286 1861 323 1887 et
348 1857 569 1888 lamentabile
593 1865 730 1888 carmen
746 1858 801 1888 Da
816 1855 911 1897 gen'i-

202 1911 257 1938 tor
275 1907 457 1948 perdocte.
482 1906 606 1948 Neque
619 1907 709 1938 euim
726 1910 827 1938 antra
839 1917 909 1938 mo-

202 1957 276 1988 veri
293 1958 407 1998 Delia,
423 1967 488 1990 nec
505 1958 640 1990 solitam
655 1958 704 1989 fas
721 1963 774 1989 est
789 1959 910 1999 impel-

200 2008 276 2040 lere
293 2008 483 2051 Cyanam:
499 2009 566 2040 διο.

245 2062 288 2091 23
311 2059 439 2092 Dextro
466 2057 587 2100 [docto]
601 2068 656 2090 nec
671 2058 754 2090 enim
769 2059 837 2090 sine
851 2069 908 2090 nu-

203 2111 289 2143 mine
300 2114 408 2143 tantus
415 2109 563 2143 Ausoniae
574 2111 686 2141 decora
699 2110 803 2149 ampla
814 2112 910 2149 togoe,

204 2164 384 2202 centumque
398 2161 515 2192 dedisti
535 2159 700 2192 Judicium
720 2162 911 2200 mentemque

202 2212 297 2253 viris]
320 2211 440 2244 Innuit
457 2211 579 2242 Musas
605 2208 844 2251 Phoebnmque
869 2219 910 2241 ac

206 2264 355 2305 reliquos
373 2263 468 2294 Deos
484 2261 618 2301 doctos,
632 2259 775 2292 multum
791 2263 910 2291 contn-

205 2313 286 2344 iisse
315 2312 446 2344 Rutilio
470 2312 513 2344 ad
538 2310 758 2343 obtinendam
782 2314 911 2342 tantam

205 2363 399 2394 claritatem
415 2362 552 2399 infero,
578 2366 615 2393 et
637 2362 673 2393 in
695 2365 790 2402 toga,
817 2364 852 2392 et
868 2359 911 2392 ad

202 2413 467 2453 intelligentiam
478 2413 580 2454 juris,
594 2421 662 2454 qua
673 2411 912 2443 centumviros

205 2463 240 2494 in
268 2462 453 2494 reddendis
472 2462 611 2504 judiciis
638 2461 911 2503 perspicaciores

207 2512 380 2544 redderet.
433 2512 690 2544 Advocatorum
732 2511 822 2544 enim
857 2515 911 2544 est

205 2564 289 2596 dare
302 2573 439 2595 sensnm
457 2573 496 2595 ac
512 2563 774 2605 intelligentiam
782 2562 909 2605 judici-

206 2615 282 2656 bus,
306 2616 315 2633 ‘
330 2614 516 2656 Cumjuris
533 2614 639 2646 nodos
654 2615 839 2656 legumque
863 2623 910 2645 ae-

206 2666 363 2706 nigmara
387 2664 547 2696 solvunt.'
592 2664 793 2696 Advocatus
818 2664 909 2696 enim

208 2715 326 2747 fuerat
351 2715 514 2755 Rutilius,
538 2718 576 2746 ut
604 2713 694 2746 infra
724 2714 908 2747 videbitur.

211 2767 342 2798 Centum
350 2765 443 2806 viris]
450 2765 802 2806 Centumvirijudices
809 2769 910 2798 erant

961 1554 1002 1586 lis
1029 1554 1185 1586 tribubus
1207 1553 1326 1595 electi,
1349 1553 1478 1596 quique
1504 1553 1667 1586 eentum-

965 1604 1026 1636 viri
1042 1604 1211 1646 appellati
1234 1608 1335 1637 suut:
1359 1609 1396 1636 et
1419 1604 1502 1636 licet
1516 1604 1668 1646 quinque

966 1655 1122 1696 amplius,
1137 1664 1237 1697 quam
1250 1658 1387 1687 centum
1399 1652 1526 1694 forent,
1538 1658 1667 1692 tamen,

964 1715 1032 1748 quo
1060 1704 1195 1737 facilius
1220 1705 1491 1746 nominarentur,
1507 1704 1669 1737 Centum-

964 1756 1027 1788 viri
1044 1755 1128 1788 dicti
1143 1759 1234 1789 sunt.
1271 1756 1406 1789 Quibus
1422 1758 1537 1787 autem
1552 1755 1598 1787 de
1613 1765 1667 1788 re-

964 1806 1026 1838 bus
1043 1806 1255 1838 Centumviri
1266 1805 1470 1847 judicarint,
1485 1815 1528 1838 ex
1542 1805 1597 1839 his
1611 1807 1669 1839 ci-

963 1857 1097 1890 ceronis
1123 1858 1157 1889 in
1179 1858 1288 1899 prImo
1304 1857 1347 1889 de
1360 1857 1512 1889 Oratore
1539 1856 1669 1898 colligi-

963 1912 1040 1940 tur:
1065 1912 1074 1926 ‘
1089 1907 1231 1941 ‚lactare
1255 1916 1292 1939 se
1316 1907 1351 1938 in
1376 1907 1487 1939 causis
1503 1906 1667 1939 Centum-

963 1958 1137 1995 viralibus,
1151 1958 1187 1990 in
1203 1957 1327 2000 quibus
1342 1957 1602 1999 usucapionum,
1613 1961 1667 1990 tu-

961 2009 1120 2045 telarum,
1127 2007 1371 2049 gentilitatum,
1379 2007 1611 2048 agnationum,
1620 2008 1669 2040 al-

963 2059 1150 2099 luvionum,
1159 2057 1480 2099 eircumlnvionnm,
1490 2067 1669 2100 nexorum,

964 2109 1223 2150 mancipiorum,
1262 2108 1445 2150 parietum,
1485 2108 1669 2149 luminum,

964 2159 1232 2200 stillicidiorum,
1243 2161 1530 2190 testamentorum
1551 2163 1670 2201 rupto-

964 2220 1039 2242 rum
1062 2215 1123 2242 ant
1146 2214 1309 2250 ratorum,
1329 2213 1593 2251 ceterarumque
1614 2218 1668 2241 re-

965 2271 1039 2294 rnm
1066 2261 1330 2294 innumerabilia
1349 2260 1436 2302 jura
1461 2260 1668 2293 versentur!

967 2312 1054 2345 Haec
1076 2313 1211 2345 Cicero.
1257 2311 1392 2343 Horum
1422 2320 1508 2342 unus
1533 2310 1668 2343 hastam

967 2363 1124 2404 tenebat,
1137 2363 1350 2404 praecipuum
1365 2359 1577 2402 judiciorum
1600 2363 1669 2402 sig-

966 2423 1045 2445 num
1060 2424 1070 2444 :
1102 2412 1194 2444 unde
1222 2413 1232 2430 ‘
1250 2410 1514 2443 Centumviralis
1543 2411 1644 2444 hasta
1658 2409 1671 2425 '

964 2463 1093 2505 legitur
1107 2463 1142 2495 in
1157 2460 1335 2494 Suetonio.

1007 2517 1048 2546 25
1071 2511 1215 2554 Enthea]
1248 2511 1339 2546 Quia
1354 2509 1468 2544 divino
1482 2509 1599 2544 furore
1615 2520 1667 2544 re-

964 2564 1038 2606 plet
1053 2563 1194 2595 Poetas.

990 2616 1048 2646 ‘26
1070 2612 1235 2654 Pimplea]
1274 2611 1434 2653 Pimplea
1460 2610 1535 2644 fons
1564 2611 1669 2644 Thra-

963 2665 1042 2705 ciae,
1056 2664 1166 2696 Musis
1181 2672 1288 2695 sacra.

1005 2717 1048 2747 27
1069 2712 1201 2754 Pirene]
1224 2713 1314 2746 Fons
1328 2710 1392 2746 sub
1405 2711 1667 2754 Acrocorintho,

963 2768 1003 2797 ut
1019 2765 1092 2797 vult
1106 2763 1243 2805 Strabo,
1266 2762 1350 2797 licet
1372 2761 1509 2796 Probus
1530 2772 1608 2796 eum
1631 2762 1667 2795 in
