<?xml version="1.0" encoding="UTF-8"?>
<!DOCTYPE html PUBLIC "-//W3C//DTD XHTML 1.0 Transitional//EN"
    "http://www.w3.org/TR/xhtml1/DTD/xhtml1-transitional.dtd">
<html xmlns="http://www.w3.org/1999/xhtml" xml:lang="en" lang="en">
 <head>
  <title>
</title>
<meta http-equiv="Content-Type" content="text/html;charset=utf-8" />
  <meta name='ocr-system' content='tesseract 3.04.00' />
  <meta name='ocr-capabilities' content='ocr_page ocr_carea ocr_par ocr_line ocrx_word'/>
</head>
<body>
  <div class='ocr_page' id='page_1' title='image "./operaomniaexedit01statuoft_0188.png"; bbox 0 0 1800 3060; ppageno 0'>
   <div class='ocr_carea' id='block_1_1' title="bbox 232 193 1203 235">
    <p class='ocr_par' dir='ltr' id='par_1_1' title="bbox 232 193 1203 235">
     <span class='ocr_line' id='line_1_1' title="bbox 232 193 1203 235; baseline -0.002 0"><span class='ocrx_word' id='word_1_1' title='bbox 232 193 317 235; x_wconf 82' lang='lat'><strong>178</strong></span> <span class='ocrx_word' id='word_1_2' title='bbox 729 204 773 234; x_wconf 86' lang='lat' dir='ltr'><strong>P.</strong></span> <span class='ocrx_word' id='word_1_3' title='bbox 806 202 999 234; x_wconf 61' lang='lat' dir='ltr'><strong>mensu</strong></span> <span class='ocrx_word' id='word_1_4' title='bbox 1034 202 1203 234; x_wconf 76' lang='lat' dir='ltr'><strong>s&#39;rA&#39;rn</strong></span> 
     </span>
    </p>
   </div>
   <div class='ocr_carea' id='block_1_2' title="bbox 466 298 1701 354">
    <p class='ocr_par' dir='ltr' id='par_1_2' title="bbox 466 298 1701 354">
     <span class='ocr_line' id='line_1_2' title="bbox 466 298 1701 354; baseline -0.001 -13"><span class='ocrx_word' id='word_1_5' title='bbox 466 299 620 342; x_wconf 82' lang='lat' dir='ltr'>Ducat</span> <span class='ocrx_word' id='word_1_6' title='bbox 638 298 796 341; x_wconf 85' lang='lat' dir='ltr'><strong>nubila</strong></span> <span class='ocrx_word' id='word_1_7' title='bbox 813 298 993 354; x_wconf 83' lang='lat' dir='ltr'><strong>Jupiter</strong></span> <span class='ocrx_word' id='word_1_8' title='bbox 1011 312 1090 354; x_wconf 89' lang='lat' dir='ltr'><strong>per</strong></span> <span class='ocrx_word' id='word_1_9' title='bbox 1112 299 1280 351; x_wconf 91' lang='lat' dir='ltr'><strong>orbem,</strong></span> <span class='ocrx_word' id='word_1_10' title='bbox 1643 298 1701 341; x_wconf 76' lang='lat'><strong>25</strong></span> 
     </span>
    </p>
   </div>
   <div class='ocr_carea' id='block_1_3' title="bbox 460 367 1383 1302">
    <p class='ocr_par' dir='ltr' id='par_1_3' title="bbox 469 367 1231 422">
     <span class='ocr_line' id='line_1_3' title="bbox 469 367 1231 422; baseline -0.001 -13"><span class='ocrx_word' id='word_1_11' title='bbox 469 367 527 409; x_wconf 84' lang='lat' dir='ltr'><strong>Et</strong></span> <span class='ocrx_word' id='word_1_12' title='bbox 545 367 664 409; x_wconf 84' lang='lat' dir='ltr'><strong>laetis</strong></span> <span class='ocrx_word' id='word_1_13' title='bbox 684 367 863 422; x_wconf 89' lang='lat' dir='ltr'><strong>pluvias</strong></span> <span class='ocrx_word' id='word_1_14' title='bbox 882 367 1078 408; x_wconf 81' lang='lat' dir='ltr'><strong>minetur</strong></span> <span class='ocrx_word' id='word_1_15' title='bbox 1094 367 1231 420; x_wconf 85' lang='lat' dir='ltr'><strong>agris,</strong></span> 
     </span>
    </p>

    <p class='ocr_par' dir='ltr' id='par_1_4' title="bbox 461 434 1377 625">
     <span class='ocr_line' id='line_1_4' title="bbox 467 434 1377 477; baseline -0.001 0"><span class='ocrx_word' id='word_1_16' title='bbox 467 436 589 477; x_wconf 91' lang='lat' dir='ltr'><strong>Dum</strong></span> <span class='ocrx_word' id='word_1_17' title='bbox 609 435 750 476; x_wconf 88' lang='lat' dir='ltr'><strong>nostri</strong></span> <span class='ocrx_word' id='word_1_18' title='bbox 770 434 799 476; x_wconf 88' lang='lat' dir='ltr'><strong>J</strong></span> <span class='ocrx_word' id='word_1_19' title='bbox 803 435 901 477; x_wconf 89' lang='lat' dir='ltr'><strong>ovis</strong></span> <span class='ocrx_word' id='word_1_20' title='bbox 920 434 968 476; x_wconf 92' lang='lat' dir='ltr'><strong>hi</strong></span> <span class='ocrx_word' id='word_1_21' title='bbox 986 434 1180 476; x_wconf 84' lang='lat' dir='ltr'><strong>ferantur</strong></span> <span class='ocrx_word' id='word_1_22' title='bbox 1200 435 1377 476; x_wconf 80' lang='lat' dir='ltr'><strong>imbres.</strong></span> 
     </span>
     <span class='ocr_line' id='line_1_5' title="bbox 464 502 1374 556; baseline 0 -12"><span class='ocrx_word' id='word_1_23' title='bbox 464 503 586 544; x_wconf 89' lang='lat' dir='ltr'><strong>Ecce</strong></span> <span class='ocrx_word' id='word_1_24' title='bbox 610 507 755 544; x_wconf 90' lang='lat' dir='ltr'><strong>autem</strong></span> <span class='ocrx_word' id='word_1_25' title='bbox 778 515 941 544; x_wconf 87' lang='lat' dir='ltr'><strong>caveas</strong></span> <span class='ocrx_word' id='word_1_26' title='bbox 961 502 1082 545; x_wconf 90' lang='lat' dir='ltr'><strong>subit</strong></span> <span class='ocrx_word' id='word_1_27' title='bbox 1102 515 1183 556; x_wconf 88' lang='lat' dir='ltr'><strong>per</strong></span> <span class='ocrx_word' id='word_1_28' title='bbox 1203 514 1374 552; x_wconf 87' lang='lat' dir='ltr'><strong>omnes,</strong></span> 
     </span>
     <span class='ocr_line' id='line_1_6' title="bbox 461 570 1185 625; baseline 0 -13"><span class='ocrx_word' id='word_1_29' title='bbox 461 571 654 625; x_wconf 86' lang='lat' dir='ltr'><strong>Insignis</strong></span> <span class='ocrx_word' id='word_1_30' title='bbox 676 571 841 625; x_wconf 89' lang='lat' dir='ltr'><strong>specie,</strong></span> <span class='ocrx_word' id='word_1_31' title='bbox 863 570 1030 612; x_wconf 90' lang='lat' dir='ltr'><strong>decora</strong></span> <span class='ocrx_word' id='word_1_32' title='bbox 1057 571 1185 612; x_wconf 85' lang='lat' dir='ltr'><strong>cultu</strong></span> 
     </span>
    </p>

    <p class='ocr_par' dir='ltr' id='par_1_5' title="bbox 460 638 1280 689">
     <span class='ocr_line' id='line_1_7' title="bbox 460 638 1280 689; baseline 0 -9"><span class='ocrx_word' id='word_1_33' title='bbox 460 638 627 680; x_wconf 83' lang='lat' dir='ltr'><strong>Plebes</strong></span> <span class='ocrx_word' id='word_1_34' title='bbox 649 639 804 689; x_wconf 89' lang='lat' dir='ltr'><strong>altera,</strong></span> <span class='ocrx_word' id='word_1_35' title='bbox 819 652 905 680; x_wconf 93' lang='lat' dir='ltr'><strong>non</strong></span> <span class='ocrx_word' id='word_1_36' title='bbox 924 639 1066 680; x_wconf 88' lang='lat' dir='ltr'><strong>minor</strong></span> <span class='ocrx_word' id='word_1_37' title='bbox 1087 639 1280 680; x_wconf 82' lang='lat' dir='ltr'><strong>sedente.</strong></span> 
     </span>
    </p>

    <p class='ocr_par' dir='ltr' id='par_1_6' title="bbox 461 705 1295 896">
     <span class='ocr_line' id='line_1_8' title="bbox 462 705 1282 762; baseline 0.001 -15"><span class='ocrx_word' id='word_1_38' title='bbox 462 705 529 747; x_wconf 90' lang='lat' dir='ltr'><strong>Hi</strong></span> <span class='ocrx_word' id='word_1_39' title='bbox 550 707 748 760; x_wconf 88' lang='lat' dir='ltr'><strong>panaria,</strong></span> <span class='ocrx_word' id='word_1_40' title='bbox 770 707 1070 762; x_wconf 84' lang='lat' dir='ltr'><strong>candidasque</strong></span> <span class='ocrx_word' id='word_1_41' title='bbox 1090 720 1282 761; x_wconf 82' lang='lat' dir='ltr'><strong>mappas</strong></span> 
     </span>
     <span class='ocr_line' id='line_1_9' title="bbox 465 774 1295 829; baseline 0.001 -14"><span class='ocrx_word' id='word_1_42' title='bbox 465 774 757 826; x_wconf 84' lang='lat' dir='ltr'><strong>Subvectant‚</strong></span> <span class='ocrx_word' id='word_1_43' title='bbox 779 775 1028 829; x_wconf 85' lang='lat' dir='ltr'><strong>epulasque</strong></span> <span class='ocrx_word' id='word_1_44' title='bbox 1054 775 1295 827; x_wconf 81' lang='lat' dir='ltr'><strong>lautiores3</strong></span> 
     </span>
     <span class='ocr_line' id='line_1_10' title="bbox 461 841 1191 896; baseline 0.003 -14"><span class='ocrx_word' id='word_1_45' title='bbox 461 841 535 882; x_wconf 93' lang='lat' dir='ltr'><strong>Illi</strong></span> <span class='ocrx_word' id='word_1_46' title='bbox 555 842 756 883; x_wconf 88' lang='lat' dir='ltr'><strong>marcida</strong></span> <span class='ocrx_word' id='word_1_47' title='bbox 775 842 880 884; x_wconf 90' lang='lat' dir='ltr'><strong>vina</strong></span> <span class='ocrx_word' id='word_1_48' title='bbox 899 842 1138 896; x_wconf 84' lang='lat' dir='ltr'><strong>largiuntur</strong></span> <span class='ocrx_word' id='word_1_49' title='bbox 1154 843 1191 884; x_wconf 72' lang='grc' dir='ltr'><strong>ε’</strong></span> 
     </span>
    </p>

    <p class='ocr_par' dir='ltr' id='par_1_7' title="bbox 461 908 1339 1098">
     <span class='ocr_line' id='line_1_11' title="bbox 463 908 1239 964; baseline 0.004 -15"><span class='ocrx_word' id='word_1_50' title='bbox 463 908 616 950; x_wconf 85' lang='lat' dir='ltr'><strong>Idaeos</strong></span> <span class='ocrx_word' id='word_1_51' title='bbox 637 909 825 951; x_wconf 85' lang='lat' dir='ltr'><strong>totidem</strong></span> <span class='ocrx_word' id='word_1_52' title='bbox 843 914 973 964; x_wconf 83' lang='lat' dir='ltr'><strong>putes</strong></span> <span class='ocrx_word' id='word_1_53' title='bbox 997 910 1239 952; x_wconf 79' lang='lat' dir='ltr'><strong>ministros,</strong></span> 
     </span>
     <span class='ocr_line' id='line_1_12' title="bbox 461 975 1339 1031; baseline 0 -14"><span class='ocrx_word' id='word_1_54' title='bbox 461 975 641 1028; x_wconf 87' lang='lat' dir='ltr'><strong>Orbem,</strong></span> <span class='ocrx_word' id='word_1_55' title='bbox 663 988 752 1030; x_wconf 88' lang='lat' dir='ltr'><strong>qua</strong></span> <span class='ocrx_word' id='word_1_56' title='bbox 765 977 925 1018; x_wconf 89' lang='lat' dir='ltr'><strong>melior</strong></span> <span class='ocrx_word' id='word_1_57' title='bbox 946 977 1235 1031; x_wconf 86' lang='lat' dir='ltr'><strong>severiorque</strong></span> <span class='ocrx_word' id='word_1_58' title='bbox 1256 981 1339 1027; x_wconf 89' lang='lat' dir='ltr'><strong>est,</strong></span> 
     </span>
     <span class='ocr_line' id='line_1_13' title="bbox 464 1043 1225 1098; baseline 0.003 -14"><span class='ocrx_word' id='word_1_59' title='bbox 464 1043 525 1084; x_wconf 90' lang='lat' dir='ltr'><strong>Et</strong></span> <span class='ocrx_word' id='word_1_60' title='bbox 544 1046 691 1098; x_wconf 83' lang='lat' dir='ltr'><strong>gentes</strong></span> <span class='ocrx_word' id='word_1_61' title='bbox 713 1043 798 1085; x_wconf 91' lang='lat' dir='ltr'><strong>alis</strong></span> <span class='ocrx_word' id='word_1_62' title='bbox 817 1044 998 1086; x_wconf 87' lang='lat' dir='ltr'><strong>insimul</strong></span> <span class='ocrx_word' id='word_1_63' title='bbox 1020 1048 1194 1098; x_wconf 82' lang='lat' dir='ltr'><strong>togatas</strong></span> <span class='ocrx_word' id='word_1_64' title='bbox 1213 1060 1225 1095; x_wconf 90' lang='lat'>;</span> 
     </span>
    </p>

    <p class='ocr_par' dir='ltr' id='par_1_8' title="bbox 461 1109 1383 1302">
     <span class='ocr_line' id='line_1_14' title="bbox 461 1109 1298 1166; baseline 0.002 -15"><span class='ocrx_word' id='word_1_65' title='bbox 461 1109 519 1152; x_wconf 91' lang='lat' dir='ltr'><strong>Et</strong></span> <span class='ocrx_word' id='word_1_66' title='bbox 539 1123 638 1152; x_wconf 90' lang='lat' dir='ltr'><strong>cum</strong></span> <span class='ocrx_word' id='word_1_67' title='bbox 660 1114 726 1152; x_wconf 86' lang='lat' dir='ltr'><strong>tot</strong></span> <span class='ocrx_word' id='word_1_68' title='bbox 741 1111 939 1165; x_wconf 86' lang='lat' dir='ltr'><strong>populos</strong></span> <span class='ocrx_word' id='word_1_69' title='bbox 959 1112 1098 1154; x_wconf 85' lang='lat' dir='ltr'><strong>beata</strong></span> <span class='ocrx_word' id='word_1_70' title='bbox 1117 1125 1298 1166; x_wconf 89' lang='lat' dir='ltr'><strong>pascas,</strong></span> 
     </span>
     <span class='ocr_line' id='line_1_15' title="bbox 466 1177 1383 1233; baseline 0.001 -15"><span class='ocrx_word' id='word_1_71' title='bbox 466 1177 616 1229; x_wconf 88' lang='lat' dir='ltr'><strong>Hunc,</strong></span> <span class='ocrx_word' id='word_1_72' title='bbox 638 1177 845 1230; x_wconf 90' lang='lat' dir='ltr'><strong>Annona,</strong></span> <span class='ocrx_word' id='word_1_73' title='bbox 867 1178 986 1220; x_wconf 90' lang='lat' dir='ltr'><strong>diem</strong></span> <span class='ocrx_word' id='word_1_74' title='bbox 1006 1179 1202 1233; x_wconf 86' lang='lat' dir='ltr'><strong>superba</strong></span> <span class='ocrx_word' id='word_1_75' title='bbox 1222 1178 1383 1221; x_wconf 88' lang='lat' dir='ltr'><strong>nescis.</strong></span> 
     </span>
     <span class='ocr_line' id='line_1_16' title="bbox 466 1245 1315 1302; baseline 0.002 -16"><span class='ocrx_word' id='word_1_76' title='bbox 466 1245 491 1287; x_wconf 97' lang='lat' dir='ltr'>I</span> <span class='ocrx_word' id='word_1_77' title='bbox 516 1258 633 1287; x_wconf 86' lang='lat' dir='ltr'><strong>nunc</strong></span> <span class='ocrx_word' id='word_1_78' title='bbox 652 1246 824 1288; x_wconf 86' lang='lat' dir='ltr'><strong>saecula</strong></span> <span class='ocrx_word' id='word_1_79' title='bbox 840 1259 1062 1302; x_wconf 85' lang='lat' dir='ltr'><strong>compara,</strong></span> <span class='ocrx_word' id='word_1_80' title='bbox 1081 1247 1315 1298; x_wconf 84' lang='lat' dir='ltr'><strong>Vetustas,</strong></span> 
     </span>
    </p>
   </div>
   <div class='ocr_carea' id='block_1_4' title="bbox 1639 638 1695 680">
    <p class='ocr_par' dir='ltr' id='par_1_9' title="bbox 1639 638 1695 680">
     <span class='ocr_line' id='line_1_17' title="bbox 1639 638 1695 680; baseline 0 0"><span class='ocrx_word' id='word_1_81' title='bbox 1639 638 1695 680; x_wconf 86' lang='lat'><strong>30</strong></span> 
     </span>
    </p>
   </div>
   <div class='ocr_carea' id='block_1_5' title="bbox 223 1379 1693 1683">
    <p class='ocr_par' dir='ltr' id='par_1_10' title="bbox 223 1379 1693 1683">
     <span class='ocr_line' id='line_1_18' title="bbox 225 1379 1691 1423; baseline 0.002 -12"><span class='ocrx_word' id='word_1_82' title='bbox 225 1379 343 1421; x_wconf 72' lang='lat' dir='ltr'><strong>orbern,</strong></span> <span class='ocrx_word' id='word_1_83' title='bbox 366 1383 397 1412; x_wconf 85' lang='lat' dir='ltr'><strong>et</strong></span> <span class='ocrx_word' id='word_1_84' title='bbox 419 1381 556 1413; x_wconf 83' lang='lat' dir='ltr'><strong>minetur</strong></span> <span class='ocrx_word' id='word_1_85' title='bbox 578 1381 690 1413; x_wconf 83' lang='lat' dir='ltr'><strong>imbres</strong></span> <span class='ocrx_word' id='word_1_86' title='bbox 711 1381 858 1423; x_wconf 77' lang='lat' dir='ltr'><strong>spatiosis</strong></span> <span class='ocrx_word' id='word_1_87' title='bbox 880 1381 1007 1423; x_wconf 82' lang='lat' dir='ltr'><strong>campis,</strong></span> <span class='ocrx_word' id='word_1_88' title='bbox 1030 1383 1103 1414; x_wconf 84' lang='lat' dir='ltr'><strong>dum</strong></span> <span class='ocrx_word' id='word_1_89' title='bbox 1127 1382 1176 1413; x_wconf 81' lang='lat' dir='ltr'><strong>hae</strong></span> <span class='ocrx_word' id='word_1_90' title='bbox 1199 1382 1314 1422; x_wconf 75' lang='lat' dir='ltr'><strong>pluvia·</strong></span> <span class='ocrx_word' id='word_1_91' title='bbox 1337 1381 1437 1414; x_wconf 78' lang='lat' dir='ltr'><strong>nostri</strong></span> <span class='ocrx_word' id='word_1_92' title='bbox 1451 1382 1544 1414; x_wconf 82' lang='lat' dir='ltr'><strong>Jovis</strong></span> <span class='ocrx_word' id='word_1_93' title='bbox 1564 1383 1691 1418; x_wconf 75' lang='lat' dir='ltr'><strong>cadant.</strong></span> 
     </span>
     <span class='ocr_line' id='line_1_19' title="bbox 228 1424 1693 1466; baseline 0.003 -12"><span class='ocrx_word' id='word_1_94' title='bbox 228 1424 311 1455; x_wconf 84' lang='lat' dir='ltr'><strong>Ecce</strong></span> <span class='ocrx_word' id='word_1_95' title='bbox 326 1434 399 1456; x_wconf 87' lang='lat' dir='ltr'><strong>vero</strong></span> <span class='ocrx_word' id='word_1_96' title='bbox 413 1425 477 1456; x_wconf 82' lang='lat' dir='ltr'><strong>alia</strong></span> <span class='ocrx_word' id='word_1_97' title='bbox 492 1424 584 1456; x_wconf 81' lang='lat' dir='ltr'><strong>turba</strong></span> <span class='ocrx_word' id='word_1_98' title='bbox 597 1425 766 1466; x_wconf 65' lang='lat' dir='ltr'><strong>praestanti</strong></span> <span class='ocrx_word' id='word_1_99' title='bbox 781 1425 889 1463; x_wconf 83' lang='lat' dir='ltr'><strong>forma</strong></span> <span class='ocrx_word' id='word_1_100' title='bbox 911 1435 948 1456; x_wconf 79' lang='lat' dir='ltr'><strong>ac</strong></span> <span class='ocrx_word' id='word_1_101' title='bbox 969 1426 1067 1465; x_wconf 77' lang='lat' dir='ltr'><strong>cultu,</strong></span> <span class='ocrx_word' id='word_1_102' title='bbox 1082 1435 1141 1456; x_wconf 79' lang='lat' dir='ltr'><strong>non</strong></span> <span class='ocrx_word' id='word_1_103' title='bbox 1157 1425 1257 1456; x_wconf 78' lang='lat' dir='ltr'><strong>minor</strong></span> <span class='ocrx_word' id='word_1_104' title='bbox 1271 1435 1396 1457; x_wconf 75' lang='lat' dir='ltr'><strong>numero</strong></span> <span class='ocrx_word' id='word_1_105' title='bbox 1417 1435 1454 1457; x_wconf 82' lang='lat' dir='ltr'><strong>ea</strong></span> <span class='ocrx_word' id='word_1_106' title='bbox 1472 1434 1540 1466; x_wconf 83' lang='lat' dir='ltr'><strong>quoe</strong></span> <span class='ocrx_word' id='word_1_107' title='bbox 1554 1426 1693 1466; x_wconf 78' lang='lat' dir='ltr'><strong>sedebat,</strong></span> 
     </span>
     <span class='ocr_line' id='line_1_20' title="bbox 226 1466 1693 1510; baseline 0.002 -13"><span class='ocrx_word' id='word_1_108' title='bbox 226 1466 328 1498; x_wconf 81' lang='lat' dir='ltr'><strong>intrat</strong></span> <span class='ocrx_word' id='word_1_109' title='bbox 342 1477 400 1508; x_wconf 84' lang='lat' dir='ltr'><strong>per</strong></span> <span class='ocrx_word' id='word_1_110' title='bbox 413 1470 540 1500; x_wconf 78' lang='lat' dir='ltr'><strong>cunctas</strong></span> <span class='ocrx_word' id='word_1_111' title='bbox 554 1478 674 1500; x_wconf 79' lang='lat' dir='ltr'><strong>caveas.</strong></span> <span class='ocrx_word' id='word_1_112' title='bbox 720 1468 771 1499; x_wconf 81' lang='lat' dir='ltr'><strong>Hi</strong></span> <span class='ocrx_word' id='word_1_113' title='bbox 792 1471 920 1507; x_wconf 82' lang='lat' dir='ltr'><strong>gestant</strong></span> <span class='ocrx_word' id='word_1_114' title='bbox 942 1468 1092 1508; x_wconf 80' lang='lat' dir='ltr'><strong>canistra,</strong></span> <span class='ocrx_word' id='word_1_115' title='bbox 1116 1467 1258 1509; x_wconf 79' lang='lat' dir='ltr'><strong>albasque</strong></span> <span class='ocrx_word' id='word_1_116' title='bbox 1282 1478 1422 1510; x_wconf 80' lang='lat' dir='ltr'><strong>mappas,</strong></span> <span class='ocrx_word' id='word_1_117' title='bbox 1443 1471 1474 1500; x_wconf 80' lang='lat' dir='ltr'><strong>et</strong></span> <span class='ocrx_word' id='word_1_118' title='bbox 1496 1469 1693 1500; x_wconf 75' lang='lat' dir='ltr'><strong>delicatiores</strong></span> 
     </span>
     <span class='ocr_line' id='line_1_21' title="bbox 226 1509 1692 1552; baseline 0.002 -12"><span class='ocrx_word' id='word_1_119' title='bbox 226 1509 319 1542; x_wconf 78' lang='lat' dir='ltr'><strong>cibos.</strong></span> <span class='ocrx_word' id='word_1_120' title='bbox 364 1510 420 1542; x_wconf 78' lang='lat' dir='ltr'><strong>Illi</strong></span> <span class='ocrx_word' id='word_1_121' title='bbox 440 1510 582 1552; x_wconf 84' lang='lat' dir='ltr'><strong>praebent</strong></span> <span class='ocrx_word' id='word_1_122' title='bbox 596 1510 737 1542; x_wconf 81' lang='lat' dir='ltr'><strong>marcida</strong></span> <span class='ocrx_word' id='word_1_123' title='bbox 760 1510 845 1543; x_wconf 75' lang='lat' dir='ltr'><strong>vina.</strong></span> <span class='ocrx_word' id='word_1_124' title='bbox 891 1511 1041 1543; x_wconf 77' lang='lat' dir='ltr'><strong>Crederes</strong></span> <span class='ocrx_word' id='word_1_125' title='bbox 1065 1511 1196 1542; x_wconf 65' lang='lat' dir='ltr'><strong>totidem</strong></span> <span class='ocrx_word' id='word_1_126' title='bbox 1203 1511 1343 1549; x_wconf 81' lang='lat' dir='ltr'><strong>famulos</strong></span> <span class='ocrx_word' id='word_1_127' title='bbox 1359 1512 1470 1543; x_wconf 83' lang='lat' dir='ltr'><strong>Idaeos.</strong></span> <span class='ocrx_word' id='word_1_128' title='bbox 1518 1512 1547 1543; x_wconf 89' lang='grc' dir='ltr'>Ο</span> <span class='ocrx_word' id='word_1_129' title='bbox 1560 1522 1692 1552; x_wconf 76' lang='lat' dir='ltr'><strong>annona,</strong></span> 
     </span>
     <span class='ocr_line' id='line_1_22' title="bbox 227 1553 1691 1595; baseline 0.002 -12"><span class='ocrx_word' id='word_1_130' title='bbox 227 1561 296 1592; x_wconf 75' lang='lat' dir='ltr'><strong>quae</strong></span> <span class='ocrx_word' id='word_1_131' title='bbox 317 1553 421 1584; x_wconf 83' lang='lat' dir='ltr'><strong>nutris</strong></span> <span class='ocrx_word' id='word_1_132' title='bbox 442 1553 546 1585; x_wconf 85' lang='lat' dir='ltr'><strong>orbem</strong></span> <span class='ocrx_word' id='word_1_133' title='bbox 559 1557 726 1594; x_wconf 82' lang='lat' dir='ltr'><strong>terrarum,</strong></span> <span class='ocrx_word' id='word_1_134' title='bbox 739 1554 804 1585; x_wconf 74' lang='lat' dir='ltr'><strong>sive</strong></span> <span class='ocrx_word' id='word_1_135' title='bbox 817 1554 852 1585; x_wconf 80' lang='lat' dir='ltr'><strong>in</strong></span> <span class='ocrx_word' id='word_1_136' title='bbox 867 1555 973 1595; x_wconf 80' lang='lat' dir='ltr'><strong>aliqua</strong></span> <span class='ocrx_word' id='word_1_137' title='bbox 986 1557 1077 1595; x_wconf 78' lang='lat' dir='ltr'><strong>parte</strong></span> <span class='ocrx_word' id='word_1_138' title='bbox 1090 1555 1187 1585; x_wconf 77' lang='lat' dir='ltr'><strong>sotum</strong></span> <span class='ocrx_word' id='word_1_139' title='bbox 1200 1554 1244 1585; x_wconf 76' lang='lat' dir='ltr'><strong>sit</strong></span> <span class='ocrx_word' id='word_1_140' title='bbox 1255 1553 1450 1595; x_wconf 69' lang='lat' dir='ltr'><strong>seecundum,</strong></span> <span class='ocrx_word' id='word_1_141' title='bbox 1461 1556 1524 1586; x_wconf 78' lang='lat' dir='ltr'><strong>sive</strong></span> <span class='ocrx_word' id='word_1_142' title='bbox 1538 1555 1691 1595; x_wconf 73' lang='lat' dir='ltr'><strong>infertile,</strong></span> 
     </span>
     <span class='ocr_line' id='line_1_23' title="bbox 227 1596 1690 1638; baseline 0.001 -12"><span class='ocrx_word' id='word_1_143' title='bbox 227 1598 259 1626; x_wconf 79' lang='lat' dir='ltr'><strong>et</strong></span> <span class='ocrx_word' id='word_1_144' title='bbox 274 1606 344 1636; x_wconf 78' lang='lat' dir='ltr'><strong>quae</strong></span> <span class='ocrx_word' id='word_1_145' title='bbox 358 1596 419 1627; x_wconf 83' lang='lat' dir='ltr'><strong>alis</strong></span> <span class='ocrx_word' id='word_1_146' title='bbox 430 1597 553 1638; x_wconf 79' lang='lat' dir='ltr'><strong>pariter</strong></span> <span class='ocrx_word' id='word_1_147' title='bbox 563 1598 693 1638; x_wconf 82' lang='lat' dir='ltr'><strong>populos</strong></span> <span class='ocrx_word' id='word_1_148' title='bbox 707 1600 852 1636; x_wconf 74' lang='lat' dir='ltr'><strong>togatos:</strong></span> <span class='ocrx_word' id='word_1_149' title='bbox 875 1607 943 1629; x_wconf 82' lang='lat' dir='ltr'><strong>cum</strong></span> <span class='ocrx_word' id='word_1_150' title='bbox 962 1597 1052 1629; x_wconf 77' lang='lat' dir='ltr'><strong>beata</strong></span> <span class='ocrx_word' id='word_1_151' title='bbox 1076 1607 1184 1638; x_wconf 79' lang='lat' dir='ltr'><strong>pascas</strong></span> <span class='ocrx_word' id='word_1_152' title='bbox 1208 1600 1256 1628; x_wconf 79' lang='lat' dir='ltr'><strong>tot</strong></span> <span class='ocrx_word' id='word_1_153' title='bbox 1277 1598 1432 1634; x_wconf 79' lang='lat' dir='ltr'><strong>nationes,</strong></span> <span class='ocrx_word' id='word_1_154' title='bbox 1455 1608 1516 1629; x_wconf 82' lang='lat' dir='ltr'><strong>mm</strong></span> <span class='ocrx_word' id='word_1_155' title='bbox 1529 1598 1626 1631; x_wconf 72' lang='lat' dir='ltr'><strong>sentis</strong></span> <span class='ocrx_word' id='word_1_156' title='bbox 1638 1607 1690 1629; x_wconf 74' lang='lat' dir='ltr'><strong>su-</strong></span> 
     </span>
     <span class='ocr_line' id='line_1_24' title="bbox 223 1639 1690 1683; baseline 0.001 -13"><span class='ocrx_word' id='word_1_157' title='bbox 223 1639 322 1679; x_wconf 83' lang='lat' dir='ltr'><strong>perba</strong></span> <span class='ocrx_word' id='word_1_158' title='bbox 339 1639 465 1680; x_wconf 72' lang='lat' dir='ltr'><strong>hujusce</strong></span> <span class='ocrx_word' id='word_1_159' title='bbox 487 1640 552 1672; x_wconf 78' lang='lat' dir='ltr'><strong>diei</strong></span> <span class='ocrx_word' id='word_1_160' title='bbox 577 1643 712 1672; x_wconf 71' lang='lat' dir='ltr'><strong>sumtum</strong></span> <span class='ocrx_word' id='word_1_161' title='bbox 733 1639 907 1681; x_wconf 75' lang='lat' dir='ltr'><strong>profusum.</strong></span> <span class='ocrx_word' id='word_1_162' title='bbox 953 1640 972 1670; x_wconf 88' lang='lat'><em>1</em></span> <span class='ocrx_word' id='word_1_163' title='bbox 997 1650 1089 1677; x_wconf 80' lang='lat' dir='ltr'><strong>nunc,</strong></span> <span class='ocrx_word' id='word_1_164' title='bbox 1114 1639 1297 1682; x_wconf 72' lang='lat' dir='ltr'><strong>antiquitas,</strong></span> <span class='ocrx_word' id='word_1_165' title='bbox 1321 1640 1424 1679; x_wconf 71' lang='lat' dir='ltr'><strong>confer</strong></span> <span class='ocrx_word' id='word_1_166' title='bbox 1446 1644 1571 1673; x_wconf 79' lang='lat' dir='ltr'><strong>oetatem</strong></span> <span class='ocrx_word' id='word_1_167' title='bbox 1593 1641 1690 1683; x_wconf 78' lang='lat' dir='ltr'><strong>prisci</strong></span> 
     </span>
    </p>
   </div>
   <div class='ocr_carea' id='block_1_6' title="bbox 841 1735 1076 1748">
    <p class='ocr_par' dir='ltr' id='par_1_11' title="bbox 841 1735 1076 1748">
     <span class='ocr_line' id='line_1_25' title="bbox 841 1735 1076 1748; baseline 0 -1"><span class='ocrx_word' id='word_1_168' title='bbox 841 1735 1076 1748; x_wconf 66' lang='lat' dir='ltr'><strong>eeeeeeeeeeee</strong></span> 
     </span>
    </p>
   </div>
   <div class='ocr_carea' id='block_1_7' title="bbox 228 1799 1688 1887">
    <p class='ocr_par' dir='ltr' id='par_1_12' title="bbox 228 1799 1688 1887">
     <span class='ocr_line' id='line_1_26' title="bbox 228 1799 1687 1841; baseline 0.002 -10"><span class='ocrx_word' id='word_1_169' title='bbox 228 1803 302 1838; x_wconf 81' lang='lat' dir='ltr'><strong>tem,</strong></span> <span class='ocrx_word' id='word_1_170' title='bbox 322 1799 469 1832; x_wconf 85' lang='lat' dir='ltr'><strong>debetur</strong></span> <span class='ocrx_word' id='word_1_171' title='bbox 496 1801 806 1841; x_wconf 80' lang='lat' dir='ltr'><strong>Marklando,—26</strong></span> <span class='ocrx_word' id='word_1_172' title='bbox 832 1802 876 1833; x_wconf 85' lang='lat' dir='ltr'><strong>Et</strong></span> <span class='ocrx_word' id='word_1_173' title='bbox 901 1801 975 1832; x_wconf 79' lang='lat' dir='ltr'><strong>latis</strong></span> <span class='ocrx_word' id='word_1_174' title='bbox 1001 1801 1168 1834; x_wconf 83' lang='lat' dir='ltr'><strong>Venet.1.</strong></span> <span class='ocrx_word' id='word_1_175' title='bbox 1194 1801 1308 1833; x_wconf 76' lang='lat' dir='ltr'><strong>Parm-</strong></span> <span class='ocrx_word' id='word_1_176' title='bbox 1334 1801 1435 1834; x_wconf 86' lang='lat' dir='ltr'><strong>Rom.</strong></span> <span class='ocrx_word' id='word_1_177' title='bbox 1458 1800 1687 1834; x_wconf 82' lang='lat' dir='ltr'><strong>Aldd.c‹›lin.</strong></span> 
     </span>
     <span class='ocr_line' id='line_1_27' title="bbox 228 1843 1688 1887; baseline 0.001 -12"><span class='ocrx_word' id='word_1_178' title='bbox 228 1843 359 1884; x_wconf 86' lang='lat' dir='ltr'><strong>Gryph.</strong></span> <span class='ocrx_word' id='word_1_179' title='bbox 374 1848 410 1876; x_wconf 91' lang='lat' dir='ltr'><strong>et</strong></span> <span class='ocrx_word' id='word_1_180' title='bbox 426 1844 535 1876; x_wconf 86' lang='lat' dir='ltr'><strong>Basil.</strong></span> <span class='ocrx_word' id='word_1_181' title='bbox 562 1845 604 1876; x_wconf 77' lang='lat' dir='ltr'><strong>Et</strong></span> <span class='ocrx_word' id='word_1_182' title='bbox 620 1845 705 1877; x_wconf 83' lang='lat' dir='ltr'><strong>loetis</strong></span> <span class='ocrx_word' id='word_1_183' title='bbox 720 1845 844 1876; x_wconf 85' lang='lat' dir='ltr'><strong>Morel.</strong></span> <span class='ocrx_word' id='word_1_184' title='bbox 861 1850 898 1876; x_wconf 87' lang='lat' dir='ltr'><strong>et</strong></span> <span class='ocrx_word' id='word_1_185' title='bbox 914 1844 1128 1876; x_wconf 75' lang='lat' dir='ltr'><strong>Markl.—33</strong></span> <span class='ocrx_word' id='word_1_186' title='bbox 1154 1844 1210 1875; x_wconf 84' lang='lat' dir='ltr'><strong>Illi</strong></span> <span class='ocrx_word' id='word_1_187' title='bbox 1237 1844 1375 1876; x_wconf 80' lang='lat' dir='ltr'><strong>Massica</strong></span> <span class='ocrx_word' id='word_1_188' title='bbox 1390 1844 1478 1887; x_wconf 83' lang='lat' dir='ltr'><strong>conj.</strong></span> <span class='ocrx_word' id='word_1_189' title='bbox 1502 1844 1627 1878; x_wconf 83' lang='lat' dir='ltr'><strong>Markl.</strong></span> <span class='ocrx_word' id='word_1_190' title='bbox 1651 1850 1688 1877; x_wconf 74' lang='lat' dir='ltr'><strong>at</strong></span> 
     </span>
    </p>
   </div>
   <div class='ocr_carea' id='block_1_8' title="bbox 885 1940 1027 1974">
    <p class='ocr_par' dir='ltr' id='par_1_13' title="bbox 885 1940 1027 1974">
     <span class='ocr_line' id='line_1_28' title="bbox 885 1940 1027 1974; baseline 0 0"><span class='ocrx_word' id='word_1_191' title='bbox 885 1940 1027 1974; x_wconf 83' lang='lat' dir='ltr'>NOTAE</span> 
     </span>
    </p>
   </div>
   <div class='ocr_carea' id='block_1_9' title="bbox 218 2002 928 2803">
    <p class='ocr_par' dir='ltr' id='par_1_14' title="bbox 222 2002 928 2149">
     <span class='ocr_line' id='line_1_29' title="bbox 266 2002 927 2046; baseline 0.005 -13"><span class='ocrx_word' id='word_1_192' title='bbox 266 2005 308 2034; x_wconf 78' lang='lat'><strong>27</strong></span> <span class='ocrx_word' id='word_1_193' title='bbox 333 2002 446 2035; x_wconf 82' lang='lat' dir='ltr'><strong>Nostri</strong></span> <span class='ocrx_word' id='word_1_194' title='bbox 470 2003 578 2044; x_wconf 80' lang='lat' dir='ltr'><strong>Jovis]</strong></span> <span class='ocrx_word' id='word_1_195' title='bbox 599 2003 801 2046; x_wconf 79' lang='lat' dir='ltr'><strong>Domitiani,</strong></span> <span class='ocrx_word' id='word_1_196' title='bbox 821 2004 927 2046; x_wconf 87' lang='lat' dir='ltr'><strong>quise</strong></span> 
     </span>
     <span class='ocr_line' id='line_1_30' title="bbox 223 2053 928 2097; baseline 0.006 -13"><span class='ocrx_word' id='word_1_197' title='bbox 223 2053 336 2085; x_wconf 81' lang='lat' dir='ltr'><strong>Deum</strong></span> <span class='ocrx_word' id='word_1_198' title='bbox 360 2054 475 2086; x_wconf 88' lang='lat' dir='ltr'><strong>vocari</strong></span> <span class='ocrx_word' id='word_1_199' title='bbox 498 2054 645 2087; x_wconf 88' lang='lat' dir='ltr'><strong>volebat.</strong></span> <span class='ocrx_word' id='word_1_200' title='bbox 688 2055 823 2097; x_wconf 82' lang='lat' dir='ltr'><strong>Imbres]</strong></span> <span class='ocrx_word' id='word_1_201' title='bbox 843 2055 928 2088; x_wconf 87' lang='lat' dir='ltr'><strong>Mis·</strong></span> 
     </span>
     <span class='ocr_line' id='line_1_31' title="bbox 222 2105 681 2149; baseline 0.007 -13"><span class='ocrx_word' id='word_1_202' title='bbox 222 2105 334 2137; x_wconf 89' lang='lat' dir='ltr'><strong>silium</strong></span> <span class='ocrx_word' id='word_1_203' title='bbox 351 2105 497 2146; x_wconf 74' lang='lat' dir='ltr'><strong>scilicet,</strong></span> <span class='ocrx_word' id='word_1_204' title='bbox 513 2110 551 2139; x_wconf 86' lang='lat' dir='ltr'><strong>nt</strong></span> <span class='ocrx_word' id='word_1_205' title='bbox 566 2117 681 2149; x_wconf 85' lang='lat' dir='ltr'><strong>supra.</strong></span> 
     </span>
    </p>

    <p class='ocr_par' dir='ltr' id='par_1_15' title="bbox 221 2156 928 2403">
     <span class='ocr_line' id='line_1_32' title="bbox 265 2156 926 2199; baseline 0.005 -12"><span class='ocrx_word' id='word_1_206' title='bbox 265 2158 308 2187; x_wconf 89' lang='grc'><strong>28</strong></span> <span class='ocrx_word' id='word_1_207' title='bbox 333 2156 467 2198; x_wconf 72' lang='lat' dir='ltr'><strong>Canens]</strong></span> <span class='ocrx_word' id='word_1_208' title='bbox 487 2157 631 2198; x_wconf 87' lang='lat' dir='ltr'><strong>Triplex</strong></span> <span class='ocrx_word' id='word_1_209' title='bbox 657 2157 692 2189; x_wconf 90' lang='lat' dir='ltr'><strong>in</strong></span> <span class='ocrx_word' id='word_1_210' title='bbox 720 2157 926 2199; x_wconf 78' lang='lat' dir='ltr'><strong>spectaculis</strong></span> 
     </span>
     <span class='ocr_line' id='line_1_33' title="bbox 224 2207 927 2248; baseline 0.004 -11"><span class='ocrx_word' id='word_1_211' title='bbox 224 2216 345 2246; x_wconf 81' lang='lat' dir='ltr'><strong>cavea,</strong></span> <span class='ocrx_word' id='word_1_212' title='bbox 370 2217 514 2247; x_wconf 84' lang='lat' dir='ltr'><strong>summa,</strong></span> <span class='ocrx_word' id='word_1_213' title='bbox 539 2208 665 2248; x_wconf 81' lang='lat' dir='ltr'><strong>media,</strong></span> <span class='ocrx_word' id='word_1_214' title='bbox 685 2212 722 2240; x_wconf 86' lang='lat' dir='ltr'><strong>et</strong></span> <span class='ocrx_word' id='word_1_215' title='bbox 744 2207 873 2248; x_wconf 80' lang='lat' dir='ltr'><strong>infima,</strong></span> <span class='ocrx_word' id='word_1_216' title='bbox 889 2213 927 2241; x_wconf 92' lang='lat' dir='ltr'><strong>ut</strong></span> 
     </span>
     <span class='ocr_line' id='line_1_34' title="bbox 222 2258 927 2302; baseline 0.004 -14"><span class='ocrx_word' id='word_1_217' title='bbox 222 2261 343 2290; x_wconf 84' lang='lat' dir='ltr'><strong>notant</strong></span> <span class='ocrx_word' id='word_1_218' title='bbox 355 2258 412 2300; x_wconf 89' lang='lat' dir='ltr'><strong>qui</strong></span> <span class='ocrx_word' id='word_1_219' title='bbox 427 2258 471 2290; x_wconf 89' lang='lat' dir='ltr'><strong>de</strong></span> <span class='ocrx_word' id='word_1_220' title='bbox 487 2258 590 2291; x_wconf 82' lang='lat' dir='ltr'><strong>Circo</strong></span> <span class='ocrx_word' id='word_1_221' title='bbox 604 2264 640 2291; x_wconf 86' lang='lat' dir='ltr'><strong>et</strong></span> <span class='ocrx_word' id='word_1_222' title='bbox 655 2259 804 2291; x_wconf 85' lang='lat' dir='ltr'><strong>Theatro</strong></span> <span class='ocrx_word' id='word_1_223' title='bbox 819 2260 927 2302; x_wconf 90' lang='lat' dir='ltr'><strong>scrip-</strong></span> 
     </span>
     <span class='ocr_line' id='line_1_35' title="bbox 222 2309 928 2342; baseline 0.006 -4"><span class='ocrx_word' id='word_1_224' title='bbox 222 2313 366 2341; x_wconf 80' lang='lat' dir='ltr'><strong>serunt:</strong></span> <span class='ocrx_word' id='word_1_225' title='bbox 401 2318 465 2341; x_wconf 88' lang='lat' dir='ltr'><strong>nec</strong></span> <span class='ocrx_word' id='word_1_226' title='bbox 495 2309 623 2341; x_wconf 80' lang='lat' dir='ltr'><strong>theatri</strong></span> <span class='ocrx_word' id='word_1_227' title='bbox 661 2314 793 2342; x_wconf 84' lang='lat' dir='ltr'><strong>tantum</strong></span> <span class='ocrx_word' id='word_1_228' title='bbox 823 2320 928 2342; x_wconf 86' lang='lat' dir='ltr'><strong>cavea</strong></span> 
     </span>
     <span class='ocr_line' id='line_1_36' title="bbox 221 2358 893 2403; baseline 0.004 -13"><span class='ocrx_word' id='word_1_229' title='bbox 221 2358 361 2399; x_wconf 85' lang='lat' dir='ltr'><strong>dicitur,</strong></span> <span class='ocrx_word' id='word_1_230' title='bbox 376 2360 436 2391; x_wconf 84' lang='lat' dir='ltr'><strong>sed</strong></span> <span class='ocrx_word' id='word_1_231' title='bbox 455 2360 559 2401; x_wconf 83' lang='lat' dir='ltr'><strong>Circi,</strong></span> <span class='ocrx_word' id='word_1_232' title='bbox 572 2365 609 2393; x_wconf 88' lang='lat' dir='ltr'><strong>et</strong></span> <span class='ocrx_word' id='word_1_233' title='bbox 624 2360 893 2403; x_wconf 84' lang='lat' dir='ltr'><strong>Amphitheatri.</strong></span> 
     </span>
    </p>

    <p class='ocr_par' dir='ltr' id='par_1_16' title="bbox 218 2409 925 2803">
     <span class='ocr_line' id='line_1_37' title="bbox 263 2409 925 2453; baseline 0.006 -14"><span class='ocrx_word' id='word_1_234' title='bbox 263 2411 305 2440; x_wconf 74' lang='lat'><strong>33</strong></span> <span class='ocrx_word' id='word_1_235' title='bbox 331 2409 494 2450; x_wconf 76' lang='lat' dir='ltr'><strong>Murcido]</strong></span> <span class='ocrx_word' id='word_1_236' title='bbox 516 2409 572 2442; x_wconf 90' lang='lat' dir='ltr'><strong>Ab</strong></span> <span class='ocrx_word' id='word_1_237' title='bbox 587 2409 712 2443; x_wconf 80' lang='lat' dir='ltr'><strong>effectu</strong></span> <span class='ocrx_word' id='word_1_238' title='bbox 729 2410 820 2453; x_wconf 87' lang='lat' dir='ltr'><strong>quod</strong></span> <span class='ocrx_word' id='word_1_239' title='bbox 837 2421 925 2443; x_wconf 85' lang='lat' dir='ltr'><strong>mar-</strong></span> 
     </span>
     <span class='ocr_line' id='line_1_38' title="bbox 220 2457 924 2501; baseline 0.006 -12"><span class='ocrx_word' id='word_1_240' title='bbox 220 2457 315 2490; x_wconf 81' lang='lat' dir='ltr'><strong>cidos</strong></span> <span class='ocrx_word' id='word_1_241' title='bbox 341 2468 402 2491; x_wconf 82' lang='lat' dir='ltr'><strong>seu</strong></span> <span class='ocrx_word' id='word_1_242' title='bbox 424 2459 535 2492; x_wconf 85' lang='lat' dir='ltr'><strong>ebrios</strong></span> <span class='ocrx_word' id='word_1_243' title='bbox 560 2459 725 2501; x_wconf 85' lang='lat' dir='ltr'><strong>efficiant,</strong></span> <span class='ocrx_word' id='word_1_244' title='bbox 747 2465 785 2493; x_wconf 93' lang='lat' dir='ltr'><strong>ut</strong></span> <span class='ocrx_word' id='word_1_245' title='bbox 810 2461 820 2479; x_wconf 88' lang='lat'>‘</span> <span class='ocrx_word' id='word_1_246' title='bbox 834 2471 924 2493; x_wconf 87' lang='lat' dir='ltr'><strong>mors</strong></span> 
     </span>
     <span class='ocr_line' id='line_1_39' title="bbox 219 2508 924 2552; baseline 0.006 -12"><span class='ocrx_word' id='word_1_247' title='bbox 219 2508 372 2550; x_wconf 80' lang='lat' dir='ltr'><strong>psllida‚’</strong></span> <span class='ocrx_word' id='word_1_248' title='bbox 395 2509 484 2550; x_wconf 89' lang='lat' dir='ltr'><strong>quod</strong></span> <span class='ocrx_word' id='word_1_249' title='bbox 506 2514 658 2543; x_wconf 83' lang='lat' dir='ltr'><strong>mortuos</strong></span> <span class='ocrx_word' id='word_1_250' title='bbox 682 2511 828 2552; x_wconf 87' lang='lat' dir='ltr'><strong>pallidos</strong></span> <span class='ocrx_word' id='word_1_251' title='bbox 851 2512 924 2543; x_wconf 90' lang='lat' dir='ltr'><strong>red·</strong></span> 
     </span>
     <span class='ocr_line' id='line_1_40' title="bbox 219 2559 923 2603; baseline 0.006 -13"><span class='ocrx_word' id='word_1_252' title='bbox 219 2559 285 2592; x_wconf 83' lang='lat' dir='ltr'><strong>dit.</strong></span> <span class='ocrx_word' id='word_1_253' title='bbox 330 2559 477 2592; x_wconf 83' lang='lat' dir='ltr'><strong>Quidam</strong></span> <span class='ocrx_word' id='word_1_254' title='bbox 503 2561 641 2593; x_wconf 80' lang='lat' dir='ltr'><strong>Massica</strong></span> <span class='ocrx_word' id='word_1_255' title='bbox 655 2562 786 2603; x_wconf 82' lang='lat' dir='ltr'><strong>legunt.</strong></span> <span class='ocrx_word' id='word_1_256' title='bbox 831 2562 923 2594; x_wconf 77' lang='lat' dir='ltr'><strong>Mas-</strong></span> 
     </span>
     <span class='ocr_line' id='line_1_41' title="bbox 218 2609 921 2653; baseline 0.006 -12"><span class='ocrx_word' id='word_1_257' title='bbox 218 2609 326 2641; x_wconf 78' lang='lat' dir='ltr'><strong>sicum</strong></span> <span class='ocrx_word' id='word_1_258' title='bbox 342 2613 457 2640; x_wconf 74' lang='lat' dir='ltr'><strong>antem</strong></span> <span class='ocrx_word' id='word_1_259' title='bbox 481 2609 594 2641; x_wconf 87' lang='lat' dir='ltr'><strong>vinum</strong></span> <span class='ocrx_word' id='word_1_260' title='bbox 612 2611 717 2644; x_wconf 88' lang='lat' dir='ltr'><strong>totius</strong></span> <span class='ocrx_word' id='word_1_261' title='bbox 731 2611 845 2644; x_wconf 80' lang='lat' dir='ltr'><strong>Italiae</strong></span> <span class='ocrx_word' id='word_1_262' title='bbox 863 2621 921 2653; x_wconf 84' lang='lat' dir='ltr'><strong>ge-</strong></span> 
     </span>
     <span class='ocr_line' id='line_1_42' title="bbox 219 2659 922 2695; baseline 0.004 -3"><span class='ocrx_word' id='word_1_263' title='bbox 219 2659 492 2692; x_wconf 82' lang='lat' dir='ltr'><strong>nerosissimum:</strong></span> <span class='ocrx_word' id='word_1_264' title='bbox 522 2662 674 2694; x_wconf 81' lang='lat' dir='ltr'><strong>nascitur</strong></span> <span class='ocrx_word' id='word_1_265' title='bbox 703 2663 737 2695; x_wconf 88' lang='lat' dir='ltr'><strong>in</strong></span> <span class='ocrx_word' id='word_1_266' title='bbox 763 2663 922 2695; x_wconf 75' lang='lat' dir='ltr'><strong>Massicis</strong></span> 
     </span>
     <span class='ocr_line' id='line_1_43' title="bbox 218 2711 921 2754; baseline 0.007 -13"><span class='ocrx_word' id='word_1_267' title='bbox 218 2711 390 2743; x_wconf 79' lang='lat' dir='ltr'><strong>montibus</strong></span> <span class='ocrx_word' id='word_1_268' title='bbox 407 2711 612 2754; x_wconf 76' lang='lat' dir='ltr'><strong>Campania».</strong></span> <span class='ocrx_word' id='word_1_269' title='bbox 638 2712 772 2746; x_wconf 82' lang='lat' dir='ltr'><strong>Plinius</strong></span> <span class='ocrx_word' id='word_1_270' title='bbox 787 2713 848 2746; x_wconf 88' lang='lat' dir='ltr'><strong>lib.</strong></span> <span class='ocrx_word' id='word_1_271' title='bbox 863 2722 921 2746; x_wconf 77' lang='grc' dir='ltr'><strong>ιιι.</strong></span> 
     </span>
     <span class='ocr_line' id='line_1_44' title="bbox 219 2765 347 2803; baseline 0 -11"><span class='ocrx_word' id='word_1_272' title='bbox 219 2770 297 2803; x_wconf 83' lang='lat' dir='ltr'><strong>cap.</strong></span> <span class='ocrx_word' id='word_1_273' title='bbox 314 2765 347 2796; x_wconf 86' lang='lat'><strong>5.</strong></span> 
     </span>
    </p>
   </div>
   <div class='ocr_carea' id='block_1_10' title="bbox 972 2003 1688 2796">
    <p class='ocr_par' dir='ltr' id='par_1_17' title="bbox 981 2003 1688 2240">
     <span class='ocr_line' id='line_1_45' title="bbox 1026 2003 1688 2048; baseline -0.002 -11"><span class='ocrx_word' id='word_1_274' title='bbox 1026 2008 1069 2037; x_wconf 76' lang='lat'><strong>34</strong></span> <span class='ocrx_word' id='word_1_275' title='bbox 1091 2006 1194 2037; x_wconf 78' lang='lat' dir='ltr'><strong>Idoeos</strong></span> <span class='ocrx_word' id='word_1_276' title='bbox 1206 2005 1383 2048; x_wconf 74' lang='lat' dir='ltr'><strong>ministros]</strong></span> <span class='ocrx_word' id='word_1_277' title='bbox 1405 2003 1596 2046; x_wconf 79' lang='lat' dir='ltr'><strong>Ministros‚</strong></span> <span class='ocrx_word' id='word_1_278' title='bbox 1610 2004 1688 2037; x_wconf 82' lang='grc' dir='ltr'><strong><em>οἶνο-</em></strong></span> 
     </span>
     <span class='ocr_line' id='line_1_46' title="bbox 981 2054 1686 2097; baseline 0.001 -11"><span class='ocrx_word' id='word_1_279' title='bbox 981 2054 1088 2096; x_wconf 83' lang='grc' dir='ltr'><strong><em>χόους,</em></strong></span> <span class='ocrx_word' id='word_1_280' title='bbox 1112 2056 1318 2096; x_wconf 80' lang='lat' dir='ltr'><strong>pocillatores‚</strong></span> <span class='ocrx_word' id='word_1_281' title='bbox 1344 2055 1452 2097; x_wconf 81' lang='lat' dir='ltr'><strong>qualis</strong></span> <span class='ocrx_word' id='word_1_282' title='bbox 1468 2055 1686 2096; x_wconf 73' lang='lat' dir='ltr'><strong>Ganymedes</strong></span> 
     </span>
     <span class='ocr_line' id='line_1_47' title="bbox 982 2103 1686 2148; baseline -0.001 -10"><span class='ocrx_word' id='word_1_283' title='bbox 982 2106 1167 2148; x_wconf 85' lang='lat' dir='ltr'><strong>Phrygius,</strong></span> <span class='ocrx_word' id='word_1_284' title='bbox 1179 2116 1282 2148; x_wconf 83' lang='lat' dir='ltr'><strong>quem</strong></span> <span class='ocrx_word' id='word_1_285' title='bbox 1293 2105 1436 2147; x_wconf 85' lang='lat' dir='ltr'><strong>Jupiter</strong></span> <span class='ocrx_word' id='word_1_286' title='bbox 1443 2106 1560 2147; x_wconf 83' lang='lat' dir='ltr'><strong>rapuit</strong></span> <span class='ocrx_word' id='word_1_287' title='bbox 1573 2103 1608 2138; x_wconf 83' lang='lat' dir='ltr'><strong>in</strong></span> <span class='ocrx_word' id='word_1_288' title='bbox 1620 2106 1686 2138; x_wconf 76' lang='lat' dir='ltr'><strong>Ida</strong></span> 
     </span>
     <span class='ocr_line' id='line_1_48' title="bbox 981 2155 1685 2198; baseline 0 -10"><span class='ocrx_word' id='word_1_289' title='bbox 981 2162 1097 2188; x_wconf 84' lang='lat' dir='ltr'><strong>monte</strong></span> <span class='ocrx_word' id='word_1_290' title='bbox 1111 2156 1288 2198; x_wconf 83' lang='lat' dir='ltr'><strong>Phrygiae,</strong></span> <span class='ocrx_word' id='word_1_291' title='bbox 1302 2161 1340 2188; x_wconf 88' lang='lat' dir='ltr'><strong>ut</strong></span> <span class='ocrx_word' id='word_1_292' title='bbox 1355 2156 1418 2188; x_wconf 88' lang='lat' dir='ltr'><strong>sibi</strong></span> <span class='ocrx_word' id='word_1_293' title='bbox 1433 2155 1558 2197; x_wconf 78' lang='lat' dir='ltr'><strong>pocula</strong></span> <span class='ocrx_word' id='word_1_294' title='bbox 1579 2156 1685 2188; x_wconf 81' lang='lat' dir='ltr'><strong>admi-</strong></span> 
     </span>
     <span class='ocr_line' id='line_1_49' title="bbox 981 2208 1159 2240; baseline 0 -1"><span class='ocrx_word' id='word_1_295' title='bbox 981 2208 1159 2240; x_wconf 86' lang='lat' dir='ltr'><strong>nistraret.</strong></span> 
     </span>
    </p>

    <p class='ocr_par' dir='ltr' id='par_1_18' title="bbox 982 2255 1684 2342">
     <span class='ocr_line' id='line_1_50' title="bbox 1024 2255 1684 2300; baseline -0.002 -10"><span class='ocrx_word' id='word_1_296' title='bbox 1024 2261 1065 2290; x_wconf 82' lang='grc'><strong>35</strong></span> <span class='ocrx_word' id='word_1_297' title='bbox 1088 2258 1216 2299; x_wconf 85' lang='lat' dir='ltr'><strong>Orbem,</strong></span> <span class='ocrx_word' id='word_1_298' title='bbox 1231 2258 1300 2300; x_wconf 58' lang='lat' dir='ltr'><strong>&amp;eq</strong></span> <span class='ocrx_word' id='word_1_299' title='bbox 1321 2256 1538 2299; x_wconf 84' lang='lat' dir='ltr'><strong>Apostrophe</strong></span> <span class='ocrx_word' id='word_1_300' title='bbox 1554 2257 1597 2289; x_wconf 79' lang='lat' dir='ltr'><strong>ad</strong></span> <span class='ocrx_word' id='word_1_301' title='bbox 1612 2255 1684 2289; x_wconf 86' lang='lat' dir='ltr'><strong>An-</strong></span> 
     </span>
     <span class='ocr_line' id='line_1_51' title="bbox 982 2317 1118 2342; baseline 0.015 -2"><span class='ocrx_word' id='word_1_302' title='bbox 982 2317 1118 2342; x_wconf 84' lang='lat' dir='ltr'><strong>nonam.</strong></span> 
     </span>
    </p>

    <p class='ocr_par' dir='ltr' id='par_1_19' title="bbox 978 2357 1679 2451">
     <span class='ocr_line' id='line_1_52' title="bbox 1024 2357 1679 2399; baseline -0.005 -8"><span class='ocrx_word' id='word_1_303' title='bbox 1024 2362 1066 2391; x_wconf 82' lang='grc'><strong>38</strong></span> <span class='ocrx_word' id='word_1_304' title='bbox 1089 2358 1239 2399; x_wconf 76' lang='lat' dir='ltr'><strong>Annona]</strong></span> <span class='ocrx_word' id='word_1_305' title='bbox 1262 2358 1421 2399; x_wconf 79' lang='lat' dir='ltr'><strong>Annona,</strong></span> <span class='ocrx_word' id='word_1_306' title='bbox 1450 2357 1602 2398; x_wconf 76' lang='lat' dir='ltr'><strong>ubertas,</strong></span> <span class='ocrx_word' id='word_1_307' title='bbox 1631 2357 1679 2389; x_wconf 73' lang='grc' dir='ltr'><strong>εὖ·</strong></span> 
     </span>
     <span class='ocr_line' id='line_1_53' title="bbox 978 2408 1246 2451; baseline 0 -11"><span class='ocrx_word' id='word_1_308' title='bbox 978 2409 1083 2451; x_wconf 81' lang='grc' dir='ltr'><strong>φορία,</strong></span> <span class='ocrx_word' id='word_1_309' title='bbox 1111 2408 1246 2451; x_wconf 74' lang='grc' dir='ltr'>εὐπορία.</span> 
     </span>
    </p>

    <p class='ocr_par' dir='ltr' id='par_1_20' title="bbox 972 2458 1682 2796">
     <span class='ocr_line' id='line_1_54' title="bbox 1022 2458 1680 2500; baseline -0.002 -8"><span class='ocrx_word' id='word_1_310' title='bbox 1022 2461 1120 2492; x_wconf 79' lang='lat' dir='ltr'><strong>Hunc</strong></span> <span class='ocrx_word' id='word_1_311' title='bbox 1149 2462 1233 2492; x_wconf 77' lang='lat' dir='ltr'><strong>diem</strong></span> <span class='ocrx_word' id='word_1_312' title='bbox 1255 2458 1387 2500; x_wconf 80' lang='lat' dir='ltr'><strong>superba</strong></span> <span class='ocrx_word' id='word_1_313' title='bbox 1414 2458 1530 2500; x_wconf 72' lang='lat' dir='ltr'><strong>neseis]</strong></span> <span class='ocrx_word' id='word_1_314' title='bbox 1564 2459 1680 2491; x_wconf 89' lang='lat' dir='ltr'><strong>Domi-</strong></span> 
     </span>
     <span class='ocr_line' id='line_1_55' title="bbox 979 2509 1682 2551; baseline -0.003 -8"><span class='ocrx_word' id='word_1_315' title='bbox 979 2511 1069 2543; x_wconf 86' lang='lat' dir='ltr'><strong>tius:</strong></span> <span class='ocrx_word' id='word_1_316' title='bbox 1094 2511 1173 2543; x_wconf 89' lang='lat' dir='ltr'><strong>Non</strong></span> <span class='ocrx_word' id='word_1_317' title='bbox 1197 2510 1305 2542; x_wconf 82' lang='lat' dir='ltr'><strong>sentis</strong></span> <span class='ocrx_word' id='word_1_318' title='bbox 1315 2509 1486 2551; x_wconf 78' lang='lat' dir='ltr'><strong>jacturam</strong></span> <span class='ocrx_word' id='word_1_319' title='bbox 1502 2510 1606 2542; x_wconf 80' lang='lat' dir='ltr'><strong>ullam</strong></span> <span class='ocrx_word' id='word_1_320' title='bbox 1619 2510 1682 2542; x_wconf 84' lang='lat' dir='ltr'><strong>hn—</strong></span> 
     </span>
     <span class='ocr_line' id='line_1_56' title="bbox 972 2561 1679 2602; baseline 0 -10"><span class='ocrx_word' id='word_1_321' title='bbox 972 2561 1076 2602; x_wconf 88' lang='lat' dir='ltr'><strong>jusce</strong></span> <span class='ocrx_word' id='word_1_322' title='bbox 1100 2561 1182 2600; x_wconf 88' lang='lat' dir='ltr'><strong>diei,</strong></span> <span class='ocrx_word' id='word_1_323' title='bbox 1206 2570 1271 2592; x_wconf 82' lang='lat' dir='ltr'><strong>nec</strong></span> <span class='ocrx_word' id='word_1_324' title='bbox 1297 2561 1679 2602; x_wconf 21' lang='lat' dir='ltr'><strong>proptereavpeunriam</strong></span> 
     </span>
     <span class='ocr_line' id='line_1_57' title="bbox 978 2609 1680 2644; baseline 0.001 -1"><span class='ocrx_word' id='word_1_325' title='bbox 978 2611 1028 2643; x_wconf 77' lang='lat' dir='ltr'><strong>tui</strong></span> <span class='ocrx_word' id='word_1_326' title='bbox 1056 2609 1193 2643; x_wconf 81' lang='lat' dir='ltr'><strong>afferes.</strong></span> <span class='ocrx_word' id='word_1_327' title='bbox 1239 2610 1430 2642; x_wconf 82' lang='lat' dir='ltr'><strong>Domitiani</strong></span> <span class='ocrx_word' id='word_1_328' title='bbox 1457 2615 1571 2643; x_wconf 81' lang='lat' dir='ltr'><strong>autem</strong></span> <span class='ocrx_word' id='word_1_329' title='bbox 1606 2612 1680 2644; x_wconf 76' lang='lat' dir='ltr'><strong>laus</strong></span> 
     </span>
     <span class='ocr_line' id='line_1_58' title="bbox 974 2660 1678 2703; baseline -0.001 -9"><span class='ocrx_word' id='word_1_330' title='bbox 974 2665 1048 2701; x_wconf 78' lang='lat' dir='ltr'><strong>est3</strong></span> <span class='ocrx_word' id='word_1_331' title='bbox 1072 2661 1143 2703; x_wconf 90' lang='lat' dir='ltr'><strong>qui,</strong></span> <span class='ocrx_word' id='word_1_332' title='bbox 1159 2665 1197 2692; x_wconf 89' lang='lat' dir='ltr'><strong>ut</strong></span> <span class='ocrx_word' id='word_1_333' title='bbox 1213 2660 1335 2693; x_wconf 78' lang='lat' dir='ltr'><strong>scribit</strong></span> <span class='ocrx_word' id='word_1_334' title='bbox 1349 2660 1547 2698; x_wconf 86' lang='lat' dir='ltr'><strong>Suetonius,</strong></span> <span class='ocrx_word' id='word_1_335' title='bbox 1558 2661 1678 2693; x_wconf 75' lang='lat' dir='ltr'><strong>vitium</strong></span> 
     </span>
     <span class='ocr_line' id='line_1_59' title="bbox 975 2710 1679 2753; baseline 0 -9"><span class='ocrx_word' id='word_1_336' title='bbox 975 2721 1090 2744; x_wconf 83' lang='lat' dir='ltr'><strong>curam</strong></span> <span class='ocrx_word' id='word_1_337' title='bbox 1120 2711 1249 2743; x_wconf 83' lang='lat' dir='ltr'><strong>remitti</strong></span> <span class='ocrx_word' id='word_1_338' title='bbox 1272 2710 1389 2753; x_wconf 72' lang='lat' dir='ltr'><strong>jussit,</strong></span> <span class='ocrx_word' id='word_1_339' title='bbox 1407 2715 1446 2744; x_wconf 82' lang='lat' dir='ltr'><strong>ut</strong></span> <span class='ocrx_word' id='word_1_340' title='bbox 1461 2711 1573 2752; x_wconf 83' lang='lat' dir='ltr'><strong>major</strong></span> <span class='ocrx_word' id='word_1_341' title='bbox 1587 2716 1679 2744; x_wconf 76' lang='lat' dir='ltr'><strong>esset</strong></span> 
     </span>
     <span class='ocr_line' id='line_1_60' title="bbox 975 2762 1306 2796; baseline -0.006 0"><span class='ocrx_word' id='word_1_342' title='bbox 975 2773 1116 2796; x_wconf 77' lang='lat' dir='ltr'><strong>annonae</strong></span> <span class='ocrx_word' id='word_1_343' title='bbox 1132 2762 1306 2795; x_wconf 78' lang='lat' dir='ltr'><strong>fertilitas.</strong></span> 
     </span>
    </p>
   </div>
  </div>
 </body>
</html>
