1800 3060
347 475 446 549 P.
530 475 1045 551 PAPINII.
1121 477 1526 554 STATII

604 666 1261 727 SYLVARUM

755 849 976 898 LIBER
1034 849 1109 898 ΙΙ.

601 1191 667 1221 ΑΙ.)
700 1191 967 1221 MELIOREM
981 1197 997 1227 †
1039 1188 1303 1224 ATEDIUM.¹

204 1248 295 1306 Er
331 1262 617 1306 familiaritas
653 1267 820 1314 nostra,
850 1277 939 1318 qua
969 1265 1152 1319 gaudeo,
1185 1266 1353 1308 Melior
1382 1267 1448 1309 vir
1483 1269 1664 1323 optime,

205 1345 289 1374 nec
314 1332 460 1373 minus
478 1332 524 1373 in
538 1331 712 1385 judicio
733 1331 970 1382 literarum,
1002 1345 1135 1386 quam
1157 1334 1202 1374 in
1224 1335 1345 1375 omni
1366 1335 1469 1376 vitae
1489 1336 1666 1377 colore²

201 1397 477 1449 tersissimest’
506 1402 553 1440 et
586 1399 690 1453 ipsa
719 1398 1048 1453 opusculorum,
1071 1413 1173 1453 quae
1195 1401 1274 1442 tibi
1296 1401 1438 1452 trado,
1469 1401 1664 1443 conditio

204 1467 270 1508 sic
289 1469 442 1521 posita
463 1471 549 1517 est,
570 1470 619 1508 ut
639 1471 756 1508 totus
777 1466 848 1507 hic
870 1467 982 1508 alter
1005 1467 1114 1508 liber
1134 1481 1256 1509 meus
1275 1470 1410 1511 etiam
1431 1469 1527 1510 sine
1544 1470 1664 1523 epis-

204 1535 295 1576 tola
311 1539 604 1590 expectetur.c
665 1535 865 1576 Primum
885 1534 999 1576 enim
1020 1534 1154 1577 habet
1170 1534 1430 1578 Glauciamd
1449 1541 1664 1586 nostrum,

205 1602 335 1657 cujus
357 1603 654 1657 gratissimam
674 1600 923 1652 infantiam,
944 1605 988 1643 et
1018 1602 1222 1656 qualeme
1252 1604 1507 1658 plerumque
1526 1602 1666 1645 infeli-

204 1682 278 1711 ces
314 1672 569 1721 sortiuntur‚
600 1670 718 1725 apud
753 1674 796 1711 te
832 1670 1093 1724 complexus
1130 1673 1368 1714 amabam.²
1425 1671 1456 1714 J
1459 1686 1529 1714 am
1559 1683 1665 1714 vero

818 1779 1054 1792 mmOnm

249 1836 267 1866 1
292 1832 417 1866 Statius
431 1833 562 1866 Meliori
586 1844 640 1865 suo
666 1834 701 1866 S.
717 1835 837 1866 Barth.
854 1840 890 1867 et
914 1835 1066 1868 Gronov.
1084 1845 1126 1867 ex
1142 1835 1244 1868 codd.
1266 1834 1321 1868 Aa
1337 1836 1501 1868 Meliorem
1514 1835 1665 1868 Aledium

204 1876 345 1909 Venett.
360 1878 455 1909 Rom.
470 1876 578 1908 Aldd.
591 1877 702 1909 Colin.
726 1877 859 1918 Gryph.
887 1878 991 1910 Basil.
1012 1879 1117 1910 Rern.
1132 1879 1215 1910 Till.
1233 1879 1333 1911 Cruc.
1349 1881 1477 1911 δια-2
1498 1880 1508 1896 ‘
1526 1880 1666 1910 Prosam

204 1928 273 1951 non
300 1920 392 1960 sapit
419 1920 505 1951 hoc:
530 1929 592 1951 nec
618 1920 733 1951 sensui
760 1919 940 1952 satisfacit.
977 1922 1090 1962 Lege:
1113 1923 1197 1962 apud
1216 1925 1248 1953 te
1268 1923 1444 1962 complexus
1471 1921 1669 1954 admirabar:

204 1962 373 2004 scriptum
390 1968 466 1994 erat
481 1963 692 2000 ammirabar,·
715 1963 805 2005 quod
826 1973 890 1995 uon
916 1964 1148 2006 intelligentes
1174 1963 1332 1997 fecerunt
1353 1964 1514 1996 amabam.'
1539 1964 1665 1997 Markl.

866 2049 1008 2082 NOTAE

251 2119 265 2147 ἡ
288 2113 471 2154 Meliorem]
498 2113 624 2146 Melior
647 2117 910 2155 cognomentum
963 2114 974 2132 ‘
995 2114 1144 2147 tersum'
1160 2114 1306 2147 nitidum
1321 2114 1535 2157 appellamus
1550 2118 1586 2147 et
1609 2125 1668 2157 po-

206 2162 422 2255 Atfdgolore]
454 2214 599 2246 Habitu.
644 2215 778 2247 Dicunt
793 2215 911 2247 Graeci
964 2165 1254 2258 ht‘¹²¹nlilatpectetur]
1276 2215 1415 2248 Debeat
1441 2225 1460 2248 a
1484 2220 1520 2248 te
1543 2225 1668 2257 expec-

204 2266 325 2305 χρῶμα.
370 2265 498 2297 Sumsit
513 2265 554 2297 ab
578 2265 723 2297 Horatio
738 2274 779 2298 n.
791 2265 864 2298 Sat.
882 2269 911 2298 1.
965 2267 1045 2300 tari.
1613 2280 1616 2285 ¹

204 2316 214 2333 ‘
234 2315 400 2358 Quisquis
436 2315 503 2348 erit
538 2316 633 2356 vitae,
664 2316 826 2355 scribam,
855 2326 911 2348 co-

206 2365 279 2398 lor!

250 2416 264 2437 ¹³
290 2416 487 2457 Tersissime]
511 2417 569 2448 De
594 2418 658 2449 lioc
682 2417 829 2450 Meliore
843 2417 910 2450 dis-

206 2466 314 2498 cimus
343 2477 386 2498 ex
412 2467 537 2507 Statio,
562 2467 696 2500 Arbore
717 2468 848 2507 Atedii,
870 2479 911 2501 ac

206 2517 361 2549 Martiali
385 2518 444 2549 lib.
461 2527 510 2550 tv.
527 2519 593 2560 Ep.
609 2522 663 2551 54.
686 2519 771 2552 adeo
797 2521 911 2562 splen-

206 2567 299 2599 didae
316 2577 358 2599 ac
383 2568 551 2608 elegantis
568 2569 647 2600 vitae
662 2567 781 2610 fuisse,
797 2575 835 2601 ut
854 2579 912 2611 pe-

207 2618 328 2649 culiari
352 2617 486 2649 nomine
513 2617 556 2648 ab
578 2623 723 2660 utroque
741 2620 750 2637 ⁴
764 2619 912 2652 nitidus'

208 2673 402 2700 vocaretur.
446 2667 547 2701 Quod
572 2668 627 2699 hic
655 2678 719 2709 per
739 2669 824 2702 illud
846 2673 912 2702 ter-

206 2719 329 2750 sissime
354 2717 594 2749 adumbratum
622 2723 690 2758 est,
717 2724 867 2752 tractum
893 2731 914 2753 a

208 2769 218 2785 ‘
239 2767 354 2810 tergo'
375 2767 468 2810 quod
495 2772 561 2810 est,
588 2768 737 2810 mundo;
763 2771 852 2804 unde
877 2775 914 2804 et

1008 2317 1023 2338 θ
1047 2316 1230 2358 Glauciam]
1254 2317 1296 2348 Id
1312 2316 1590 2358 est,Epicedium
1606 2327 1666 2349 seu

966 2377 1102 2399 carmen
1121 2368 1163 2399 de
1178 2372 1290 2399 morte
1305 2367 1472 2399 Glauciae.

1008 2423 1022 2439 θ
1047 2418 1194 2458 Qualem]
1218 2418 1259 2449 Id
1286 2422 1352 2458 est,
1371 2416 1670 2460 jucundissimam,

966 2469 1076 2510 qualis
1090 2478 1166 2500 esse
1188 2468 1275 2499 solet
1289 2468 1323 2499 in
1339 2467 1455 2509 pueris
1478 2467 1553 2499 cito
1571 2469 1671 2500 mori-

967 2518 1064 2550 turis.
1109 2517 1342 2551 Quintilianus
1364 2517 1406 2549 de
1431 2516 1501 2549 filio
1515 2523 1669 2552 mortuo:

965 2571 976 2588 ‘
993 2570 1224 2602 Observatum
1241 2569 1342 2602 facile
1360 2575 1424 2610 est,
1439 2570 1599 2603 occidere
1613 2581 1669 2603 ce-

965 2622 1070 2653 lerius
1107 2620 1302 2652 festinatam
1340 2620 1598 2662 maturitatem‚'
1633 2627 1670 2654 et

966 2670 1138 2702 Martialis
1167 2670 1210 2702 de
1234 2670 1356 2702 eodem
1385 2670 1552 2702 Glaucia:
1576 2672 1585 2688 ¹
1603 2671 1671 2702 Im-

966 2720 1110 2753 modicis
1134 2721 1248 2754 brevis
1275 2726 1329 2754 est
1354 2725 1440 2753 aetas
1464 2726 1500 2754 et
1521 2730 1598 2753 rai-a
1621 2731 1672 2754 se-

968 2770 1113 2804 uectus?
