1800 3060
248 209 336 251 396

444 221 483 250 1³.
517 219 708 250 PAPINll
743 219 904 250 s'rATll
941 221 1216 252 st‘ARUM
1252 222 1345 251 Llss.
1379 223 1451 254 ΙΙΙ,
1474 213 1514 253 5.

251 315 366 366 Quae
386 329 513 357 meus
535 321 635 357 ante
658 316 772 358 alios
799 316 1014 358 habitator
1045 317 1218 358 Pollius
1241 321 1398 370 auget:

247 384 530 438 AEnarioeque
549 384 671 425 lacus
688 385 903 435 medicos,
925 386 1216 439 Statinasque
1234 393 1427 428 renatas,

251 450 378 492 Mille
400 452 480 493 tibi
500 456 661 494 nostrae
680 452 860 494 referam
881 453 1051 494 telluris
1072 467 1267 494 amores:

1615 454 1700 495 105

251 517 339 559 Sed
356 519 464 560 satis
485 519 586 569 hoc,
607 519 787 574 conjux,
808 520 920 561 satis
941 520 1027 562 hoc
1050 521 1234 571 dixisse,
1259 522 1426 563 creavit

253 585 331 627 Me
354 587 450 637 tibi,
472 601 541 628 me
562 588 734 629 socium
753 588 912 641 longos
933 589 1147 631 astrinxit
1166 591 1211 630 in
1230 601 1383 630 annos.

253 653 410 695 Nonne
429 655 526 696 haec
548 656 774 698 amborum
791 656 997 710 genitrix,
1019 657 1241 710 altrixque
1262 657 1403 699 videri

253 721 436 775 Digna?
459 723 537 763 sed
558 724 754 776 ingratus
776 725 851 778 qui
873 725 1001 779 plura
1023 731 1226 774 annect0,
1249 726 1424 780 tuisque

252 789 454 831 Moribus
473 791 699 834 indubito:
722 794 882 843 venies,
904 793 1135 834 carissima
1156 793 1337 847 conjux,

1619 793 1703 834 110

250 857 592 912 Praeveniesque
615 859 775 901 etiam:
801 860 894 901 sine
913 874 981 901 me
1004 860 1082 901 tibi
1104 860 1257 901 ductor
1273 873 1486 916 aquarum

249 924 427 978 Tybris,
447 929 489 967 et
507 927 695 968 armiferi
716 928 954 970 sordebunt
975 934 1094 970 tecta
1117 927 1307 979 Quirini.

248 1057 279 1084 et
295 1055 400 1086 inultis
413 1054 558 1096 «edificiis
571 1057 738 1100 amplificat
755 1062 786 1089 et
796 1059 936 1090 salubres
950 1068 1046 1099 aquas
1063 1059 1214 1098 AEnafiae,
1226 1061 1257 1090 et
1270 1058 1415 1090 Statinos
1427 1068 1534 1090 mrsu-s
1547 1066 1703 1097 emergen-

247 1100 305 1127 tes.
354 1098 496 1129 Narrabo
512 1100 572 1132 libi
587 1101 674 1132 mille
683 1102 812 1132 delicias
826 1105 940 1133 nostrae
954 1103 1078 1142 patrioe.
1124 1102 1186 1133 Sed
1201 1102 1312 1144 sufficit
1327 1102 1394 1139 hoc,
1418 1111 1509 1139 uxor,
1523 1101 1635 1143 sufficit
1649 1100 1705 1131 hoc

248 1140 376 1178 dixisse,
389 1142 508 1183 peperit
518 1153 566 1174 me
575 1144 650 1180 tibi,
664 1155 711 1175 me
722 1145 780 1175 libi
792 1145 906 1176 socium
918 1146 1024 1184 longos
1034 1145 1068 1176 in
1078 1155 1174 1176 annos
1184 1145 1356 1184 conjunxit.
1377 1145 1485 1176 Nonne
1494 1145 1559 1175 hoec
1572 1146 1705 1174 meretur

247 1182 355 1215 haberi
369 1189 480 1221 mater,
494 1189 524 1216 et
539 1188 652 1218 nutrix
665 1186 847 1220 amborum?
861 1190 915 1219 sed
924 1189 1046 1219 odiosus
1060 1198 1138 1228 sum,
1151 1189 1204 1229 qui
1219 1190 1310 1228 plura
1322 1188 1470 1227 adiungo,
1485 1191 1515 1218 et
1524 1186 1630 1229 diffido
1641 1185 1705 1216 iuis

249 1226 393 1258 moribus.
440 1229 511 1259 Non
531 1230 628 1261 solum
644 1231 758 1270 venies,
773 1241 853 1261 uxor
866 1231 1080 1271 dilectissima,
1104 1234 1156 1262 sed
1172 1231 1268 1262 etium
1288 1241 1335 1262 me
1356 1234 1531 1270 praevertes.
1578 1228 1707 1271 Tyberis

248 1279 306 1300 rex
320 1271 470 1311 amnium,
484 1275 514 1303 et
529 1275 612 1304 tecta
625 1273 759 1304 bellicosi
776 1274 905 1310 Quirini
919 1274 986 1305 sine
1000 1285 1047 1305 me
1063 1284 1123 1305 non
1137 1274 1196 1305 tibi
1209 1274 1383 1315 placebunt.

856 1373 1098 1386 eeeeeeeeeeee

250 1437 346 1477 tioni,
359 1438 468 1469 donec
485 1439 605 1471 melius
621 1440 757 1482 aliquod
775 1441 961 1480 contingat,
976 1441 1132 1474 adbaeret
1156 1441 1497 1473 Marklandns.—1o4
1520 1441 1590 1472 Pro
1605 1441 1705 1473 ΛΕΜ·

247 1480 365 1522 riaeque
381 1482 525 1514 Domitii
542 1483 714 1515 Calderini
725 1484 863 1516 codices
876 1484 1062 1524 habebant,
1081 1486 1296 1526 Tanarumque
1308 1495 1320 1521 ‚·
1332 1485 1445 1516 Parm.
1477 1484 1705 1524 Denarumque.

249 1524 532 1557 Emendationem
547 1526 706 1566 Domitii,
716 1537 812 1568 quam
824 1527 989 1559 exhibent
1000 1527 1206 1559 Rom.Aldd.
1216 1527 1323 1559 Colin.
1335 1527 1467 1568 Gryph.
1479 1527 1704 1558 Baan'lant.

248 1569 312 1598 ὅτε.
326 1566 505 1600 confirmat
521 1569 607 1601 Plin.
620 1570 702 1602 Nat.
715 1570 808 1602 Hist.
822 1571 843 1601 l.
855 1579 946 1601 xxx.
962 1580 992 1602 c.
1003 1573 1034 1602 2.
1064 1570 1197 1602 Auctor
1209 1575 1324 1602 tamen
1338 1571 1448 1602 AEtnae
1460 1572 1535 1601 428.
1547 1569 1708 1610 producit

249 1610 435 1641 secundam
457 1612 602 1643 AEnariae
626 1613 790 1653 syllabam
805 1624 814 1644 :
849 1614 858 1630 ‘
877 1613 1011 1645 Dicitur
1030 1613 1165 1645 indiciis
1191 1612 1338 1654 flagrans
1363 1613 1496 1644 AEnaria
1512 1612 1707 1654 quondam.'

247 1655 357 1685 —106
380 1653 436 1685 Ita
451 1653 555 1686 Aldd.
572 1655 684 1687 Colin.
703 1655 836 1697 Grypli.
852 1656 956 1687 Basil.
975 1657 1088 1687 Plant.
1101 1658 1164 1687 διο.
1191 1656 1383 1687 Parmensis
1395 1655 1556 1687 exhibet:
1580 1654 1642 1686 Sed
1655 1665 1707 1686 sa-

247 1695 290 1726 tis
306 1696 372 1727 haec
386 1697 499 1736 conjux
509 1697 588 1729 satis
601 1702 647 1730 ent
661 1698 800 1735 dimissu
824 1699 991 1730 Romana:
1017 1699 1079 1731 Sed
1097 1701 1176 1730 sotis
1187 1699 1244 1731 hoc
1255 1699 1367 1739 conjux
1376 1698 1456 1730 satis
1466 1695 1705 1730 dixisse—111

249 1738 319 1788 Pro
337 1741 590 1782 proeveniensque
611 1741 729 1779 etiaim
761 1743 828 1773 sine
849 1752 910 1778 me,
934 1743 987 1783 asc.
1022 1742 1137 1773 Parin.
1159 1743 1321 1784 pervenies
1333 1745 1364 1774 el
1379 1742 1446 1773 siae
1460 1752 1508 1772 me
1519 1752 1532 1780 ;
1554 1741 1708 1773 Romana

248 1786 364 1823 etiam,
372 1783 544 1823 pen-enies.

905 1848 1047 1880 NOTAE

1005 1919 1150 1959 Statina,
1179 1919 1290 1950 insula
1317 1919 1351 1950 iu
1378 1918 1496 1949 littore
1522 1917 1710 1959 Campano.

1005 1970 1058 2000 Ex
1074 1979 1139 2010 quo
1155 1968 1293 2010 Papinii
1318 1968 1392 2000 loco
1419 1967 1610 1999 illustratur
1637 1968 1707 1999 Pli-

247 1917 364 1959 gebat,
389 1923 426 1950 et
450 1919 673 1958 ‘generosum
699 1919 855 1950 acetum’
879 1919 950 1951 dic-

249 1973 321 2000 tum
349 1973 402 2000 est
428 1979 447 2000 a
470 1969 622 2001 Tiberio.
668 1969 758 2001 Vide
773 1980 848 2011 qnae
864 1969 951 2000 dixi-

248 2027 323 2049 mus
339 2018 381 2049 de
394 2019 472 2050 vino
483 2019 685 2051 Surrentino
702 2029 752 2050 vs,
764 2022 796 2051 4.
810 2020 951 2051 Surren-

249 2067 325 2100 tini.

294 2122 355 2151 103
367 2119 491 2160 Augei]
512 2119 706 2158 Magnificis
722 2119 856 2151 scilicet
869 2119 951 2151 aedi-

248 2169 349 2209 ficiis,
365 2179 406 2201 ac
423 2170 552 2210 templo
566 2170 738 2201 Herculis.
768 2170 857 2201 Vide
873 2171 952 2201 Sur-

249 2221 420 2252 reminum
434 2220 538 2252 Pollii
552 2225 589 2251 et
607 2220 791 2252 Herculem
808 2220 951 2252 Surren-

249 2272 369 2303 tinum·
413 2271 521 2313 Meus]
550 2272 641 2305 Quia
667 2271 796 2303 Pollius
822 2273 952 2304 amicus

250 2326 324 2353 erat
339 2322 491 2362 Papinii.

295 2375 356 2404 104
371 2372 569 2413 AEnariaeque
585 2372 672 2403 lacus
685 2371 833 2413 medicos]
855 2373 954 2405 AEna-

251 2423 303 2455 ria
319 2429 393 2455 erat
416 2424 527 2455 insula
546 2424 651 2465 juxta
675 2425 870 2465 Neapolim,
897 2425 952 2457 ubi

251 2484 348 2515 aquae
377 2474 627 2514 scaturiebant,
661 2485 737 2516 quae
775 2475 954 2507 calculosis

251 2524 489 2563 medebantur,
517 2529 555 2556 ut
585 2531 707 2556 auctor
738 2531 790 2556 est
820 2526 953 2557 Plinius

251 2575 310 2607 lib.
324 2583 429 2607 xxxi.
446 2584 523 2615 cap.
541 2577 591 2607 11.
610 2576 740 2607 idcirco
757 2576 889 2607 Statius
904 2576 954 2608 di·

253 2627 303 2657 cit
317 2626 402 2657 lacus
415 2627 556 2657 medicos.
593 2626 797 2668 Sentiumque
813 2626 952 2669 renatos]

1006 2020 1079 2051 nius
1095 2019 1153 2051 lib.
1172 2028 1230 2050 ιιι.
1255 2028 1332 2059 cap.
1346 2020 1399 2050 88.
1419 2018 1429 2035 ⁴
1444 2017 1485 2049 In
1506 2017 1627 2050 eadem
1643 2019 1710 2050 sci-

1005 2070 1087 2101 licet
1102 2069 1290 2110 Campania
1305 2073 1342 2100 et
1361 2067 1525 2109 oppidum
1550 2067 1708 2102 haustum

1006 2118 1198 2160 profundo:
1222 2120 1359 2160 alioque
1385 2125 1479 2152 motu
1508 2123 1608 2152 term
1634 2120 1710 2156 Sta·

1006 2170 1109 2201 tinam
1124 2169 1325 2201 emersisse-²
1352 2169 1409 2202 Sic
1422 2170 1513 2201 enim
1528 2170 1709 2211 legendum

1005 2231 1080 2252 esse
1098 2225 1196 2262 patet
1210 2230 1254 2252 ex
1268 2220 1331 2251 hoc
1345 2220 1420 2252 loco
1438 2221 1591 2261 Papium
1606 2225 1710 2253 antea

1006 2272 1188 2312 legebatur
1203 2277 1238 2303 et
1261 2273 1272 2290 ‘
1286 2276 1443 2312 stagnum
1461 2272 1667 2304 emersisse?

1053 2325 1114 2354 112
1150 2321 1278 2364 Tybris]
1310 2321 1468 2364 Tyberis,
1499 2320 1622 2354 fluvius
1651 2322 1709 2365 qui

1009 2371 1212 2414 praeterfluit
1242 2373 1396 2405 Romam.
1444 2372 1601 2411 Armiferi
1627 2376 1710 2405 lecta

1011 2422 1156 2464 Quirini]
1185 2423 1327 2454 Romam
1353 2422 1514 2463 intelligit
1536 2422 1709 2454 conditam

1007 2484 1028 2504 a
1045 2473 1201 2513 Romulo,
1223 2472 1280 2514 qui
1305 2478 1383 2514 post
1405 2477 1548 2505 mortem
1571 2473 1709 2506 ‘Quiri-

1008 2523 1091 2556 nus'
1114 2524 1227 2556 dictus
1244 2528 1307 2556 est.
1349 2523 1520 2565 Armiferi]
1544 2523 1709 2556 Bellicosi

1007 2580 1043 2607 et
1058 2574 1170 2606 fortis.
