1800 3060
191 157 248 201 18
790 168 1064 200 PRAEFA'rio.

193 265 430 322 prioribus.
491 264 746 307 Con-ectum
773 278 817 319 p.
839 266 881 308 d.
902 266 1094 322 (opinor,
1112 280 1186 322 per
1205 265 1434 324 dominum)
1455 269 1659 312 Francis-

194 349 299 378 cum
323 334 624 377 Puteolanum
642 347 653 375 :
697 339 744 375 et
778 347 896 384 vere,
931 335 1048 376 ultra
1080 335 1420 388 impressionem
1453 337 1657 380 Venetiis

191 405 370 454 factam,
391 403 434 445 in
458 413 533 445 1111.
556 401 752 443 millibus
773 402 890 444 locis
923 402 1219 454 emendatum,
1242 403 1326 445 SS.
1356 404 1579 447 Catullum
1612 411 1658 448 et

192 472 367 514 Silvas:
398 475 445 513 ut
464 476 514 513 tu
536 471 698 513 Lector
729 471 945 512 ambobus
965 471 1294 526 exemplaribus
1314 473 1506 527 experiri
1526 480 1656 528 pote-

191 541 279 583 ris:
311 541 461 594 itaque
483 540 605 581 nullo
637 535 711 580 mo
743 539 927 592 intelligi
958 539 1126 594 possit:
1169 543 1214 581 et
1234 544 1402 583 cetera.
1462 541 1656 597 Impres-

189 621 288 651 sum
309 609 486 650 Parmae
509 622 588 662 per
614 621 684 649 me
720 607 999 661 Stephanum
1022 607 1259 650 Corallum.
1320 607 1454 651 Anno
1492 609 1655 653 Christi

192 687 546 719 MccchXXul.
569 675 766 717 secundo
797 675 894 719 Cal.
922 676 1228 730 Septembris!
1289 676 1554 720 Franciscus
1582 678 1656 720 hic

187 744 467 787 Puteolanus
488 746 554 793 (ut
573 743 658 785 hoc
679 744 823 785 obiter
836 743 1018 795 addam)
1031 746 1285 798 praeceptor
1302 744 1388 787 fuit
1407 746 1492 787 viri
1512 748 1655 801 magis

185 813 291 864 noti,
320 812 523 866 Philippi
556 811 782 862 Beroaldi,
819 815 948 867 prout
982 812 1110 854 disco
1143 825 1204 854 ex
1235 812 1454 856 Gevartio
1488 814 1654 870 Papin.
1672 868 1675 870 ι

187 882 314 924 Lect.
337 893 410 922 111.
431 881 472 923 6.
533 881 672 930 Idem,
694 881 870 935 opinor,
899 886 967 922 est
999 880 1287 933 Puteolanus,
1309 881 1439 937 cujus
1453 883 1656 926 meminit

187 949 454 1002 Politianus,
476 949 719 1004 Epistolar.
742 960 797 991 11.
822 949 890 990 14.
927 948 1050 990 Hinc
1071 962 1178 991 vero
1199 954 1340 1004 patet,
1361 950 1653 1005 antiquiorem

186 1018 272 1060 hac
307 1017 541 1059 Parmensi
573 1016 715 1058 fuisse
750 1016 974 1058 Venetam
1009 1017 1157 1067 aliam,
1191 1030 1326 1072 quam
1360 1018 1474 1060 forte
1507 1019 1652 1062 innuit

187 1086 430 1128 Gevartius
452 1085 617 1140 Papin.
639 1085 762 1127 Lect.
779 1096 810 1126 1.
827 1084 897 1126 13.
918 1086 996 1127 ubi
1016 1085 1125 1128 citat
1144 1086 1404 1141 Principem
1424 1085 1542 1129 Edit.
1558 1087 1653 1132 Ve-

185 1158 334 1199 netam
362 1154 420 1195 ad
457 1154 802 1196 confirmandam
834 1152 1094 1196 Lectionem
1126 1153 1276 1210 nymbo
1311 1167 1394 1209 pro
1430 1154 1652 1210 thymbra,-

185 1237 287 1266 cum
309 1226 456 1264 tamen
479 1221 670 1277 thymbra
691 1221 752 1264 sit
772 1223 816 1264 in
835 1221 1013 1264 Veneta
1046 1221 1166 1264 Anni
1188 1234 1435 1265 Mccccxc.
1455 1228 1508 1266 ut
1527 1229 1652 1268 notat

186 1291 444 1334 Gronovius
466 1290 648 1335 Praefat.
672 1290 921 1332 Diatribes:
954 1295 1000 1332 et
1018 1291 1203 1345 proinde
1221 1304 1405 1334 necesse
1424 1293 1483 1335 sit
1513 1294 1649 1336 aliam

186 1373 289 1402 esse
310 1358 532 1400 Venetam
566 1358 642 1399 illa
676 1358 974 1400 vetustiorem.
1034 1358 1178 1401 Immo
1210 1359 1342 1402 trium
1374 1361 1649 1404 Venetarum

185 1427 483 1481 antiquiorum
510 1427 782 1468 mentionem
813 1426 1020 1480 inveni03
1062 1427 1196 1469 unius
1216 1441 1389 1483 nempe,
1411 1428 1499 1473 An.
1520 1431 1649 1473 1483.

186 1496 307 1550 apud
328 1494 397 1536 Cl.
419 1494 678 1536 Fabricium
713 1494 998 1537 Bibliotheca
1029 1495 1175 1537 Latin.
1204 1495 1283 1538 lib.
1303 1507 1357 1537 ιι.
1379 1509 1480 1552 cap.
1501 1498 1573 1541 16.
1605 1503 1653 1540 et

185 1564 487 1619 Supplement.
508 1576 554 1617 p.
574 1562 676 1604 712.
735 1561 945 1613 Alterius,
965 1560 1207 1619 An.‚14·75.
1227 1564 1350 1618 apud
1371 1564 1651 1608 Gronovium

185 1633 338 1687 Reliq.
359 1632 417 1673 ad
438 1631 575 1673 Statii
597 1630 774 1685 SylvaS.
833 1630 1016 1682 Tertiae,
1053 1632 1281 1674 Parmensi
1312 1634 1584 1686 vetustioris,
1606 1636 1652 1677 in

184 1700 434 1756 Epigraphe
454 1699 588 1741 modo
605 1698 813 1740 adducta.
874 1698 1031 1741 Erravi
1051 1700 1183 1754 igitur
1203 1701 1421 1754 siquando
1442 1701 1650 1745 Parmen-

185 1784 281 1812 sem
301 1768 497 1811 omnium
518 1766 876 1821 antiquissimam
897 1766 1101 1809 dixerim.
1161 1766 1275 1809 Cum
1296 1767 1353 1809 de
1370 1767 1454 1810 hac
1475 1767 1651 1813 Veneta

185 1837 390 1880 Editione
428 1848 688 1891 quaererem,
710 1834 963 1876 admonitus
999 1848 1118 1876 eram
1149 1834 1275 1877 illam
1305 1837 1472 1878 servari
1491 1837 1540 1878 in
1571 1838 1651 1880 Bi-

182 1905 406 1946 bliotheca
447 1903 698 1946 Celsissimi
740 1903 885 1945 Ducis
925 1903 1160 1955 Devoniae‚
1206 1904 1368 1958 egregii
1403 1905 1649 1948 Literarum

182 1972 396 2013 fautoris:
427 1983 455 2012 a
476 1983 564 2025 quo
597 1969 867 2026 (interventu
899 1970 1187 2012 Nobilissimi
1208 1971 1443 2026 cujusdam
1475 1971 1651 2028 Amici)

182 2041 440 2084 thesaurum
455 2038 573 2080 hunc
586 2039 844 2092 impetravi:
874 2052 1064 2094 quorum
1084 2039 1201 2081 adeo
1222 2039 1486 2083 humanitati
1507 2046 1555 2084 et
1574 2055 1649 2084 co-

182 2107 327 2150 mitati
347 2108 516 2149 utinam
537 2120 668 2160 pares
689 2108 857 2161 gratias
877 2107 1035 2149 referre
1055 2121 1250 2162 possem.
1309 2108 1370 2150 Et
1381 2108 1480 2163 jam
1498 2109 1647 2161 video,

182 2176 331 2218 omnia
362 2189 463 2231 quae
495 2175 550 2217 de
582 2177 842 2229 praestantia
869 2175 991 2217 Edit.
1019 2175 1169 2218 Parm.
1190 2176 1556 2230 praedicaveram,
1591 2177 1648 2219 ad

181 2244 295 2286 hanc
314 2244 478 2298 potiori
493 2244 594 2298 jure
614 2243 922 2286 transferenda
941 2257 1064 2287 esse:
1108 2244 1278 2298 quippe
1298 2244 1554 2286 Parmensis
1585 2258 1647 2287 ex

180 2313 263 2354 hac
285 2313 416 2366 plane
438 2325 654 2367 expressa
674 2311 814 2354 fuisse
826 2312 1018 2362 videtur,
1030 2313 1212 2354 mutatis
1231 2311 1456 2353 nonnullis
1475 2311 1541 2367 (et
1560 2312 1648 2355 fre*

180 2384 363 2433 quenter
389 2380 435 2420 in
455 2378 606 2434 pejus)
626 2380 698 2422 vel
716 2392 775 2420 ex
796 2379 897 2421 aliis
920 2379 1184 2430 codicibus,
1205 2378 1278 2420 vel
1297 2378 1411 2420 forte
1431 2391 1490 2420 ex
1511 2379 1644 2422 libitu

181 2447 453 2497 correctoriS,
490 2447 719 2489 Francisci
753 2447 1011 2491 Puteolani:
1060 2452 1106 2488 et
1139 2459 1435 2501 quaecumque
1468 2448 1646 2502 egregia

180 2514 312 2555 habet
332 2514 607 2565 Parmensis,
644 2516 742 2558 haec
774 2528 958 2570 quoque
984 2515 1146 2567 habet3
1189 2518 1235 2556 et
1254 2515 1392 2557 multa
1411 2518 1643 2569 praeterea,

181 2594 284 2634 quae
301 2581 349 2622 in
372 2580 600 2622 Addendis
623 2582 802 2627 videas:
834 2583 946 2625 adeo
966 2586 1014 2624 ut
1030 2583 1202 2637 absque
1222 2583 1308 2624 hac
1326 2583 1505 2624 omnino
1521 2595 1643 2624 man-

181 2661 233 2689 ca
254 2648 411 2690 suisset
426 2653 576 2690 nostra
597 2649 760 2691 Editio.
823 2651 958 2693 Liber
976 2656 1044 2693 est
1063 2651 1402 2706 pulcherrimus,
1421 2651 1466 2692 in
1485 2649 1612 2692 Folio
1629 2665 1640 2693 :

178 2716 222 2758 in
242 2716 397 2759 eodem
415 2717 636 2759 volumine
672 2719 955 2761 continentur
980 2718 1199 2770 CatulluS,
1219 2718 1441 2770 Tibullus,
1464 2722 1511 2760 et
1533 2716 1642 2760 Pro-
