1800 3060
232 195 317 239 162

231 303 324 345 Hic
344 302 452 344 vitae
471 301 636 343 natalis
658 301 754 343 crit.

727 206 770 236 P.
804 204 995 235 PAPINII
1032 203 1196 236 STA'rn

812 301 884 343 Tu
904 301 1069 343 Troica
1089 300 1247 354 dignus

1604 299 1689 341 125

232 371 422 420 Saecula,
439 375 484 411 et
506 369 694 411 Euboici
713 369 1019 412 transcendere
1038 367 1231 422 pulveris
1254 379 1410 416 annos,

231 439 567 491 Nestoreosque
588 438 717 479 situs.

777 436 883 488 Qua
903 449 1021 477 nunc
1042 436 1124 477 tibi
1143 447 1310 490 pauper
1330 446 1483 476 acerra

232 507 378 559 Digna
398 506 555 547 litem?
586 519 668 547 nec
690 505 729 546 si
748 508 908 546 vacuet
924 503 1139 545 Mevania
1158 502 1317 551 valles,

232 573 327 615 Aut
346 577 558 626 praestent
576 573 728 613 niveos
750 571 974 614 Clitumna
990 569 1168 612 novalia
1187 572 1355 618 tauros,

232 641 486 683 Sufficiam:
518 640 598 681 sed
614 654 736 694 saepe
759 640 870 681 Deis
889 639 972 680 hos
991 638 1105 679 inter
1119 636 1303 678 honores

1605 637 1691 679 130

232 709 418 763 Cespes,
438 712 482 750 et
501 709 665 762 exiguo
685 709 948 763 placuerunt
964 707 1082 749 farra
1103 705 1261 747 salino.

230 835 305 866 erit.
350 834 397 865 Tu
412 836 542 866 mereris
551 834 730 873 transgredi
749 832 897 871 Troianas
908 842 1017 873 annos,
1032 835 1064 864 et
1078 835 1204 863 (etatem
1222 832 1372 863 Cumanoe
1384 831 1528 872 Sibyllae,
1538 842 1575 863 ac
1588 841 1690 863 senec-

230 880 330 908 tutem
347 877 504 909 Nestoris.
550 878 622 914 Qua
645 887 726 908 nunc
740 885 847 907 acerra
862 876 951 916 inops
973 885 1063 906 sacra
1079 875 1200 914 faciam
1213 884 1270 915 pro
1285 878 1339 905 tua
1353 875 1475 906 salute?
1510 875 1583 906 Non
1606 871 1692 916 suffi-

231 919 324 957 ciam,
339 919 399 951 etsi
422 920 572 952 Meuania
587 919 754 951 exhauriat
767 919 860 950 valles
871 928 956 958 suas,
971 921 1026 949 aut
1051 928 1164 958 pascua
1181 917 1336 948 Clitumni
1356 918 1430 948 dent
1448 927 1518 948 suos
1543 918 1691 948 candidos

230 965 347 994 tauros.
391 962 455 994 Sed
473 964 557 995 inter
578 963 632 994 hos
654 962 794 1002 honores,
813 971 946 1001 gramen
960 964 991 992 et
1005 960 1064 1000 sar
1075 960 1192 992 modico
1211 959 1310 991 salino
1323 969 1406 1001 ,ηερε
1427 963 1552 1001 accepta
1557 960 1692 999 fuerunt

230 1004 418 1037 numinibus.

1003 1072 1082 1084 lm

231 1150 337 1198 —125
363 1149 459 1181 Trtn‘u
472 1150 596 1181 Venet.
614 1153 644 1181 1.
659 1148 749 1190 quod
766 1148 913 1190 probant
929 1148 1050 1180 Heius.
1072 1153 1109 1179 et
1133 1147 1363 1178 Bnrm.—l28
1383 1147 1393 1164 ‘
1405 1147 1471 1179 Vel
1494 1146 1690 1188 legendnm,

230 1201 293 1222 non
307 1195 470 1229 meamet,
495 1193 551 1224 vel
565 1193 595 1223 si
620 1193 768 1224 retineas
792 1201 859 1232 nec,
882 1191 1115 1230 scribendum,
1138 1191 1185 1221 Et
1204 1193 1376 1231 praestent:
1400 1194 1436 1221 et
1461 1190 1526 1222 boc
1550 1188 1691 1221 verum!

232 1234 459 1267 Markl.—13l
486 1235 585 1268 Rom.
599 1245 689 1267 sacra
701 1235 810 1266 salina

894 1320 1037 1353 NOTAE

274 1387 337 1417 125
363 1386 477 1418 Troica
506 1386 648 1428 Saecula]
692 1385 842 1426 Tithoni,
878 1386 933 1418 vel

231 1435 489 1478 Laomedontis,
503 1442 563 1469 aut
577 1436 718 1468 Priami.

275 1489 339 1519 126
354 1487 487 1520 Euboici
500 1486 654 1529 pulveris]
677 1486 812 1518 Alludit
822 1485 866 1517 ad
883 1484 933 1517 fa-

231 1536 361 1578 bulam,
377 1547 445 1579 qua
469 1537 601 1580 Sibylla
623 1538 776 1569 Cumana
792 1545 898 1568 annos
913 1545 934 1567 a

230 1587 364 1620 Phoebo
379 1588 522 1629 petiisse
538 1587 681 1629 fingitur
705 1597 768 1628 pro
789 1596 932 1618 numero

231 1639 398 1681 pulveris,
414 1650 514 1682 quem
530 1650 631 1671 manu
648 1643 803 1681 ceperat,
825 1643 861 1670 et
878 1638 936 1670 ob-

232 1690 388 1722 tinuisse.
432 1690 523 1722 Vide
539 1689 644 1722 Ovid.
657 1690 744 1722 Met.
757 1698 837 1721 xiv.
869 1689 936 1720 Eu-

231 1741 311 1773 boici
326 1750 420 1779 vero,
442 1740 521 1783 quia
537 1741 670 1780 Cmnae,
694 1740 808 1781 patria
825 1739 937 1780 Sibyl-

230 1792 286 1832 lae,
301 1791 451 1824 conditae
465 1790 604 1823 fuerant
619 1801 639 1822 a
653 1789 937 1823 Chalcidensibus

231 1854 275 1876 ex
290 1844 423 1876 Euboea
438 1842 617 1885 profectis.

274 1897 336 1927 127
361 1895 593 1935 Nestoreosque
617 1892 712 1933 situs]
735 1892 778 1924 Id
801 1897 866 1932 est,
885 1901 938 1924 se·

231 1950 407 1978 nectutem
435 1944 608 1981 Nestoris,
633 1943 692 1985 qui
717 1943 786 1974 tria
812 1943 939 1974 saeeula

231 1995 361 2028 vixisse
376 1994 515 2026 dicitur.
563 1995 634 2030 Qua
647 2003 728 2024 nunc
742 1993 803 2024 tibi
821 2002 940 2033 pauper

230 2045 354 2086 acerra]
376 2044 469 2076 Hinc
484 2044 659 2085 colligitur
678 2043 688 2060 ‘
699 2043 836 2074 Soter-ia
847 2042 856 2056 ’
870 2051 938 2074 non

233 2095 343 2127 fuisse
369 2103 522 2133 munera,
537 2103 614 2134 quae
640 2092 870 2124 mittebantur
895 2091 938 2123 ad

232 2146 373 2186 amicos,
392 2145 452 2177 ubi
474 2143 726 2183 convaluerint,
744 2143 805 2175 sed
830 2151 940 2182 sacru,

231 2206 309 2239 quae
330 2195 463 2228 fiebant
490 2204 553 2236 pro
575 2203 693 2226 eorum
708 2193 819 2225 salute
833 2192 932 2225 resti-

235 2250 323 2286 tuta,
337 2249 376 2277 ut
389 2244 488 2277 initio
503 2244 663 2276 diximus.

282 2301 346 2330 128
373 2295 539 2336 Mevania]
578 2295 756 2337 Oppidum
782 2293 935 2326 Umbriae

234 2353 466 2382 armentorum
479 2357 520 2380 ac
536 2356 676 2389 gregum
690 2345 799 2378 ferax.
830 2347 936 2378 Luca-

237 2411 300 2433 nus
315 2400 375 2432 lib.
390 2409 415 2431 1.
432 2400 441 2417 ‘
451 2397 638 2430 Tauriferis
650 2398 710 2430 ubi
723 2407 762 2430 se
777 2397 940 2429 Mevania

235 2450 366 2492 campis
386 2448 573 2490 Explicat?
618 2449 706 2481 Erat
724 2448 835 2490 patria
853 2447 938 2479 Pro·

235 2500 342 2545 pertii
357 2499 489 2531 Poe'tae.

279 2554 343 2585 129
366 2550 526 2583 Clitumna
539 2548 679 2590 novalia]
700 2547 743 2581 Id
758 2551 826 2589 est,
837 2556 937 2580 nova-

988 1385 1032 1417 lia
1055 1384 1251 1426 adjacentia
1273 1383 1445 1416 Clitumna
1475 1391 1586 1423 amne,
1609 1382 1691 1414 Um·

988 1436 1098 1468 briam
1113 1446 1133 1467 a
1145 1435 1267 1467 Tuscia
1283 1434 1474 1475 dividente,
1487 1433 1585 1474 cujus
1601 1442 1690 1474 aqua

988 1490 1071 1527 pota
1082 1485 1244 1518 candidos
1258 1485 1361 1516 boves
1376 1482 1471 1515 facit.
1503 1483 1596 1514 Hinc
1607 1482 1692 1514 nicei

987 1537 1084 1569 tauri.
1129 1536 1232 1568 Tauri
1248 1539 1376 1574 autem,
1398 1543 1458 1565 seu
1485 1533 1590 1565 boves
1615 1542 1694 1564 can-

990 1587 1060 1619 didi
1072 1586 1335 1619 immolabantur
1352 1585 1443 1623 Diis,
1463 1589 1502 1616 ut
1515 1583 1555 1615 iis
1567 1583 1689 1623 gratiae

989 1643 1188 1681 agerentur,
1213 1638 1267 1669 vel
1293 1637 1337 1668 de
1366 1645 1404 1668 re
1431 1635 1467 1667 in
1487 1635 1578 1666 bello
1602 1634 1689 1666 bene

991 1694 1100 1731 gesta,
1122 1689 1176 1720 vel
1203 1688 1247 1719 de
1269 1687 1336 1719 alia
1359 1686 1403 1718 ab
1429 1685 1469 1717 iis
1494 1685 1693 1727 impetrata.

991 1740 1082 1772 Vide
1109 1738 1260 1771 Plinium
1289 1737 1351 1769 lib.
1371 1744 1455 1768 vm.
1489 1736 1554 1776 Ep.
1585 1738 1616 1767 8.
1646 1734 1690 1766 ad

991 1791 1190 1823 Romanum.

1035 1844 1098 1872 130
1120 1840 1211 1881 Soepe
1249 1838 1326 1871 Diis
1361 1837 1415 1868 hos
1449 1836 1535 1868 inter·
1563 1836 1692 1867 honores

994 1891 1117 1932 Cespes,
1132 1890 1204 1931 fisa]
1225 1888 1380 1921 Tibullus
1395 1886 1456 1919 lib.
1467 1895 1520 1918 ιν.
1537 1886 1580 1918 ad
1596 1886 1692 1917 Mes—

991 1941 1118 1972 salam:
1140 1941 1150 1957 ⁴
1164 1940 1349 1980 Parvaque
1373 1937 1531 1969 coelestes
1552 1936 1693 1978 pacavit

991 1992 1093 2033 mica,
1107 2000 1172 2023 nec
1192 1990 1258 2022 illis
1279 1990 1425 2030 Semper
1445 1988 1601 2020 inaurato
1619 1992 1693 2019 tau-

992 2052 1049 2074 rus
1063 2041 1158 2074 cadit
1171 2041 1282 2073 hostin
1302 2038 1435 2071 comu.'

1036 2095 1097 2124 131
1122 2091 1243 2132 Far-ra]
1271 2090 1314 2122 Id
1337 2094 1402 2130 est,
1423 2090 1531 2121 mola:
1554 2098 1630 2120 nam
1649 2098 1693 2120 ex

991 2143 1085 2175 farre
1098 2147 1134 2174 et
1148 2142 1218 2174 sale
1234 2141 1324 2172 mola
1337 2139 1388 2171 fit.
1421 2139 1576 2171 Plinius:
1595 2138 1605 2155 ‘
1617 2137 1694 2170 Mo-

988 2193 1021 2225 la
1035 2197 1169 2224 tantum
1184 2191 1272 2223 salsa
1285 2190 1400 2230 litant,
1411 2189 1548 2232 quinon
1562 2188 1694 2226 habent

989 2242 1111 2276 thura.'
1155 2241 1279 2282 Salina]
1295 2239 1351 2273 Ad
1367 2242 1520 2272 veterum
1529 2237 1695 2280 supersti-

991 2294 1132 2333 tionem,
1143 2301 1211 2334 qua
1226 2291 1371 2323 salinum
1385 2290 1477 2322 inter
1491 2298 1571 2320 vasa
1586 2297 1693 2320 sacra.

991 2344 1107 2376 Livius
1122 2343 1182 2375 lib.
1199 2350 1304 2374 xxvt.
1326 2342 1336 2358 ⁴
1348 2341 1398 2372 Ut
1413 2339 1558 2371 salinum
1582 2337 1692 2379 patel-

991 2396 1126 2437 lamque
1139 2395 1292 2426 Deorum
1307 2400 1412 2423 causa
1425 2387 1601 2421 habeant.'
1627 2387 1693 2419 Ar-

991 2445 1131 2477 nobius:
1150 2444 1161 2462 ‘
1176 2443 1295 2474 Sacras
1317 2439 1432 2474 fucitis
1455 2447 1590 2471 mensas
1614 2437 1692 2469 sali-

991 2504 1114 2528 norum
1130 2492 1314 2535 appositu.’
