1800 3060
231 221 317 264 394
722 232 761 262 Ρ.
796 231 990 263 ΡΑΡιΝιι
1026 231 1189 263 εΤΛτιι

233 327 354 378 Quid
375 340 491 368 nunc
514 326 773 380 magnificas
795 327 981 381 species,
1003 327 1235 380 cultusque
1256 327 1471 377 locorum,

230 395 519 449 Templaque,
541 398 583 435 et
602 395 838 436 innumeris
861 396 1008 449 spatia
1033 395 1306 436 interstincta
1326 395 1572 448 columnis;

230 464 287 505 Et
307 463 523 516 geminam
543 464 702 503 molem
720 462 829 503 nudi
851 463 1047 516 tectique
1069 461 1245 509 theatri,

231 530 289 572 Et
311 530 582 584 Capitolinis
605 529 920 584 Quinquennia
941 530 1146 585 proxima
1164 530 1317 571 lustris
1336 543 1349 582 ς

233 597 353 649 Quid
372 598 550 639 laudem
571 598 705 648 risus,
726 598 1064 652 libertatemque
1087 596 1336 647 Menandri,

1631 395 1688 436 90

234 738 322 775 Quid
337 748 415 770 nunc
429 739 666 770 commemorabo
677 738 806 780 superba
821 737 967 779 aedificia,
992 742 1023 770 et
1038 742 1166 770 ornatus
1181 739 1277 779 urbis,
1292 739 1489 779 delubraque,
1504 748 1541 769 ac
1553 737 1692 777 porticus

231 782 395 813 distinctas
408 782 578 813 innumeris
590 783 748 819 columnis,
763 786 794 813 et
807 781 958 822 duplicem
974 783 1082 813 molem
1096 783 1197 822 aperti
1213 786 1242 813 et
1257 783 1391 823 cooperti
1407 781 1537 819 theatri,
1551 783 1582 811 et
1602 781 1691 821 quin-

231 825 362 866 quennia
372 835 461 866 poene
474 826 606 867 aequalia
620 825 808 866 Capitolinis
821 824 948 855 lustris?
965 824 1050 860 Quid
1064 826 1183 856 laudem
1190 825 1277 864 jocos
1288 829 1318 857 et
1329 825 1504 857 libertatem
1514 823 1694 864 Menandri,

853 931 890 942 ’ὁ
895 931 1094 944 θὈΝΙΝΟΟ

234 1010 360 1043 Morum
380 1019 455 1040 cura
475 1009 563 1048 ciris,
587 1012 625 1040 ut
639 1009 648 1027 ‘
667 1018 746 1040 cura
759 1007 917 1050 pudoris’
932 1008 1024 1049 apud
1044 1008 1229 1040 Ausonium
1246 1007 1347 1050 Idyll.
1365 1017 1432 1041 vn.
1445 1011 1499 1040 25.
1544 1007 1611 1039 Sed
1628 1017 1691 1039 nec

233 1055 299 1086 hoc
317 1051 507 1084 satisfacit:
533 1052 660 1093 quippe
677 1047 877 1092 sequenti'a:
899 1053 997 1083 solum
1013 1055 1043 1083 et
1058 1053 1125 1083 sine
1139 1051 1283 1088 fascibus
1295 1061 1428 1092 oequum,
1445 1051 1618 1093 postulant
1635 1051 1692 1082 ali-

234 1097 316 1139 quid
333 1096 385 1127 cui
401 1096 644 1136 adjungantur,
659 1099 780 1135 utpote
795 1104 858 1135 per
873 1104 909 1126 se
922 1095 1127 1126 sententiam
1143 1104 1207 1126 non
1221 1093 1414 1126 efficientia.
1461 1094 1525 1126 His
1539 1094 1693 1126 omuibus

233 1138 457 1172 incommodis
470 1139 606 1170 tandem
624 1138 788 1169 subvenio
805 1137 995 1169 mutatione
1008 1138 1106 1169 nnius
1121 1138 1268 1169 literulae
1285 1143 1321 1169 et
1331 1137 1573 1176 distinctionis,
1588 1145 1690 1168 ecce:

234 1182 413 1221 Nullasoro
429 1181 541 1221 rabies,
555 1184 610 1213 aut
622 1181 686 1220 ⁸·J'·
701 1182 785 1221 leges
803 1181 949 1212 Norunt:
963 1180 1052 1220 jetra,
1068 1182 1121 1222 &a
1149 1181 1288 1221 egregia
1303 1186 1337 1212 et
1355 1180 1536 1221 perspicua
1559 1184 1694 1210 senten-

233 1225 307 1257 tia.'
331 1225 538 1256 Markl.—93
553 1223 682 1256 Heius.
700 1224 742 1255 ad
760 1223 819 1255 Sil.
839 1223 917 1255 Ital.
934 1232 1002 1255 xn.
1019 1227 1071 1255 31.
1119 1224 1205 1259 Quid
1229 1225 1350 1255 laudem
1364 1223 1446 1254 ritus
1460 1223 1694 1263 libertatemque

232 1268 373 1306 theatri;
396 1267 568 1299 nonnullae
585 1266 663 1298 edd.
680 1276 814 1308 quoque
831 1267 958 1298 habent
982 1267 1089 1303 ritum
1123 1271 1158 1298 et
1185 1267 1302 1298 theatri
1329 1267 1433 1297 etiam
1463 1266 1550 1307 conj.
1577 1265 1696 1296 Mark-

234 1311 377 1350 landus;
400 1310 459 1341 sed
477 1315 595 1352 postea
612 1310 788 1341 damnavit
813 1309 862 1340 liis
874 1309 1007 1340 verbis:
1042 1310 1051 1326 ‘
1066 1308 1159 1340 Huic
1182 1310 1256 1340 loco
1283 1309 1402 1340 theatri
1417 1318 1482 1340 non
1509 1308 1694 1346 convenit3

233 1355 342 1386 multo
367 1354 476 1384 minus
502 1353 692 1390 Menandri;
716 1353 801 1384 latet
825 1352 1038 1384 Gerundium
1065 1352 1216 1393 aliquod,
1246 1356 1284 1383 ut
1311 1352 1429 1383 dicunt
1446 1351 1690 1383 Grammatici:

234 1398 334 1439 quale
359 1402 434 1428 est:
457 1396 692 1437 libertatemque
705 1395 847 1435 jocandi,
871 1396 924 1427 vel
954 1395 1022 1427 tale
1046 1394 1183 1436 aliquid.
1229 1395 1422 1426 statianum
1449 1395 1511 1425 hoc
1536 1403 1612 1425 esse
1627 1403 1693 1443 ηομ

234 1445 332 1482 puto,
350 1440 402 1472 vel
419 1439 531 1482 potius
548 1439 639 1472 scio:
665 1438 796 1480 placuit
812 1443 928 1471 tamen
943 1437 1021 1470 ideo
1040 1439 1193 1479 proferre
1210 1442 1248 1469 ut
1271 1437 1315 1469 ad
1328 1438 1416 1469 hanc
1434 1436 1576 1469 formam
1593 1441 1696 1468 acuti-

894 1548 1034 1582 NOTAE

234 1624 366 1656 Strictoe
390 1623 489 1664 leges]
514 1624 524 1642 ‘
539 1624 654 1657 Arctae
675 1625 767 1665 leges
791 1622 939 1655 additae’

233 1675 368 1706 Plinius
391 1674 449 1706 lib.
468 1684 549 1707 xvr.
563 1684 641 1716 cap.
657 1677 690 1706 4.
736 1675 781 1705 Et
810 1674 943 1705 Lucre-

232 1725 303 1764 tio;
327 1729 336 1743 ‘
352 1723 460 1756 Arcta
482 1723 578 1765 jura'
605 1727 615 1742 ‘
632 1724 779 1755 Vincula
802 1723 933 1764 legum’

231 1775 470 1814 Quintilian03
497 1775 658 1808 Juvenali
689 1775 699 1792 ‘
731 1773 939 1816 aenigmata.’

234 1825 322 1857 Vult
336 1829 450 1856 autem
466 1829 597 1856 tantam
613 1823 852 1865 Neapolitanis
866 1832 941 1854 esse

231 1875 502 1907 moderationem
520 1875 634 1914 animi,
651 1883 850 1915 morumque
864 1883 942 1915 pro-

231 1925 391 1965 bitatem,
414 1930 453 1957 ut
480 1935 544 1958 nec
566 1926 698 1965 legibus
725 1935 789 1956 nec
816 1924 939 1965 magis-

232 1975 383 2007 tratibus
401 1985 485 2016 opus
502 1975 568 2007 illis
586 1976 643 2015 sit,
659 1985 735 2006 cum
750 1974 814 2015 ipsi
831 1983 941 2005 mores

234 2026 546 2067 Neapolitanorum
584 2035 646 2066 pro
693 2025 826 2066 legibus
862 2025 941 2056 siut.

233 2077 334 2112 Quod
356 2082 392 2109 et
407 2078 549 2109 Tacitus
565 2076 650 2108 dicit
675 2077 718 2108 de
735 2076 917 2109 Germanis
932 2086 941 2108 ε

232 2129 242 2146 ‘
261 2128 364 2169 Apud
381 2137 440 2159 eos
458 2128 534 2168 plus
550 2128 666 2159 valere
696 2127 801 2159 bonos
818 2136 942 2168 mores,

233 2189 333 2222 quam
351 2179 443 2219 apud
461 2179 546 2211 alios
562 2179 667 2211 bonas
688 2178 808 2219 leges‚'
821 2183 855 2210 et
870 2179 941 2210 Sal·

234 2229 358 2261 iustius
382 2229 416 2260 iu
443 2228 656 2261 Praefatione
683 2228 941 2270 Conjurationis

234 2280 391 2312 Catilinae
423 2280 466 2311 de
489 2280 613 2321 priscis
643 2279 827 2312 Romanis:
854 2279 941 2312 ‘Jus

230 2331 427 2371 bonumque
459 2330 550 2371 apud
585 2330 677 2371 ipsos
707 2339 773 2361 uon
803 2328 939 2370 legibus

233 2382 344 2423 magis
361 2391 462 2423 quam
479 2386 601 2413 natura
617 2380 778 2413 valebat!
809 2380 939 2412 Eadem

234 2431 356 2463 dicunt
374 2433 416 2463 de
434 2432 570 2473 scythis
593 2432 749 2465 Justinus
766 2431 825 2463 lib.
847 2440 890 2463 n.
905 2435 943 2463 et

235 2482 279 2514 de
307 2482 464 2513 'tartaris
487 2486 608 2513 auctor
630 2482 710 2513 vitae
736 2481 879 2521 Timuri,
906 2485 943 2513 et

232 2532 395 2572 Virgilius
413 2532 455 2563 de
470 2532 591 2572 priscis
606 2532 748 2571 Latinis,
764 2532 840 2564 AEn.
858 2541 926 2563 vn.

276 2582 353 2613 Sine
366 2581 525 2622 fascibus]
558 2582 638 2613 Sine
666 2581 938 2623 magistratibus,

235 2633 292 2675 qui
311 2641 373 2674 per
389 2632 497 2663 fasces
513 2632 749 2673 designantur.

278 2686 317 2715 91
354 2682 444 2715 Nudi
472 2683 603 2723 tectique
631 2681 764 2723 theatri]
800 2681 940 2714 Nudum

237 2735 421 2775 theatrum,
438 2739 491 2766 est
507 2735 578 2766 sine
594 2738 688 2766 tecto
701 2734 771 2774 hic,
796 2739 832 2766 et
847 2734 939 2776 apud

235 2785 483 2818 Tertullianum
497 2784 530 2816 in
546 2783 692 2826 Apolog.
738 2785 832 2817 Talia
843 2783 939 2818 fuere

996 1621 1151 1665 primitus
1168 1621 1314 1661 theatra,
1339 1630 1414 1662 qnae
1430 1619 1560 1652 idcirco
1574 1618 1696 1651 diebus

994 1683 1170 1706 munerum
1185 1677 1246 1705 aut
1261 1672 1416 1704 ludorum
1435 1671 1516 1704 velis
1531 1670 1694 1713 tegeban-

996 1728 1063 1756 tur.
1111 1724 1294 1755 Theatrum
1310 1732 1386 1754 cum
1410 1726 1504 1754 tecto
1525 1721 1648 1763 Regilli
1662 1725 1698 1752 et

996 1773 1151 1806 Corinthi
1174 1773 1347 1805 exstruxit
1373 1771 1531 1804 Herodes
1547 1771 1702 1811 Atticus,

997 1829 1087 1857 teste
1103 1824 1327 1856 Philostrato.

1037 1878 1080 1907 92
1095 1876 1138 1906 Et
1154 1874 1344 1916 Capitolinis
1357 1873 1577 1914 Quinquennia
1590 1872 1698 1913 proxi—

995 1936 1046 1958 ma
1061 1925 1186 1966 lustris]
1210 1924 1297 1956 Ludi
1315 1924 1404 1955 enim
1422 1922 1698 1964 Quinquennales

997 1978 1102 2009 etiam
1118 1975 1266 2016 Neapoli
1283 1974 1487 2011 edebantur,
1499 1973 1558 2014 qui
1573 1971 1699 2004 similes

995 2031 1096 2059 erant
1118 2025 1206 2058 ludis
1227 2026 1344 2057 Romae
1362 2024 1575 2066 Capitolinis,
1595 2023 1699 2055 etiam

996 2075 1319 2120 quinquennalibus.
1385 2074 1477 2106 Vide
1513 2073 1698 2105 Herculem

996 2127 1247 2160 Surrentinum.

1039 2181 1080 2210 93
1108 2177 1194 2214 Quid
1209 2177 1331 2208 laudem
1353 2174 1446 2215 risus,
1467 2173 1699 2215 libertatemque

996 2228 1179 2264 Menandri,
1218 2228 1321 2263 Quam
1350 2226 1508 2258 Romanus
1546 2224 1640 2256 hom
1668 2227 1699 2256 et

998 2279 1101 2311 Graia
1117 2277 1243 2319 [grata]
1259 2277 1386 2308 licentia
1398 2274 1540 2316 miscent]
1559 2275 1699 2307 Menan·

994 2329 1055 2361 der
1073 2328 1140 2360 fuit
1160 2327 1272 2360 Poeta
1287 2327 1450 2367 comicus,
1471 2325 1531 2367 (de
1547 2325 1610 2357 lioc
1627 2324 1698 2357 dic-

994 2384 1066 2413 tum
1076 2383 1131 2412 est
1141 2378 1253 2420 ante‚)
1262 2377 1352 2410 unde
1361 2377 1544 2409 Comoediae
1555 2375 1701 2416 Latinae,

998 2442 1074 2474 quae
1091 2431 1124 2462 in
1142 2431 1285 2462 theatris
1303 2429 1504 2470 agebantur,
1529 2427 1697 2460 traduetae

996 2490 1095 2523 paene
1111 2490 1227 2512 omues
1245 2484 1335 2511 sunt.
1381 2479 1485 2519 Quid,
1509 2478 1617 2520 inquit
1630 2478 1698 2509 Pa·

995 2531 1121 2574 pinius,
1133 2540 1220 2562 nunc
1231 2530 1364 2561 laudem
1376 2529 1543 2560 actionem
1553 2538 1591 2560 ac
1598 2537 1698 2569 spec·

995 2582 1111 2615 tacula
1136 2581 1376 2613 comoediarum
1398 2578 1592 2618 Menandri,
1618 2588 1695 2620 quae

994 2633 1148 2664 Romana
1169 2631 1282 2670 lingua
1305 2631 1420 2671 (quam
1437 2629 1492 2660 hic
1508 2628 1619 2660 Poeta
1640 2638 1698 2661 vo-

994 2687 1050 2715 cat
1068 2682 1243 2713 Romanum
1263 2678 1423 2720 honorem)
1446 2679 1581 2711 donatae
1598 2684 1698 2719 gruta

993 2734 1179 2767 Poetarum
1194 2731 1332 2763 licentia
1343 2731 1377 2762 in
1388 2730 1521 2762 theatro
1531 2730 1604 2762 illic
1618 2739 1696 2771 age-

995 2785 1120 2818 bantur
1135 2784 1147 2815 ?
1170 2781 1338 2816 Domitius.
