1800 3060
226 202 314 244 410
726 212 767 242 p,
801 210 992 242 PAPan
1029 210 1193 241 srmn

230 307 429 350 Liberior
450 307 614 362 campi,
635 308 906 362 multumque
929 307 1166 362 amplexus
1189 319 1273 360 ape
1283 306 1355 348 rti
1425 349 1430 353 ,

231 376 452 427 AEtheros,
473 380 517 418 et
534 380 704 417 tantum
723 376 903 418 domino
924 376 1097 418 minor:
1127 375 1204 416 ille
1222 379 1411 429 penates

233 444 409 499 Implet,
426 448 470 486 et
488 444 649 497 ingenti
673 444 818 486 Genio
831 444 980 499 juvat.
1037 443 1244 485 AEmulus
1263 443 1355 484 illic

234 511 374 554 Mons
395 512 533 567 Libys
556 512 810 567 Iliacusque
828 513 982 563 nitent,
1004 515 1048 554 et
1066 512 1204 554 multa
1224 511 1383 565 Syene,

233 580 293 623 Et
313 580 463 632 Chios,
485 584 530 622 et
548 581 708 634 glauca
728 580 947 622 certantia
968 579 1136 623 Doride
1162 592 1291 629 saxa,

236 711 340 750 Regia
362 712 459 743 solum
482 711 583 742 minor
605 713 649 743 est
672 711 790 743 coelesii
804 710 938 742 domino.
985 710 1045 742 Ille
1059 710 1138 742 hunc
1163 709 1271 750 implet
1291 712 1323 741 et
1346 711 1437 740 ornat
1457 717 1570 748 magno
1588 708 1691 747 genio.

236 754 305 785 Hic
327 764 461 786 marmor
483 754 636 795 Libycum
659 758 689 785 et
714 754 847 786 Iliacum
870 753 1014 786 certatim
1031 753 1174 793 fulgent,
1196 753 1246 783 hic
1271 753 1386 784 mtdtus
1409 751 1487 792 lapis
1513 751 1693 792 Syenites,

239 798 405 839 caiusque,
427 807 464 828 ac
488 807 568 829 saxu
595 797 719 829 coerutei
739 797 862 838 coloris,
877 800 908 829 et
922 797 1079 836 Luneme,
1095 797 1174 837 quod
1190 799 1312 827 tuntum
1331 795 1496 828 adhibetur
1509 794 1696 826 minuendis

848 901 948 914 ‘lm
951 901 1048 913 00000
1049 901 1089 913 Ν

237 981 293 1011 24.
308 981 349 1010 25
374 978 520 1010 Liberior
533 978 648 1019 campi,
663 980 849 1019 multumque
863 979 1024 1018 amplexus
1037 977 1153 1018 aperti,
1170 977 1315 1008 AEthereo
1329 979 1363 1008 et
1375 976 1570 1015 initiumq-e.
1591 973 1695 1006 Aldd.

239 1022 351 1055 Colin.
369 1021 503 1063 Gryph.
518 1027 555 1054 et
571 1022 679 1053 Basil.
702 1022 858 1058 Liberior,
870 1021 970 1062 campi
983 1022 1186 1062 multumque,
1195 1022 1248 1061 ⁸5⁶·
1261 1020 1294 1051 in
1308 1019 1402 1059 aliis;
1425 1019 1570 1050 Liberior
1583 1018 1698 1058 campi,

237 1066 426 1105 multumque
440 1066 599 1106 amplexus
613 1064 713 1106 operti
731 1065 879 1096 AEthereo
894 1068 937 1105 et,
952 1066 1007 1106 ⁸5⁶·
1043 1063 1237 1096 Gronovius
1253 1073 1295 1094 ex
1311 1062 1389 1094 edd.
1406 1063 1504 1094 Rom.
1520 1066 1557 1092 et
1572 1061 1696 1092 Veuet.

239 1111 272 1140 2.
321 1107 463 1139 Liberior
474 1108 572 1148 spatii
586 1108 674 1148 conj.
690 1107 926 1150 Marklandus.
971 1107 1136 1139 AEthereos
1161 1109 1192 1138 et
1213 1109 1336 1138 tuntum
1352 1106 1451 1136 Rom.
1477 1109 1512 1136 et
1534 1107 1603 1135 vet.
1620 1103 1699 1135 Liu-

240 1150 441 1192 denbrogii3
465 1151 612 1182 AEeheros
628 1151 744 1182 Parm.
761 1150 851 1192 quod
867 1151 1042 1182 revocavit
1058 1149 1293 1181 Marklaudus.
1339 1147 1502 1180 Heinsius
1519 1146 1562 1178 ad
1577 1145 1698 1178 Claud.

241 1195 346 1235 Rapt.
362 1194 459 1226 Pras.
474 1203 500 1226 1.
520 1197 594 1226 172.
612 1194 698 1235 legit
713 1205 720 1224 ι
744 1194 845 1234 operti
859 1194 1019 1230 AEtheros,
1035 1202 1078 1224 ex
1095 1193 1210 1224 Parm.
1233 1197 1270 1223 et
1285 1201 1329 1223 ex
1355 1191 1567 1233 conjectura,
1581 1188 1699 1229 eampis

241 1247 304 1279 pro
318 1237 430 1278 campi.
476 1238 677 1270 Lectiouem
693 1242 846 1269 nostram
873 1236 988 1269 firmat
1010 1235 1171 1268 Scriverii
1196 1235 1493 1277 conjectura—27
1519 1234 1586 1265 Pro
1597 1234 1702 1263 nitent

902 1332 1046 1365 NOTAE

242 1411 349 1450 nare,'
385 1412 547 1451 tauquam
580 1408 733 1440 viventia
770 1407 945 1439 dicuntur.

1003 1410 1056 1439 sat
1070 1407 1140 1439 Par
1163 1406 1284 1439 domus
1311 1411 1366 1439 est
1379 1406 1481 1446 coelo,
1506 1405 1564 1437 sed
1591 1405 1702 1437 minor

243 1459 429 1501 Virgilius:
453 1460 464 1478 ⁴
480 1458 687 1500 Geminique
714 1457 889 1489 minantur
905 1457 948 1489 In

1002 1463 1056 1490 est
1089 1456 1250 1490 domino.’
1316 1457 1500 1490 Contraria
1532 1457 1703 1488 sententia

244 1511 369 1544 coelum
386 1510 541 1551 scopuli?
584 1509 706 1542 Idem:
730 1508 897 1541 ‘Attollit
909 1518 947 1540 se

245 1560 326 1594 diva
376 1561 520 1594 Lacinia
565 1559 710 1593 contra!
767 1561 946 1592 Lucanus:

243 1610 255 1630 ⁴
273 1612 372 1644 Celso
404 1612 496 1654 petit
521 1611 652 1644 aethera
681 1609 791 1643 colle!
829 1611 951 1642 Grono-

246 1663 329 1695 vius.

249 1736 252 1740 -
291 1718 335 1747 24
357 1714 503 1746 Liberior
531 1713 644 1754 campi,
669 1713 861 1754 multumque
885 1722 952 1744 um·

246 1768 360 1808 plexus
368 1766 472 1806 aperti
485 1764 616 1806 [operti]
632 1764 689 1796 Sic
701 1765 834 1796 Statius
844 1764 952 1805 scrip-

249 1817 308 1856 sit,
323 1825 390 1847 non
405 1816 521 1856 operti,
546 1819 583 1846 ut
610 1815 688 1846 aliae
714 1815 883 1846 editiones
898 1815 954 1846 ha·

250 1865 346 1898 bent.
391 1866 503 1896 Tanta
519 1870 618 1906 patet
644 1866 762 1905 moles,
787 1875 854 1907 qua
878 1865 954 1897 sub-

250 1916 400 1948 structio
426 1915 513 1947 aulae
543 1915 683 1947 liberior
709 1919 775 1953 est,
797 1916 868 1947 late
892 1915 957 1947 cir-

252 1968 428 2008 cumjecta
442 1967 555 2007 campi
574 1965 731 2007 planitie,
745 1966 956 2007 multumque

253 2019 370 2059 operti,
391 2019 454 2048 hoc
484 2021 552 2055 est,
581 2016 668 2047 tecti
697 2016 955 2057 complectitur.

252 2069 351 2101 Dicit
366 2067 556 2100 Domitiani
583 2067 720 2098 domum
740 2067 889 2098 cinctam
906 2076 959 2098 es-

253 2130 292 2152 se
329 2120 429 2160 longo
467 2127 616 2160 aequore,
641 2127 702 2149 seu
732 2117 959 2158 capacissimo

255 2170 356 2211 atrio,
381 2173 419 2201 et
449 2174 582 2200 vastum
611 2171 741 2200 tectum
770 2168 961 2200 continere.

256 2221 404 2253 Liber-ior
415 2219 531 2261 campi]
547 2220 596 2252 Ut
611 2218 703 2260 apud
719 2219 837 2251 Silium
854 2220 864 2237 ‘
877 2219 963 2251 liber

257 2270 394 2313 campi‚'
418 2270 454 2302 id
478 2275 544 2311 est,
559 2269 671 2312 quoad
698 2279 869 2310 campum.
916 2270 960 2300 0-

254 2325 378 2363 pertum
394 2330 487 2362 vero,
497 2321 588 2363 quod
603 2325 698 2352 tecto
712 2319 881 2352 inclusum
895 2324 960 2352 est.

262 2372 362 2403 Idem.

302 2424 343 2453 25
369 2421 529 2460 AEtheros,
557 2418 738 2461 [AEthereo]
776 2422 808 2451 et
837 2422 961 2451 tantum

259 2471 383 2504 domino
398 2470 515 2510 minor]
537 2470 686 2502 AEthereo
700 2470 834 2511 domino,
848 2469 964 2501 Domi-

260 2523 368 2563 tiano,
386 2522 443 2564 qui
467 2531 503 2552 se
531 2522 645 2553 Deum
661 2521 829 2563 appellari
855 2521 964 2553 voluit

260 2574 515 2614 dominumque,
541 2572 631 2604 unde
657 2572 810 2613 peteuda
832 2576 887 2603 est
913 2581 965 2604 ra-

262 2626 311 2658 tio
347 2623 498 2666 epitheti
534 2623 696 2655 AEthereo.
747 2623 874 2665 Minor]
907 2623 964 2655 Sic

264 2675 438 2707 Martialis
466 2673 526 2706 lib.
542 2682 624 2706 vm.
643 2674 742 2715 Epig.
758 2677 812 2706 36.
840 2673 899 2706 nbi
920 2674 965 2706 de

265 2728 384 2760 eadem
414 2726 517 2759 domo
546 2726 721 2768 loquitur:
744 2727 868 2768 (ΗΜ,
899 2725 966 2758 Au-

264 2783 376 2821 guste,
393 2783 508 2812 tamen
524 2788 600 2821 quae
616 2778 748 2811 vertice
765 2778 876 2811 sidera
892 2778 966 2820 pul·

1002 1509 1191 1551 Pompeius
1212 1508 1361 1549 Magnus
1380 1506 1595 1539 Tertulliano
1617 1506 1704 1538 dici-

1002 1564 1060 1592 tur
1079 1559 1089 1576 ‘
1104 1560 1175 1591 solo
1189 1559 1326 1591 theatro
1340 1567 1401 1590 suo
1413 1557 1548 1589 minor.'

1046 1613 1088 1642 26
1110 1610 1240 1650 Ingenti
1257 1608 1474 1649 Geniojuuat]
1494 1607 1585 1639 Vide
1610 1608 1706 1649 Equo

1004 1661 1198 1694 Domitiani
1214 1670 1263 1692 vs.
1276 1662 1330 1692 58.
1377 1660 1520 1691 AEmulus
1533 1659 1600 1691 illie
1612 1659 1706 1691 Mons

1004 1711 1117 1754 Libys]
1142 1711 1296 1743 Deuotat
1321 1710 1487 1751 Libycum
1511 1719 1571 1741 seu
1589 1709 1707 1742 Numi-

1007 1762 1122 1794 dicum
1136 1770 1293 1793 marmor.
1337 1759 1497 1801 AEmulus]
1519 1760 1564 1791 Id
1580 1764 1648 1799 est,
1660 1769 1705 1791 ae-

1008 1813 1091 1845 muli
1108 1822 1165 1844 seu
1182 1812 1290 1844 invidi
1305 1812 1442 1844 eoloris.
1490 1812 1592 1851 Nam,
1606 1815 1646 1843 ut
1661 1811 1710 1842 ait

1012 1864 1165 1896 Isidorus
1190 1864 1250 1895 lib.
1276 1871 1352 1895 xvr.
1377 1873 1453 1904 cap.
1477 1866 1510 1894 ⁵.
1528 1862 1708 1895 ‘Numidi-

1010 1925 1086 1947 cum
1101 1924 1248 1945 marmor
1271 1913 1434 1946 Numidia
1449 1912 1570 1953 mittit,
1584 1912 1627 1944 ad
1650 1921 1707 1943 cu-

1011 1969 1080 1997 tem
1092 1974 1230 1996 succum
1246 1963 1354 1996 mittit
1369 1972 1472 1995 croco
1485 1963 1711 2002 similemmn·

1010 2016 1054 2047 de
1069 2020 1106 2048 et
1121 2025 1242 2047 nomen
1257 2015 1404 2056 accepit,
1420 2023 1487 2045 nou
1513 2013 1548 2044 in
1573 2012 1711 2051 crustis,

1012 2065 1074 2098 sed
1093 2067 1128 2098 in
1144 2075 1256 2097 massa
1271 2069 1306 2097 et
1321 2065 1473 2096 liminum
1489 2073 1553 2095 usu
1567 2063 1712 2104 aptum.'

1013 2117 1163 2150 Croceus
1179 2117 1269 2148 enim
1294 2117 1389 2148 color
1415 2114 1573 2157 proprius
1587 2113 1717 2145 invido-

1014 2178 1111 2201 rum:
1148 2167 1240 2200 unde
1270 2166 1402 2199 Balueo
1427 2165 1590 2197 Etrusci:
1613 2163 1715 2195 ‘Sola

1014 2219 1104 2250 nitet
1116 2217 1214 2250 ssavis
1231 2216 1422 2250 Nomadum
1437 2214 1554 2246 decisa
1567 2213 1716 2246 metallis

1014 2268 1196 2311 Purpura?
1235 2269 1282 2300 Et
1293 2266 1515 2300 Surrentino:
1538 2266 1548 2283 ⁶
1562 2265 1632 2297 Hic
1646 2265 1718 2298 No·

1014 2320 1151 2354 madum
1166 2320 1285 2351 lucent
1298 2316 1459 2350 flaventia
1474 2315 1579 2348 saxa!

1057 2373 1099 2403 27
1124 2368 1317 2411 Iliacusque]
1354 2368 1395 2399 Id
1422 2371 1488 2407 est,
1508 2365 1715 2407 Synadicum

1016 2431 1077 2453 seu
1101 2419 1291 2461 Phrygium
1319 2425 1476 2450 marmor.
1522 2416 1610 2447 Vide
1634 2415 1717 2456 Epi-

1016 2471 1178 2505 thalamio
1211 2469 1340 2502 Steuae.
1385 2468 1493 2499 Multa
1522 2465 1638 2509 Syene]
1660 2465 1717 2497 Iu-

1019 2522 1145 2563 telligit
1181 2520 1330 2562 lapidem
1356 2518 1570 2560 Syennitem.
1627 2516 1718 2549 vide

1017 2571 1255 2605 Surrentinum
1270 2565 1372 2602 Pollii
1389 2579 1436 2600 vs.
1451 2570 1504 2600 86.

1070 2625 1114 2655 28
1138 2623 1182 2654 Et
1220 2620 1331 2661 Chios]
1397 2619 1549 2650 Marmor
1585 2616 1719 2650 Chium.

1018 2673 1109 2706 Vide
1124 2671 1254 2704 ibidem
1274 2680 1327 2703 vs.
1347 2671 1403 2702 9³.
1447 2669 1493 2700 Et
1516 2669 1629 2709 glauca
1653 2677 1720 2701 eer-

1018 2724 1125 2757 tantia
1153 2722 1274 2756 Doride
1298 2719 1393 2761 saxu]
1414 2719 1472 2751 Sic
1490 2719 1720 2761 Epithalamio

1021 2776 1142 2810 Stellae
1159 2785 1168 2807 :
1188 2775 1199 2793 ‘
1212 2774 1258 2807 Et
1274 2771 1434 2806 concolor
1449 2770 1520 2803 alto
1535 2771 1638 2804 Vena
1649 2779 1719 2803 ma-
