<?xml version="1.0" encoding="UTF-8"?>
<!DOCTYPE html PUBLIC "-//W3C//DTD XHTML 1.0 Transitional//EN"
    "http://www.w3.org/TR/xhtml1/DTD/xhtml1-transitional.dtd">
<html xmlns="http://www.w3.org/1999/xhtml" xml:lang="en" lang="en">
 <head>
  <title>
</title>
<meta http-equiv="Content-Type" content="text/html;charset=utf-8" />
  <meta name='ocr-system' content='tesseract 3.04.00' />
  <meta name='ocr-capabilities' content='ocr_page ocr_carea ocr_par ocr_line ocrx_word'/>
</head>
<body>
  <div class='ocr_page' id='page_1' title='image "./operaomniaexedit01statuoft_0592.png"; bbox 0 0 1800 3060; ppageno 0'>
   <div class='ocr_carea' id='block_1_1' title="bbox 174 229 1137 272">
    <p class='ocr_par' dir='ltr' id='par_1_1' title="bbox 174 229 1137 272">
     <span class='ocr_line' id='line_1_1' title="bbox 174 229 1137 272; baseline -0.005 0"><span class='ocrx_word' id='word_1_1' title='bbox 174 229 262 272; x_wconf 76' lang='lat'><strong>582</strong></span> <span class='ocrx_word' id='word_1_2' title='bbox 670 239 715 268; x_wconf 86' lang='lat' dir='ltr'><strong>P.</strong></span> <span class='ocrx_word' id='word_1_3' title='bbox 743 237 935 268; x_wconf 74' lang='grc' dir='ltr'>ΡΑΡιΝιι</span> <span class='ocrx_word' id='word_1_4' title='bbox 969 234 1137 268; x_wconf 74' lang='lat' dir='ltr'><strong>srA&#39;rn</strong></span> 
     </span>
    </p>
   </div>
   <div class='ocr_carea' id='block_1_2' title="bbox 177 333 1640 526">
    <p class='ocr_par' dir='ltr' id='par_1_2' title="bbox 177 333 1640 526">
     <span class='ocr_line' id='line_1_2' title="bbox 177 333 1640 390; baseline -0.001 -11"><span class='ocrx_word' id='word_1_5' title='bbox 177 336 287 379; x_wconf 92' lang='lat' dir='ltr'><strong>Non</strong></span> <span class='ocrx_word' id='word_1_6' title='bbox 303 335 358 377; x_wconf 88' lang='lat' dir='ltr'><strong>de</strong></span> <span class='ocrx_word' id='word_1_7' title='bbox 378 334 515 390; x_wconf 83' lang='lat' dir='ltr'><strong>stirpe</strong></span> <span class='ocrx_word' id='word_1_8' title='bbox 536 333 728 388; x_wconf 87' lang='lat' dir='ltr'><strong>quidem,</strong></span> <span class='ocrx_word' id='word_1_9' title='bbox 748 347 832 375; x_wconf 92' lang='lat' dir='ltr'><strong>nec</strong></span> <span class='ocrx_word' id='word_1_10' title='bbox 853 334 929 388; x_wconf 90' lang='lat' dir='ltr'><strong>qui</strong></span> <span class='ocrx_word' id='word_1_11' title='bbox 950 347 1050 376; x_wconf 91' lang='lat' dir='ltr'><strong>mea</strong></span> <span class='ocrx_word' id='word_1_12' title='bbox 1068 335 1248 376; x_wconf 89' lang='lat' dir='ltr'><strong>nomina</strong></span> <span class='ocrx_word' id='word_1_13' title='bbox 1267 334 1400 376; x_wconf 85' lang='lat' dir='ltr'><strong>ferret</strong></span> <span class='ocrx_word' id='word_1_14' title='bbox 1584 335 1640 378; x_wconf 88' lang='lat'><strong>10</strong></span> 
     </span>
     <span class='ocr_line' id='line_1_3' title="bbox 178 401 1375 459; baseline -0.001 -13"><span class='ocrx_word' id='word_1_15' title='bbox 178 403 387 459; x_wconf 87' lang='lat' dir='ltr'><strong>Oraque;</strong></span> <span class='ocrx_word' id='word_1_16' title='bbox 421 415 511 444; x_wconf 89' lang='lat' dir='ltr'><strong>non</strong></span> <span class='ocrx_word' id='word_1_17' title='bbox 526 401 695 443; x_wconf 82' lang='lat' dir='ltr'><strong>fueram</strong></span> <span class='ocrx_word' id='word_1_18' title='bbox 716 403 905 456; x_wconf 83' lang='lat' dir='ltr'><strong>genitor:</strong></span> <span class='ocrx_word' id='word_1_19' title='bbox 940 402 1020 444; x_wconf 92' lang='lat' dir='ltr'><strong>sed</strong></span> <span class='ocrx_word' id='word_1_20' title='bbox 1040 403 1210 444; x_wconf 82' lang='lat' dir='ltr'>cernite</span> <span class='ocrx_word' id='word_1_21' title='bbox 1228 404 1375 454; x_wconf 90' lang='lat' dir='ltr'><strong>fletus,</strong></span> 
     </span>
     <span class='ocr_line' id='line_1_4' title="bbox 179 471 1313 526; baseline -0.002 -11"><span class='ocrx_word' id='word_1_22' title='bbox 179 473 477 526; x_wconf 84' lang='lat' dir='ltr'><strong>Liventesque</strong></span> <span class='ocrx_word' id='word_1_23' title='bbox 496 483 650 525; x_wconf 86' lang='lat' dir='ltr'><strong>genaS,</strong></span> <span class='ocrx_word' id='word_1_24' title='bbox 666 475 711 512; x_wconf 89' lang='lat' dir='ltr'><strong>et</strong></span> <span class='ocrx_word' id='word_1_25' title='bbox 731 471 896 513; x_wconf 84' lang='lat' dir='ltr'><strong>credite</strong></span> <span class='ocrx_word' id='word_1_26' title='bbox 917 471 1175 526; x_wconf 90' lang='lat' dir='ltr'><strong>planctibus</strong></span> <span class='ocrx_word' id='word_1_27' title='bbox 1192 472 1313 514; x_wconf 89' lang='lat' dir='ltr'><strong>orbi:</strong></span> 
     </span>
    </p>
   </div>
   <div class='ocr_carea' id='block_1_3' title="bbox 179 537 1410 662">
    <p class='ocr_par' dir='ltr' id='par_1_3' title="bbox 179 537 1410 662">
     <span class='ocr_line' id='line_1_5' title="bbox 180 537 1410 593; baseline -0.001 -10"><span class='ocrx_word' id='word_1_28' title='bbox 180 541 330 584; x_wconf 90' lang='lat' dir='ltr'><strong>Orbus</strong></span> <span class='ocrx_word' id='word_1_29' title='bbox 350 552 446 592; x_wconf 88' lang='lat' dir='ltr'><strong>ego.</strong></span> <span class='ocrx_word' id='word_1_30' title='bbox 506 537 613 580; x_wconf 91' lang='lat' dir='ltr'><strong>Huc</strong></span> <span class='ocrx_word' id='word_1_31' title='bbox 630 543 794 593; x_wconf 86' lang='lat' dir='ltr'><strong>patres,</strong></span> <span class='ocrx_word' id='word_1_32' title='bbox 812 543 856 580; x_wconf 90' lang='lat' dir='ltr'><strong>et</strong></span> <span class='ocrx_word' id='word_1_33' title='bbox 875 543 1030 593; x_wconf 85' lang='lat' dir='ltr'><strong>aperto</strong></span> <span class='ocrx_word' id='word_1_34' title='bbox 1050 543 1227 593; x_wconf 86' lang='lat' dir='ltr'><strong>pectore</strong></span> <span class='ocrx_word' id='word_1_35' title='bbox 1246 544 1410 582; x_wconf 87' lang='lat' dir='ltr'><strong>matres</strong></span> 
     </span>
     <span class='ocr_line' id='line_1_6' title="bbox 179 607 1346 662; baseline -0.002 -10"><span class='ocrx_word' id='word_1_36' title='bbox 179 608 474 658; x_wconf 78' lang='lat' dir='ltr'><strong>Conveniam,</strong></span> <span class='ocrx_word' id='word_1_37' title='bbox 497 607 759 662; x_wconf 88' lang='lat' dir='ltr'><strong>cineresque</strong></span> <span class='ocrx_word' id='word_1_38' title='bbox 778 607 935 658; x_wconf 86' lang='lat' dir='ltr'><strong>oculis,</strong></span> <span class='ocrx_word' id='word_1_39' title='bbox 957 612 1000 649; x_wconf 90' lang='lat' dir='ltr'><strong>et</strong></span> <span class='ocrx_word' id='word_1_40' title='bbox 1020 620 1202 649; x_wconf 87' lang='lat' dir='ltr'><strong>munera</strong></span> <span class='ocrx_word' id='word_1_41' title='bbox 1218 607 1346 650; x_wconf 85' lang='lat' dir='ltr'><strong>ferte.</strong></span> 
     </span>
    </p>
   </div>
   <div class='ocr_carea' id='block_1_4' title="bbox 182 675 1644 864">
    <p class='ocr_par' dir='ltr' id='par_1_4' title="bbox 182 675 1644 864">
     <span class='ocr_line' id='line_1_7' title="bbox 182 675 1644 732; baseline -0.003 -12"><span class='ocrx_word' id='word_1_42' title='bbox 182 679 233 721; x_wconf 93' lang='lat' dir='ltr'><strong>Si</strong></span> <span class='ocrx_word' id='word_1_43' title='bbox 253 690 341 732; x_wconf 90' lang='lat' dir='ltr'><strong>qua</strong></span> <span class='ocrx_word' id='word_1_44' title='bbox 361 677 443 718; x_wconf 92' lang='lat' dir='ltr'><strong>sub</strong></span> <span class='ocrx_word' id='word_1_45' title='bbox 462 676 674 718; x_wconf 87' lang='lat' dir='ltr'><strong>uberibus</strong></span> <span class='ocrx_word' id='word_1_46' title='bbox 694 675 839 730; x_wconf 89' lang='lat' dir='ltr'><strong>plenis</strong></span> <span class='ocrx_word' id='word_1_47' title='bbox 861 675 916 716; x_wconf 85' lang='lat' dir='ltr'><strong>ad</strong></span> <span class='ocrx_word' id='word_1_48' title='bbox 934 675 1088 717; x_wconf 88' lang='lat' dir='ltr'><strong>funera</strong></span> <span class='ocrx_word' id='word_1_49' title='bbox 1114 679 1245 717; x_wconf 90' lang='lat' dir='ltr'><strong>natos</strong></span> <span class='ocrx_word' id='word_1_50' title='bbox 1586 676 1644 717; x_wconf 84' lang='lat'><strong>15</strong></span> 
     </span>
     <span class='ocr_line' id='line_1_8' title="bbox 183 743 1295 801; baseline -0.004 -12"><span class='ocrx_word' id='word_1_51' title='bbox 183 747 295 801; x_wconf 90' lang='lat' dir='ltr'><strong>Ipsa</strong></span> <span class='ocrx_word' id='word_1_52' title='bbox 315 744 452 799; x_wconf 86' lang='lat' dir='ltr'><strong>gradu</strong></span> <span class='ocrx_word' id='word_1_53' title='bbox 471 745 643 785; x_wconf 89' lang='lat' dir='ltr'><strong>labente</strong></span> <span class='ocrx_word' id='word_1_54' title='bbox 657 744 772 794; x_wconf 92' lang='lat' dir='ltr'><strong>tulit,</strong></span> <span class='ocrx_word' id='word_1_55' title='bbox 793 743 1110 798; x_wconf 88' lang='lat' dir='ltr'><strong>madidumque</strong></span> <span class='ocrx_word' id='word_1_56' title='bbox 1131 743 1295 785; x_wconf 90' lang='lat' dir='ltr'><strong>cecidit</strong></span> 
     </span>
     <span class='ocr_line' id='line_1_9' title="bbox 183 811 1254 864; baseline -0.004 -7"><span class='ocrx_word' id='word_1_57' title='bbox 183 814 372 864; x_wconf 88' lang='lat' dir='ltr'><strong>Pectus,</strong></span> <span class='ocrx_word' id='word_1_58' title='bbox 394 816 439 854; x_wconf 88' lang='lat' dir='ltr'><strong>et</strong></span> <span class='ocrx_word' id='word_1_59' title='bbox 459 811 664 854; x_wconf 84' lang='lat' dir='ltr'><strong>ardentes</strong></span> <span class='ocrx_word' id='word_1_60' title='bbox 683 812 893 853; x_wconf 85' lang='lat' dir='ltr'><strong>restinxit</strong></span> <span class='ocrx_word' id='word_1_61' title='bbox 913 812 1029 853; x_wconf 87' lang='lat' dir='ltr'><strong>lacte</strong></span> <span class='ocrx_word' id='word_1_62' title='bbox 1047 811 1254 864; x_wconf 81' lang='lat' dir='ltr'><strong>favillas3</strong></span> 
     </span>
    </p>
   </div>
   <div class='ocr_carea' id='block_1_5' title="bbox 186 879 1647 1210">
    <p class='ocr_par' dir='ltr' id='par_1_5' title="bbox 186 879 1340 936">
     <span class='ocr_line' id='line_1_10' title="bbox 186 879 1340 936; baseline -0.002 -12"><span class='ocrx_word' id='word_1_63' title='bbox 186 881 410 936; x_wconf 86' lang='lat' dir='ltr'><strong>Quisquis</strong></span> <span class='ocrx_word' id='word_1_64' title='bbox 430 880 574 922; x_wconf 89' lang='lat' dir='ltr'><strong>adhuc</strong></span> <span class='ocrx_word' id='word_1_65' title='bbox 594 884 754 923; x_wconf 85' lang='lat' dir='ltr'><strong>tenerae</strong></span> <span class='ocrx_word' id='word_1_66' title='bbox 777 881 1000 934; x_wconf 88' lang='lat' dir='ltr'><strong>signatum</strong></span> <span class='ocrx_word' id='word_1_67' title='bbox 1021 879 1129 921; x_wconf 89' lang='lat' dir='ltr'><strong>flore</strong></span> <span class='ocrx_word' id='word_1_68' title='bbox 1142 879 1340 935; x_wconf 75' lang='lat' dir='ltr'><strong>juventa&gt;</strong></span> 
     </span>
    </p>

    <p class='ocr_par' dir='ltr' id='par_1_6' title="bbox 186 948 1272 1005">
     <span class='ocr_line' id='line_1_11' title="bbox 186 948 1272 1005; baseline -0.002 -12"><span class='ocrx_word' id='word_1_69' title='bbox 186 950 414 993; x_wconf 86' lang='lat' dir='ltr'><strong>Immersit</strong></span> <span class='ocrx_word' id='word_1_70' title='bbox 433 949 567 991; x_wconf 90' lang='lat' dir='ltr'><strong>cineri</strong></span> <span class='ocrx_word' id='word_1_71' title='bbox 582 949 807 1005; x_wconf 88' lang='lat' dir='ltr'><strong>juvenem,</strong></span> <span class='ocrx_word' id='word_1_72' title='bbox 828 950 1060 1004; x_wconf 89' lang='lat' dir='ltr'><strong>primaque</strong></span> <span class='ocrx_word' id='word_1_73' title='bbox 1074 948 1272 1004; x_wconf 86' lang='lat' dir='ltr'><strong>jacentis</strong></span> 
     </span>
    </p>

    <p class='ocr_par' dir='ltr' id='par_1_7' title="bbox 188 1016 1647 1138">
     <span class='ocr_line' id='line_1_12' title="bbox 188 1016 1647 1075; baseline -0.002 -14"><span class='ocrx_word' id='word_1_74' title='bbox 188 1019 381 1073; x_wconf 86' lang='lat' dir='ltr'><strong>Serpere</strong></span> <span class='ocrx_word' id='word_1_75' title='bbox 401 1017 601 1060; x_wconf 88' lang='lat' dir='ltr'><strong>crudeles</strong></span> <span class='ocrx_word' id='word_1_76' title='bbox 623 1017 731 1060; x_wconf 84' lang='lat' dir='ltr'><strong>vidit</strong></span> <span class='ocrx_word' id='word_1_77' title='bbox 750 1018 957 1072; x_wconf 85' lang='lat' dir='ltr'><strong>lanugine</strong></span> <span class='ocrx_word' id='word_1_78' title='bbox 977 1017 1194 1066; x_wconf 88' lang='lat' dir='ltr'><strong>flammas,</strong></span> <span class='ocrx_word' id='word_1_79' title='bbox 1370 1070 1375 1075; x_wconf 36' lang='grc'><em>,</em></span> <span class='ocrx_word' id='word_1_80' title='bbox 1588 1016 1647 1058; x_wconf 78' lang='lat'><strong>20</strong></span> 
     </span>
     <span class='ocr_line' id='line_1_13' title="bbox 189 1085 1223 1138; baseline -0.002 -9"><span class='ocrx_word' id='word_1_81' title='bbox 189 1087 342 1138; x_wconf 91' lang='lat' dir='ltr'><strong>Adsit,</strong></span> <span class='ocrx_word' id='word_1_82' title='bbox 362 1091 408 1128; x_wconf 89' lang='lat' dir='ltr'><strong>et</strong></span> <span class='ocrx_word' id='word_1_83' title='bbox 428 1086 596 1128; x_wconf 89' lang='lat' dir='ltr'><strong>alterno</strong></span> <span class='ocrx_word' id='word_1_84' title='bbox 613 1099 788 1128; x_wconf 89' lang='lat' dir='ltr'><strong>mecum</strong></span> <span class='ocrx_word' id='word_1_85' title='bbox 809 1085 1002 1128; x_wconf 89' lang='lat' dir='ltr'><strong>clamore</strong></span> <span class='ocrx_word' id='word_1_86' title='bbox 1021 1085 1223 1128; x_wconf 88' lang='lat' dir='ltr'><strong>fatiscat:</strong></span> 
     </span>
    </p>

    <p class='ocr_par' dir='ltr' id='par_1_8' title="bbox 190 1154 1234 1210">
     <span class='ocr_line' id='line_1_14' title="bbox 190 1154 1234 1210; baseline -0.002 -13"><span class='ocrx_word' id='word_1_87' title='bbox 190 1155 408 1199; x_wconf 89' lang='lat' dir='ltr'><strong>Vincetur</strong></span> <span class='ocrx_word' id='word_1_88' title='bbox 426 1155 652 1209; x_wconf 88' lang='lat' dir='ltr'><strong>lacrymis,</strong></span> <span class='ocrx_word' id='word_1_89' title='bbox 671 1158 715 1197; x_wconf 91' lang='lat' dir='ltr'><strong>et</strong></span> <span class='ocrx_word' id='word_1_90' title='bbox 736 1160 798 1207; x_wconf 89' lang='lat' dir='ltr'><strong>te,</strong></span> <span class='ocrx_word' id='word_1_91' title='bbox 822 1154 1011 1206; x_wconf 87' lang='lat' dir='ltr'><strong>Natura,</strong></span> <span class='ocrx_word' id='word_1_92' title='bbox 1031 1154 1234 1210; x_wconf 89' lang='lat' dir='ltr'><strong>pudebit.</strong></span> 
     </span>
    </p>
   </div>
   <div class='ocr_carea' id='block_1_6' title="bbox 189 1286 1660 1634">
    <p class='ocr_par' dir='ltr' id='par_1_9' title="bbox 189 1286 1660 1634">
     <span class='ocr_line' id='line_1_15' title="bbox 189 1286 1653 1330; baseline -0.002 -9"><span class='ocrx_word' id='word_1_93' title='bbox 189 1299 305 1330; x_wconf 85' lang='lat' dir='ltr'><strong>genere</strong></span> <span class='ocrx_word' id='word_1_94' title='bbox 330 1292 411 1329; x_wconf 84' lang='lat' dir='ltr'><strong>erat,</strong></span> <span class='ocrx_word' id='word_1_95' title='bbox 427 1299 482 1320; x_wconf 78' lang='lat' dir='ltr'><strong>nec</strong></span> <span class='ocrx_word' id='word_1_96' title='bbox 496 1289 551 1330; x_wconf 83' lang='lat' dir='ltr'><strong>qui</strong></span> <span class='ocrx_word' id='word_1_97' title='bbox 570 1291 714 1329; x_wconf 81' lang='lat' dir='ltr'><strong>portaret</strong></span> <span class='ocrx_word' id='word_1_98' title='bbox 729 1298 829 1321; x_wconf 85' lang='lat' dir='ltr'><strong>meum</strong></span> <span class='ocrx_word' id='word_1_99' title='bbox 844 1299 966 1329; x_wconf 84' lang='lat' dir='ltr'><strong>nomen,</strong></span> <span class='ocrx_word' id='word_1_100' title='bbox 981 1290 1178 1330; x_wconf 78' lang='lat' dir='ltr'><strong>vultumque:</strong></span> <span class='ocrx_word' id='word_1_101' title='bbox 1199 1299 1261 1320; x_wconf 86' lang='lat' dir='ltr'><strong>non</strong></span> <span class='ocrx_word' id='word_1_102' title='bbox 1281 1298 1366 1320; x_wconf 87' lang='lat' dir='ltr'><strong>eram</strong></span> <span class='ocrx_word' id='word_1_103' title='bbox 1379 1291 1480 1329; x_wconf 79' lang='lat' dir='ltr'><strong>pater.</strong></span> <span class='ocrx_word' id='word_1_104' title='bbox 1526 1287 1591 1319; x_wconf 83' lang='lat' dir='ltr'><strong>Sed</strong></span> <span class='ocrx_word' id='word_1_105' title='bbox 1606 1286 1653 1318; x_wconf 84' lang='lat' dir='ltr'><strong>vi-</strong></span> 
     </span>
     <span class='ocr_line' id='line_1_16' title="bbox 193 1330 1655 1374; baseline -0.003 -9"><span class='ocrx_word' id='word_1_106' title='bbox 193 1334 262 1365; x_wconf 81' lang='lat' dir='ltr'><strong>dete</strong></span> <span class='ocrx_word' id='word_1_107' title='bbox 276 1333 443 1374; x_wconf 74' lang='lat' dir='ltr'><strong>lacrymas,</strong></span> <span class='ocrx_word' id='word_1_108' title='bbox 466 1336 497 1364; x_wconf 81' lang='lat' dir='ltr'><strong>et</strong></span> <span class='ocrx_word' id='word_1_109' title='bbox 508 1333 674 1372; x_wconf 82' lang='lat' dir='ltr'><strong>sugillatus</strong></span> <span class='ocrx_word' id='word_1_110' title='bbox 686 1342 797 1372; x_wconf 84' lang='lat' dir='ltr'><strong>genas,</strong></span> <span class='ocrx_word' id='word_1_111' title='bbox 813 1336 842 1364; x_wconf 82' lang='lat' dir='ltr'><strong>et</strong></span> <span class='ocrx_word' id='word_1_112' title='bbox 863 1333 942 1364; x_wconf 78' lang='lat' dir='ltr'><strong>meis</strong></span> <span class='ocrx_word' id='word_1_113' title='bbox 953 1333 1129 1374; x_wconf 79' lang='lat' dir='ltr'><strong>planctibus</strong></span> <span class='ocrx_word' id='word_1_114' title='bbox 1143 1333 1248 1364; x_wconf 88' lang='lat' dir='ltr'><strong>orbum</strong></span> <span class='ocrx_word' id='word_1_115' title='bbox 1262 1343 1311 1364; x_wconf 87' lang='lat' dir='ltr'><strong>me</strong></span> <span class='ocrx_word' id='word_1_116' title='bbox 1332 1333 1459 1363; x_wconf 80' lang='lat' dir='ltr'><strong>credite.</strong></span> <span class='ocrx_word' id='word_1_117' title='bbox 1505 1330 1588 1362; x_wconf 83' lang='lat' dir='ltr'><strong>Sane</strong></span> <span class='ocrx_word' id='word_1_118' title='bbox 1599 1339 1655 1370; x_wconf 82' lang='lat' dir='ltr'><strong>ego</strong></span> 
     </span>
     <span class='ocr_line' id='line_1_17' title="bbox 193 1373 1655 1416; baseline -0.002 -9"><span class='ocrx_word' id='word_1_119' title='bbox 193 1376 297 1408; x_wconf 82' lang='lat' dir='ltr'><strong>orbus.</strong></span> <span class='ocrx_word' id='word_1_120' title='bbox 342 1377 416 1407; x_wconf 84' lang='lat' dir='ltr'><strong>Huc</strong></span> <span class='ocrx_word' id='word_1_121' title='bbox 425 1375 597 1416; x_wconf 77' lang='lat' dir='ltr'><strong>genitores,</strong></span> <span class='ocrx_word' id='word_1_122' title='bbox 613 1379 644 1407; x_wconf 86' lang='lat' dir='ltr'><strong>et</strong></span> <span class='ocrx_word' id='word_1_123' title='bbox 659 1379 775 1408; x_wconf 83' lang='lat' dir='ltr'><strong>matres</strong></span> <span class='ocrx_word' id='word_1_124' title='bbox 795 1377 911 1408; x_wconf 80' lang='lat' dir='ltr'><strong>nudato</strong></span> <span class='ocrx_word' id='word_1_125' title='bbox 927 1380 1049 1416; x_wconf 75' lang='lat' dir='ltr'><strong>pectore</strong></span> <span class='ocrx_word' id='word_1_126' title='bbox 1070 1376 1266 1415; x_wconf 80' lang='lat' dir='ltr'><strong>conveniant,</strong></span> <span class='ocrx_word' id='word_1_127' title='bbox 1281 1379 1311 1408; x_wconf 84' lang='lat' dir='ltr'><strong>et</strong></span> <span class='ocrx_word' id='word_1_128' title='bbox 1331 1377 1494 1416; x_wconf 76' lang='lat' dir='ltr'><strong>apportate</strong></span> <span class='ocrx_word' id='word_1_129' title='bbox 1507 1373 1655 1412; x_wconf 66' lang='lat' dir='ltr'><strong>mnium,</strong></span> 
     </span>
     <span class='ocr_line' id='line_1_18' title="bbox 194 1416 1659 1461; baseline -0.003 -10"><span class='ocrx_word' id='word_1_130' title='bbox 194 1423 226 1451; x_wconf 80' lang='lat' dir='ltr'><strong>et</strong></span> <span class='ocrx_word' id='word_1_131' title='bbox 241 1422 334 1461; x_wconf 73' lang='lat' dir='ltr'><strong>caput</strong></span> <span class='ocrx_word' id='word_1_132' title='bbox 347 1420 474 1460; x_wconf 80' lang='lat' dir='ltr'><strong>pulvere</strong></span> <span class='ocrx_word' id='word_1_133' title='bbox 487 1429 690 1460; x_wconf 81' lang='lat' dir='ltr'><strong>conspersum,</strong></span> <span class='ocrx_word' id='word_1_134' title='bbox 711 1419 740 1450; x_wconf 83' lang='lat' dir='ltr'><strong>si</strong></span> <span class='ocrx_word' id='word_1_135' title='bbox 756 1430 816 1461; x_wconf 83' lang='lat' dir='ltr'><strong>qua</strong></span> <span class='ocrx_word' id='word_1_136' title='bbox 836 1423 895 1459; x_wconf 84' lang='lat' dir='ltr'><strong>est,</strong></span> <span class='ocrx_word' id='word_1_137' title='bbox 919 1429 989 1460; x_wconf 77' lang='lat' dir='ltr'><strong>qua·</strong></span> <span class='ocrx_word' id='word_1_138' title='bbox 1010 1421 1087 1460; x_wconf 88' lang='lat' dir='ltr'><strong>pede</strong></span> <span class='ocrx_word' id='word_1_139' title='bbox 1110 1420 1264 1451; x_wconf 75' lang='lat' dir='ltr'><strong>titubante</strong></span> <span class='ocrx_word' id='word_1_140' title='bbox 1283 1418 1421 1460; x_wconf 74' lang='lat' dir='ltr'><strong>portavit</strong></span> <span class='ocrx_word' id='word_1_141' title='bbox 1435 1417 1492 1449; x_wconf 83' lang='lat' dir='ltr'><strong>sub</strong></span> <span class='ocrx_word' id='word_1_142' title='bbox 1515 1416 1659 1448; x_wconf 79' lang='lat' dir='ltr'><strong>mammis</strong></span> 
     </span>
     <span class='ocr_line' id='line_1_19' title="bbox 195 1459 1659 1503; baseline -0.002 -9"><span class='ocrx_word' id='word_1_143' title='bbox 195 1462 394 1502; x_wconf 65' lang='lat' dir='ltr'><strong>turgentibus</strong></span> <span class='ocrx_word' id='word_1_144' title='bbox 405 1463 445 1494; x_wconf 82' lang='lat' dir='ltr'><strong>ad</strong></span> <span class='ocrx_word' id='word_1_145' title='bbox 461 1462 585 1494; x_wconf 75' lang='lat' dir='ltr'><strong>bustum</strong></span> <span class='ocrx_word' id='word_1_146' title='bbox 594 1462 717 1501; x_wconf 81' lang='lat' dir='ltr'><strong>liberos,</strong></span> <span class='ocrx_word' id='word_1_147' title='bbox 729 1466 759 1494; x_wconf 78' lang='lat' dir='ltr'><strong>et</strong></span> <span class='ocrx_word' id='word_1_148' title='bbox 770 1464 910 1494; x_wconf 75' lang='lat' dir='ltr'><strong>contudit</strong></span> <span class='ocrx_word' id='word_1_149' title='bbox 926 1462 1085 1494; x_wconf 82' lang='lat' dir='ltr'><strong>humidum</strong></span> <span class='ocrx_word' id='word_1_150' title='bbox 1096 1466 1213 1503; x_wconf 83' lang='lat' dir='ltr'><strong>pectus,</strong></span> <span class='ocrx_word' id='word_1_151' title='bbox 1225 1466 1256 1494; x_wconf 85' lang='lat' dir='ltr'><strong>et</strong></span> <span class='ocrx_word' id='word_1_152' title='bbox 1265 1461 1380 1502; x_wconf 71' lang='lat' dir='ltr'><strong>sopivit</strong></span> <span class='ocrx_word' id='word_1_153' title='bbox 1394 1462 1474 1492; x_wconf 83' lang='lat' dir='ltr'><strong>lacte</strong></span> <span class='ocrx_word' id='word_1_154' title='bbox 1475 1459 1659 1503; x_wconf 65' lang='lat' dir='ltr'><strong>flagrantes</strong></span> 
     </span>
     <span class='ocr_line' id='line_1_20' title="bbox 195 1505 1660 1547; baseline -0.003 -10"><span class='ocrx_word' id='word_1_155' title='bbox 195 1505 323 1538; x_wconf 84' lang='lat' dir='ltr'><strong>cineres.</strong></span> <span class='ocrx_word' id='word_1_156' title='bbox 369 1506 519 1546; x_wconf 73' lang='lat' dir='ltr'><strong>Quisquis</strong></span> <span class='ocrx_word' id='word_1_157' title='bbox 541 1506 637 1537; x_wconf 83' lang='lat' dir='ltr'><strong>etiam</strong></span> <span class='ocrx_word' id='word_1_158' title='bbox 659 1505 807 1546; x_wconf 76' lang='lat' dir='ltr'><strong>imposuit</strong></span> <span class='ocrx_word' id='word_1_159' title='bbox 830 1515 906 1545; x_wconf 79' lang='lat' dir='ltr'><strong>rogo</strong></span> <span class='ocrx_word' id='word_1_160' title='bbox 927 1505 1160 1545; x_wconf 78' lang='lat' dir='ltr'><strong>adolescentem,</strong></span> <span class='ocrx_word' id='word_1_161' title='bbox 1177 1505 1348 1547; x_wconf 81' lang='lat' dir='ltr'><strong>florentem</strong></span> <span class='ocrx_word' id='word_1_162' title='bbox 1371 1508 1477 1536; x_wconf 84' lang='lat' dir='ltr'><strong>tenera</strong></span> <span class='ocrx_word' id='word_1_163' title='bbox 1498 1506 1606 1539; x_wconf 84' lang='lat' dir='ltr'><strong>oetate.</strong></span> <span class='ocrx_word' id='word_1_164' title='bbox 1627 1505 1660 1533; x_wconf 83' lang='lat' dir='ltr'><strong>et</strong></span> 
     </span>
     <span class='ocr_line' id='line_1_21' title="bbox 197 1548 1659 1590; baseline -0.003 -10"><span class='ocrx_word' id='word_1_165' title='bbox 197 1549 321 1589; x_wconf 57' lang='lat' dir='ltr'><strong>aspexi}</strong></span> <span class='ocrx_word' id='word_1_166' title='bbox 343 1559 439 1580; x_wconf 75' lang='lat' dir='ltr'><strong>saevos</strong></span> <span class='ocrx_word' id='word_1_167' title='bbox 452 1549 541 1590; x_wconf 76' lang='lat' dir='ltr'><strong>ignes</strong></span> <span class='ocrx_word' id='word_1_168' title='bbox 561 1549 696 1589; x_wconf 82' lang='lat' dir='ltr'><strong>irrepere</strong></span> <span class='ocrx_word' id='word_1_169' title='bbox 712 1549 822 1589; x_wconf 81' lang='lat' dir='ltr'><strong>primoe</strong></span> <span class='ocrx_word' id='word_1_170' title='bbox 829 1548 967 1587; x_wconf 76' lang='lat' dir='ltr'><strong>jacentis</strong></span> <span class='ocrx_word' id='word_1_171' title='bbox 982 1548 1135 1589; x_wconf 79' lang='lat' dir='ltr'><strong>lanugini,</strong></span> <span class='ocrx_word' id='word_1_172' title='bbox 1148 1549 1305 1587; x_wconf 65' lang='lat' dir='ltr'><strong>adt-enirn,</strong></span> <span class='ocrx_word' id='word_1_173' title='bbox 1319 1552 1352 1580; x_wconf 86' lang='lat' dir='ltr'><strong>et</strong></span> <span class='ocrx_word' id='word_1_174' title='bbox 1364 1548 1528 1580; x_wconf 70' lang='lat' dir='ltr'><strong>contendat</strong></span> <span class='ocrx_word' id='word_1_175' title='bbox 1542 1555 1659 1577; x_wconf 78' lang='lat' dir='ltr'><strong>mecum</strong></span> 
     </span>
     <span class='ocr_line' id='line_1_22' title="bbox 198 1589 1660 1634; baseline -0.003 -10"><span class='ocrx_word' id='word_1_176' title='bbox 198 1593 320 1624; x_wconf 72' lang='lat' dir='ltr'><strong>altem&gt;</strong></span> <span class='ocrx_word' id='word_1_177' title='bbox 330 1592 461 1632; x_wconf 69' lang='lat' dir='ltr'><strong>eiulatu.</strong></span> <span class='ocrx_word' id='word_1_178' title='bbox 504 1591 713 1633; x_wconf 78' lang='lat' dir='ltr'><strong>Superabitur</strong></span> <span class='ocrx_word' id='word_1_179' title='bbox 727 1592 860 1634; x_wconf 80' lang='lat' dir='ltr'><strong>fletibus</strong></span> <span class='ocrx_word' id='word_1_180' title='bbox 872 1592 961 1633; x_wconf 82' lang='lat' dir='ltr'><strong>meis,</strong></span> <span class='ocrx_word' id='word_1_181' title='bbox 974 1595 1005 1623; x_wconf 80' lang='lat' dir='ltr'><strong>et</strong></span> <span class='ocrx_word' id='word_1_182' title='bbox 1021 1595 1057 1623; x_wconf 87' lang='lat' dir='ltr'><strong>tu</strong></span> <span class='ocrx_word' id='word_1_183' title='bbox 1074 1596 1189 1624; x_wconf 85' lang='lat' dir='ltr'><strong>natura</strong></span> <span class='ocrx_word' id='word_1_184' title='bbox 1198 1591 1364 1624; x_wconf 77' lang='lat' dir='ltr'><strong>erubesces.</strong></span> <span class='ocrx_word' id='word_1_185' title='bbox 1411 1591 1491 1623; x_wconf 77' lang='lat' dir='ltr'><strong>&#39;l&#39;am</strong></span> <span class='ocrx_word' id='word_1_186' title='bbox 1502 1589 1660 1630; x_wconf 76' lang='lat' dir='ltr'><strong>immanis,</strong></span> 
     </span>
    </p>
   </div>
   <div class='ocr_carea' id='block_1_7' title="bbox 810 1677 1050 1691">
    <p class='ocr_par' dir='ltr' id='par_1_10' title="bbox 810 1677 1050 1691">
     <span class='ocr_line' id='line_1_23' title="bbox 810 1677 1050 1691; baseline 0.004 -1"><span class='ocrx_word' id='word_1_187' title='bbox 810 1678 827 1690; x_wconf 65' lang='lat' dir='ltr'><em>O</em></span> <span class='ocrx_word' id='word_1_188' title='bbox 832 1677 1050 1691; x_wconf 58' lang='lat' dir='ltr'><strong>OOONOO‘OOO</strong></span> 
     </span>
    </p>
   </div>
   <div class='ocr_carea' id='block_1_8' title="bbox 199 1737 1669 2346">
    <p class='ocr_par' dir='ltr' id='par_1_11' title="bbox 199 1737 1669 2346">
     <span class='ocr_line' id='line_1_24' title="bbox 199 1737 1660 1784; baseline -0.005 -8"><span class='ocrx_word' id='word_1_189' title='bbox 199 1743 398 1776; x_wconf 84' lang='lat' dir='ltr'><strong>emendatio</strong></span> <span class='ocrx_word' id='word_1_190' title='bbox 415 1743 561 1784; x_wconf 89' lang='lat' dir='ltr'><strong>Heinsii,</strong></span> <span class='ocrx_word' id='word_1_191' title='bbox 578 1753 644 1776; x_wconf 91' lang='lat' dir='ltr'><strong>non</strong></span> <span class='ocrx_word' id='word_1_192' title='bbox 661 1744 742 1776; x_wconf 83' lang='lat' dir='ltr'><strong>item</strong></span> <span class='ocrx_word' id='word_1_193' title='bbox 759 1741 965 1774; x_wconf 84' lang='lat' dir='ltr'><strong>Marklandi.</strong></span> <span class='ocrx_word' id='word_1_194' title='bbox 1010 1741 1100 1774; x_wconf 83' lang='lat' dir='ltr'><strong>Vide</strong></span> <span class='ocrx_word' id='word_1_195' title='bbox 1115 1740 1263 1773; x_wconf 89' lang='lat' dir='ltr'><strong>eundem</strong></span> <span class='ocrx_word' id='word_1_196' title='bbox 1279 1739 1461 1772; x_wconf 86' lang='lat' dir='ltr'><strong>Heinsium</strong></span> <span class='ocrx_word' id='word_1_197' title='bbox 1480 1738 1524 1770; x_wconf 85' lang='lat' dir='ltr'><strong>ad</strong></span> <span class='ocrx_word' id='word_1_198' title='bbox 1538 1737 1660 1770; x_wconf 82' lang='lat' dir='ltr'><strong>Claud.</strong></span> 
     </span>
     <span class='ocr_line' id='line_1_25' title="bbox 199 1781 1662 1828; baseline -0.005 -9"><span class='ocrx_word' id='word_1_199' title='bbox 199 1797 235 1828; x_wconf 89' lang='lat' dir='ltr'><strong>p.</strong></span> <span class='ocrx_word' id='word_1_200' title='bbox 252 1789 307 1819; x_wconf 79' lang='lat'><strong>3⁷.</strong></span> <span class='ocrx_word' id='word_1_201' title='bbox 324 1788 406 1819; x_wconf 89' lang='lat' dir='ltr'><strong>etin</strong></span> <span class='ocrx_word' id='word_1_202' title='bbox 420 1787 566 1820; x_wconf 88' lang='lat' dir='ltr'><strong>Advers.</strong></span> <span class='ocrx_word' id='word_1_203' title='bbox 579 1789 603 1820; x_wconf 91' lang='lat' dir='ltr'><strong>l.</strong></span> <span class='ocrx_word' id='word_1_204' title='bbox 619 1788 728 1819; x_wconf 89' lang='lat' dir='ltr'><strong>l.—ll</strong></span> <span class='ocrx_word' id='word_1_205' title='bbox 756 1787 861 1817; x_wconf 82' lang='lat' dir='ltr'><strong>Orave</strong></span> <span class='ocrx_word' id='word_1_206' title='bbox 875 1786 1092 1818; x_wconf 85' lang='lat' dir='ltr'><strong>Markl.—l2</strong></span> <span class='ocrx_word' id='word_1_207' title='bbox 1116 1785 1278 1816; x_wconf 86' lang='lat' dir='ltr'><strong>Heinsius</strong></span> <span class='ocrx_word' id='word_1_208' title='bbox 1291 1784 1327 1815; x_wconf 91' lang='lat' dir='ltr'><strong>in</strong></span> <span class='ocrx_word' id='word_1_209' title='bbox 1340 1782 1486 1815; x_wconf 87' lang='lat' dir='ltr'><strong>Advers.</strong></span> <span class='ocrx_word' id='word_1_210' title='bbox 1501 1783 1578 1814; x_wconf 90' lang='lat' dir='ltr'><strong>loco</strong></span> <span class='ocrx_word' id='word_1_211' title='bbox 1587 1781 1662 1823; x_wconf 81' lang='lat' dir='ltr'><strong>jain</strong></span> 
     </span>
     <span class='ocr_line' id='line_1_26' title="bbox 202 1826 1666 1872; baseline -0.005 -9"><span class='ocrx_word' id='word_1_212' title='bbox 202 1831 314 1863; x_wconf 86' lang='lat' dir='ltr'><strong>citato</strong></span> <span class='ocrx_word' id='word_1_213' title='bbox 342 1831 558 1863; x_wconf 82' lang='lat' dir='ltr'><strong>scribendum</strong></span> <span class='ocrx_word' id='word_1_214' title='bbox 589 1835 712 1872; x_wconf 80' lang='lat' dir='ltr'><strong>putat:</strong></span> <span class='ocrx_word' id='word_1_215' title='bbox 743 1833 774 1860; x_wconf 85' lang='lat' dir='ltr'><strong>et</strong></span> <span class='ocrx_word' id='word_1_216' title='bbox 804 1830 920 1861; x_wconf 83' lang='lat' dir='ltr'><strong>credite</strong></span> <span class='ocrx_word' id='word_1_217' title='bbox 935 1829 1068 1870; x_wconf 82' lang='lat' dir='ltr'><strong>fletibus</strong></span> <span class='ocrx_word' id='word_1_218' title='bbox 1092 1827 1296 1859; x_wconf 67' lang='lat' dir='ltr'><strong>orbum—13</strong></span> <span class='ocrx_word' id='word_1_219' title='bbox 1319 1826 1545 1858; x_wconf 80' lang='lat' dir='ltr'><strong>Marklandus</strong></span> <span class='ocrx_word' id='word_1_220' title='bbox 1575 1826 1666 1866; x_wconf 84' lang='lat' dir='ltr'><strong>conj.</strong></span> 
     </span>
     <span class='ocr_line' id='line_1_27' title="bbox 201 1867 1664 1915; baseline -0.005 -9"><span class='ocrx_word' id='word_1_221' title='bbox 201 1877 320 1914; x_wconf 82' lang='lat' dir='ltr'><strong>aper-tae</strong></span> <span class='ocrx_word' id='word_1_222' title='bbox 332 1877 456 1915; x_wconf 84' lang='lat' dir='ltr'><strong>pectora</strong></span> <span class='ocrx_word' id='word_1_223' title='bbox 467 1876 683 1906; x_wconf 61' lang='lat' dir='ltr'><strong>matres—14</strong></span> <span class='ocrx_word' id='word_1_224' title='bbox 707 1872 797 1904; x_wconf 91' lang='lat' dir='ltr'><strong>Edd.</strong></span> <span class='ocrx_word' id='word_1_225' title='bbox 814 1877 899 1904; x_wconf 75' lang='lat' dir='ltr'><strong>vett.</strong></span> <span class='ocrx_word' id='word_1_226' title='bbox 919 1872 1096 1912; x_wconf 80' lang='lat' dir='ltr'><strong>cineresque</strong></span> <span class='ocrx_word' id='word_1_227' title='bbox 1110 1871 1206 1902; x_wconf 83' lang='lat' dir='ltr'><strong>oculis</strong></span> <span class='ocrx_word' id='word_1_228' title='bbox 1221 1874 1251 1901; x_wconf 82' lang='lat' dir='ltr'><strong>et</strong></span> <span class='ocrx_word' id='word_1_229' title='bbox 1266 1869 1407 1902; x_wconf 82' lang='lat' dir='ltr'><strong>carmina</strong></span> <span class='ocrx_word' id='word_1_230' title='bbox 1419 1868 1519 1908; x_wconf 76' lang='lat' dir='ltr'><strong>ferte.</strong></span> <span class='ocrx_word' id='word_1_231' title='bbox 1555 1867 1664 1900; x_wconf 73' lang='lat' dir='ltr'><strong>Hein-</strong></span> 
     </span>
     <span class='ocr_line' id='line_1_28' title="bbox 204 1911 1664 1958; baseline -0.004 -10"><span class='ocrx_word' id='word_1_232' title='bbox 204 1918 274 1948; x_wconf 83' lang='lat' dir='ltr'><strong>sius</strong></span> <span class='ocrx_word' id='word_1_233' title='bbox 291 1917 327 1948; x_wconf 92' lang='lat' dir='ltr'><strong>in</strong></span> <span class='ocrx_word' id='word_1_234' title='bbox 343 1917 487 1949; x_wconf 86' lang='lat' dir='ltr'><strong>Advers.</strong></span> <span class='ocrx_word' id='word_1_235' title='bbox 511 1919 702 1958; x_wconf 79' lang='lat' dir='ltr'><strong>cineremque</strong></span> <span class='ocrx_word' id='word_1_236' title='bbox 716 1916 814 1956; x_wconf 82' lang='lat' dir='ltr'><strong>rogis.</strong></span> <span class='ocrx_word' id='word_1_237' title='bbox 859 1915 982 1947; x_wconf 82' lang='lat' dir='ltr'><strong>Lectio</strong></span> <span class='ocrx_word' id='word_1_238' title='bbox 996 1920 1113 1946; x_wconf 86' lang='lat' dir='ltr'><strong>nostra</strong></span> <span class='ocrx_word' id='word_1_239' title='bbox 1129 1914 1274 1946; x_wconf 83' lang='lat' dir='ltr'><strong>debetur</strong></span> <span class='ocrx_word' id='word_1_240' title='bbox 1296 1911 1516 1945; x_wconf 81' lang='lat' dir='ltr'><strong>Marklando.</strong></span> <span class='ocrx_word' id='word_1_241' title='bbox 1537 1911 1548 1928; x_wconf 76' lang='lat'>¹</span> <span class='ocrx_word' id='word_1_242' title='bbox 1561 1911 1664 1952; x_wconf 84' lang='lat' dir='ltr'><strong>Inep-</strong></span> 
     </span>
     <span class='ocr_line' id='line_1_29' title="bbox 202 1953 1664 2002; baseline -0.005 -11"><span class='ocrx_word' id='word_1_243' title='bbox 202 1960 354 1992; x_wconf 75' lang='lat' dir='ltr'><strong>tissimus</strong></span> <span class='ocrx_word' id='word_1_244' title='bbox 368 1966 403 1992; x_wconf 88' lang='lat' dir='ltr'><strong>et</strong></span> <span class='ocrx_word' id='word_1_245' title='bbox 416 1960 533 2002; x_wconf 89' lang='lat' dir='ltr'><strong>spurio</strong></span> <span class='ocrx_word' id='word_1_246' title='bbox 549 1960 641 1992; x_wconf 87' lang='lat' dir='ltr'><strong>omni</strong></span> <span class='ocrx_word' id='word_1_247' title='bbox 657 1961 762 1999; x_wconf 80' lang='lat' dir='ltr'><strong>magis</strong></span> <span class='ocrx_word' id='word_1_248' title='bbox 779 1958 913 1998; x_wconf 84' lang='lat' dir='ltr'><strong>spurius</strong></span> <span class='ocrx_word' id='word_1_249' title='bbox 929 1957 1066 1989; x_wconf 64' lang='lat' dir='ltr'><strong>versus?</strong></span> <span class='ocrx_word' id='word_1_250' title='bbox 1090 1957 1291 1989; x_wconf 57' lang='lat' dir='ltr'><strong>Barth—17</strong></span> <span class='ocrx_word' id='word_1_251' title='bbox 1314 1957 1385 1987; x_wconf 87' lang='lat' dir='ltr'><strong>Pro</strong></span> <span class='ocrx_word' id='word_1_252' title='bbox 1399 1953 1548 1987; x_wconf 69' lang='lat' dir='ltr'><strong>restinxit</strong></span> <span class='ocrx_word' id='word_1_253' title='bbox 1562 1953 1664 1992; x_wconf 76' lang='lat' dir='ltr'><strong>savil-</strong></span> 
     </span>
     <span class='ocr_line' id='line_1_30' title="bbox 203 1996 1665 2042; baseline -0.005 -8"><span class='ocrx_word' id='word_1_254' title='bbox 203 2003 252 2034; x_wconf 88' lang='lat' dir='ltr'><strong>las</strong></span> <span class='ocrx_word' id='word_1_255' title='bbox 266 2003 384 2036; x_wconf 86' lang='lat' dir='ltr'><strong>Parm.</strong></span> <span class='ocrx_word' id='word_1_256' title='bbox 401 2008 437 2036; x_wconf 88' lang='lat' dir='ltr'><strong>et</strong></span> <span class='ocrx_word' id='word_1_257' title='bbox 453 2005 579 2035; x_wconf 86' lang='lat' dir='ltr'><strong>venet.</strong></span> <span class='ocrx_word' id='word_1_258' title='bbox 595 2006 627 2035; x_wconf 87' lang='grc'><strong>2.</strong></span> <span class='ocrx_word' id='word_1_259' title='bbox 649 2002 816 2033; x_wconf 72' lang='lat' dir='ltr'><strong>restrinxit</strong></span> <span class='ocrx_word' id='word_1_260' title='bbox 829 2002 985 2042; x_wconf 81' lang='lat' dir='ltr'><strong>papillas,-</strong></span> <span class='ocrx_word' id='word_1_261' title='bbox 1012 2005 1050 2032; x_wconf 90' lang='lat' dir='ltr'><strong>et</strong></span> <span class='ocrx_word' id='word_1_262' title='bbox 1070 2000 1120 2031; x_wconf 90' lang='lat' dir='ltr'><strong>ita</strong></span> <span class='ocrx_word' id='word_1_263' title='bbox 1134 1999 1282 2031; x_wconf 86' lang='lat' dir='ltr'><strong>Domitii</strong></span> <span class='ocrx_word' id='word_1_264' title='bbox 1297 1997 1472 2030; x_wconf 85' lang='lat' dir='ltr'><strong>Calderini</strong></span> <span class='ocrx_word' id='word_1_265' title='bbox 1488 1996 1591 2029; x_wconf 86' lang='lat' dir='ltr'><strong>codd.</strong></span> <span class='ocrx_word' id='word_1_266' title='bbox 1606 1996 1665 2038; x_wconf 83' lang='lat' dir='ltr'><strong>qui</strong></span> 
     </span>
     <span class='ocr_line' id='line_1_31' title="bbox 203 2039 1666 2087; baseline -0.004 -10"><span class='ocrx_word' id='word_1_267' title='bbox 203 2046 334 2087; x_wconf 86' lang='lat' dir='ltr'><strong>primus</strong></span> <span class='ocrx_word' id='word_1_268' title='bbox 365 2052 459 2078; x_wconf 90' lang='lat' dir='ltr'><strong>recte</strong></span> <span class='ocrx_word' id='word_1_269' title='bbox 485 2045 571 2077; x_wconf 85' lang='lat' dir='ltr'><strong>fecit</strong></span> <span class='ocrx_word' id='word_1_270' title='bbox 596 2045 748 2086; x_wconf 66' lang='lat' dir='ltr'><strong>favillas.-</strong></span> <span class='ocrx_word' id='word_1_271' title='bbox 785 2045 928 2075; x_wconf 86' lang='lat' dir='ltr'><strong>retinuit</strong></span> <span class='ocrx_word' id='word_1_272' title='bbox 954 2050 1067 2075; x_wconf 87' lang='lat' dir='ltr'><strong>tamen</strong></span> <span class='ocrx_word' id='word_1_273' title='bbox 1097 2041 1287 2078; x_wconf 60' lang='grc' dir='ltr'><strong>κείν-ἱππῆς</strong></span> <span class='ocrx_word' id='word_1_274' title='bbox 1310 2046 1348 2074; x_wconf 89' lang='lat' dir='ltr'><strong>et</strong></span> <span class='ocrx_word' id='word_1_275' title='bbox 1375 2041 1427 2073; x_wconf 80' lang='lat' dir='ltr'><strong>ita</strong></span> <span class='ocrx_word' id='word_1_276' title='bbox 1454 2039 1599 2072; x_wconf 78' lang='lat' dir='ltr'><strong>Amstel.</strong></span> <span class='ocrx_word' id='word_1_277' title='bbox 1629 2043 1666 2071; x_wconf 84' lang='lat' dir='ltr'><strong>et</strong></span> 
     </span>
     <span class='ocr_line' id='line_1_32' title="bbox 206 2082 1668 2129; baseline -0.004 -9"><span class='ocrx_word' id='word_1_278' title='bbox 206 2089 450 2122; x_wconf 86' lang='lat' dir='ltr'><strong>Gronov.—19</strong></span> <span class='ocrx_word' id='word_1_279' title='bbox 472 2089 589 2120; x_wconf 87' lang='lat' dir='ltr'><strong>Parm.</strong></span> <span class='ocrx_word' id='word_1_280' title='bbox 608 2087 1014 2129; x_wconf 75' lang='lat' dir='ltr'><strong>prirndquejacentis.—-20</strong></span> <span class='ocrx_word' id='word_1_281' title='bbox 1037 2087 1164 2117; x_wconf 82' lang='lat' dir='ltr'><strong>Venet.</strong></span> <span class='ocrx_word' id='word_1_282' title='bbox 1179 2088 1210 2117; x_wconf 90' lang='lat'><strong>1.</strong></span> <span class='ocrx_word' id='word_1_283' title='bbox 1235 2085 1350 2117; x_wconf 82' lang='lat' dir='ltr'><strong>Pann.</strong></span> <span class='ocrx_word' id='word_1_284' title='bbox 1372 2090 1411 2116; x_wconf 88' lang='lat' dir='ltr'><strong>et</strong></span> <span class='ocrx_word' id='word_1_285' title='bbox 1429 2082 1531 2116; x_wconf 87' lang='lat' dir='ltr'><strong>codd.</strong></span> <span class='ocrx_word' id='word_1_286' title='bbox 1546 2083 1668 2114; x_wconf 88' lang='lat' dir='ltr'><strong>Domi·</strong></span> 
     </span>
     <span class='ocr_line' id='line_1_33' title="bbox 207 2126 1668 2172; baseline -0.004 -9"><span class='ocrx_word' id='word_1_287' title='bbox 207 2132 248 2163; x_wconf 89' lang='lat' dir='ltr'><strong>tii</strong></span> <span class='ocrx_word' id='word_1_288' title='bbox 272 2133 420 2172; x_wconf 72' lang='lat' dir='ltr'><strong>lanugine</strong></span> <span class='ocrx_word' id='word_1_289' title='bbox 444 2132 553 2164; x_wconf 76' lang='lat' dir='ltr'><strong>malas.</strong></span> <span class='ocrx_word' id='word_1_290' title='bbox 598 2132 774 2163; x_wconf 78' lang='lat' dir='ltr'><strong>Domitius</strong></span> <span class='ocrx_word' id='word_1_291' title='bbox 805 2130 980 2162; x_wconf 86' lang='lat' dir='ltr'><strong>correxit:</strong></span> <span class='ocrx_word' id='word_1_292' title='bbox 1004 2129 1152 2168; x_wconf 77' lang='lat' dir='ltr'><strong>lanugine</strong></span> <span class='ocrx_word' id='word_1_293' title='bbox 1167 2128 1329 2170; x_wconf 82' lang='lat' dir='ltr'><strong>flammas.</strong></span> <span class='ocrx_word' id='word_1_294' title='bbox 1352 2127 1488 2169; x_wconf 82' lang='lat' dir='ltr'><strong>‘Hujus</strong></span> <span class='ocrx_word' id='word_1_295' title='bbox 1502 2126 1570 2158; x_wconf 85' lang='lat' dir='ltr'><strong>loci</strong></span> <span class='ocrx_word' id='word_1_296' title='bbox 1586 2135 1668 2158; x_wconf 88' lang='lat' dir='ltr'><strong>con-</strong></span> 
     </span>
     <span class='ocr_line' id='line_1_34' title="bbox 208 2169 1668 2215; baseline -0.005 -8"><span class='ocrx_word' id='word_1_297' title='bbox 208 2176 432 2207; x_wconf 85' lang='lat' dir='ltr'><strong>structionem</strong></span> <span class='ocrx_word' id='word_1_298' title='bbox 446 2177 555 2207; x_wconf 89' lang='lat' dir='ltr'><strong>donec</strong></span> <span class='ocrx_word' id='word_1_299' title='bbox 572 2173 694 2215; x_wconf 88' lang='lat' dir='ltr'><strong>aliquis</strong></span> <span class='ocrx_word' id='word_1_300' title='bbox 710 2174 790 2205; x_wconf 88' lang='lat' dir='ltr'><strong>mihi</strong></span> <span class='ocrx_word' id='word_1_301' title='bbox 808 2173 1037 2214; x_wconf 85' lang='lat' dir='ltr'><strong>expediverit,</strong></span> <span class='ocrx_word' id='word_1_302' title='bbox 1049 2172 1110 2204; x_wconf 89' lang='lat' dir='ltr'><strong>det</strong></span> <span class='ocrx_word' id='word_1_303' title='bbox 1126 2172 1256 2203; x_wconf 85' lang='lat' dir='ltr'><strong>veniam</strong></span> <span class='ocrx_word' id='word_1_304' title='bbox 1273 2171 1317 2202; x_wconf 85' lang='lat' dir='ltr'><strong>ad</strong></span> <span class='ocrx_word' id='word_1_305' title='bbox 1332 2171 1422 2203; x_wconf 86' lang='lat' dir='ltr'><strong>hunc</strong></span> <span class='ocrx_word' id='word_1_306' title='bbox 1435 2169 1573 2202; x_wconf 84' lang='lat' dir='ltr'><strong>modum</strong></span> <span class='ocrx_word' id='word_1_307' title='bbox 1588 2178 1668 2201; x_wconf 90' lang='lat' dir='ltr'><strong>con-</strong></span> 
     </span>
     <span class='ocr_line' id='line_1_35' title="bbox 208 2213 1667 2260; baseline -0.005 -10"><span class='ocrx_word' id='word_1_308' title='bbox 208 2218 400 2250; x_wconf 81' lang='lat' dir='ltr'><strong>stituendi:</strong></span> <span class='ocrx_word' id='word_1_309' title='bbox 426 2217 563 2260; x_wconf 80' lang='lat' dir='ltr'><strong>Carpere</strong></span> <span class='ocrx_word' id='word_1_310' title='bbox 575 2218 728 2249; x_wconf 80' lang='lat' dir='ltr'><strong>crudelem</strong></span> <span class='ocrx_word' id='word_1_311' title='bbox 742 2217 823 2248; x_wconf 84' lang='lat' dir='ltr'><strong>vidit</strong></span> <span class='ocrx_word' id='word_1_312' title='bbox 837 2216 984 2256; x_wconf 82' lang='lat' dir='ltr'><strong>lanugine</strong></span> <span class='ocrx_word' id='word_1_313' title='bbox 998 2217 1096 2247; x_wconf 80' lang='lat' dir='ltr'><strong>malas</strong></span> <span class='ocrx_word' id='word_1_314' title='bbox 1110 2214 1218 2255; x_wconf 80' lang='lat' dir='ltr'><strong>Adsit,</strong></span> <span class='ocrx_word' id='word_1_315' title='bbox 1233 2217 1264 2246; x_wconf 87' lang='lat' dir='ltr'><strong>et</strong></span> <span class='ocrx_word' id='word_1_316' title='bbox 1278 2215 1396 2246; x_wconf 84' lang='lat' dir='ltr'><strong>alterno</strong></span> <span class='ocrx_word' id='word_1_317' title='bbox 1410 2222 1527 2246; x_wconf 86' lang='lat' dir='ltr'><strong>mecum</strong></span> <span class='ocrx_word' id='word_1_318' title='bbox 1536 2213 1667 2244; x_wconf 62' lang='lat' dir='ltr'><strong>clamve</strong></span> 
     </span>
     <span class='ocr_line' id='line_1_36' title="bbox 201 2257 1667 2301; baseline -0.005 -8"><span class='ocrx_word' id='word_1_319' title='bbox 201 2261 349 2301; x_wconf 78' lang='lat' dir='ltr'><strong>fatiscat.</strong></span> <span class='ocrx_word' id='word_1_320' title='bbox 396 2261 494 2294; x_wconf 90' lang='lat' dir='ltr'><strong>Ordo</strong></span> <span class='ocrx_word' id='word_1_321' title='bbox 521 2266 574 2293; x_wconf 87' lang='lat' dir='ltr'><strong>est</strong></span> <span class='ocrx_word' id='word_1_322' title='bbox 590 2272 599 2292; x_wconf 76' lang='grc' dir='ltr'>ε</span> <span class='ocrx_word' id='word_1_323' title='bbox 635 2261 680 2292; x_wconf 85' lang='lat' dir='ltr'><strong>Et</strong></span> <span class='ocrx_word' id='word_1_324' title='bbox 713 2259 799 2291; x_wconf 80' lang='lat' dir='ltr'><strong>vidit</strong></span> <span class='ocrx_word' id='word_1_325' title='bbox 824 2259 1013 2297; x_wconf 83' lang='lat' dir='ltr'><strong>crudelem,</strong></span> <span class='ocrx_word' id='word_1_326' title='bbox 1039 2258 1189 2290; x_wconf 87' lang='lat' dir='ltr'><strong>cinerem</strong></span> <span class='ocrx_word' id='word_1_327' title='bbox 1218 2257 1363 2297; x_wconf 87' lang='lat' dir='ltr'><strong>scilicet,</strong></span> <span class='ocrx_word' id='word_1_328' title='bbox 1395 2265 1539 2297; x_wconf 85' lang='lat' dir='ltr'><strong>carpere</strong></span> <span class='ocrx_word' id='word_1_329' title='bbox 1561 2257 1667 2287; x_wconf 80' lang='lat' dir='ltr'><strong>maias</strong></span> 
     </span>
     <span class='ocr_line' id='line_1_37' title="bbox 203 2299 1669 2346; baseline -0.005 -10"><span class='ocrx_word' id='word_1_330' title='bbox 203 2304 356 2345; x_wconf 78' lang='lat' dir='ltr'><strong>jacentis</strong></span> <span class='ocrx_word' id='word_1_331' title='bbox 371 2305 483 2346; x_wconf 82' lang='lat' dir='ltr'><strong>prima</strong></span> <span class='ocrx_word' id='word_1_332' title='bbox 497 2303 680 2346; x_wconf 64' lang='lat' dir='ltr'><strong>lanugine?</strong></span> <span class='ocrx_word' id='word_1_333' title='bbox 707 2303 835 2342; x_wconf 80' lang='lat' dir='ltr'><strong>Wakes.</strong></span> <span class='ocrx_word' id='word_1_334' title='bbox 881 2301 969 2334; x_wconf 89' lang='lat' dir='ltr'><strong>Vide</strong></span> <span class='ocrx_word' id='word_1_335' title='bbox 985 2301 1079 2343; x_wconf 87' lang='lat' dir='ltr'><strong>Sylv.</strong></span> <span class='ocrx_word' id='word_1_336' title='bbox 1095 2301 1183 2334; x_wconf 80' lang='lat' dir='ltr'><strong>erit.</strong></span> <span class='ocrx_word' id='word_1_337' title='bbox 1197 2301 1296 2333; x_wconf 81' lang='lat' dir='ltr'><strong>Part.</strong></span> <span class='ocrx_word' id='word_1_338' title='bbox 1309 2309 1359 2333; x_wconf 80' lang='grc' dir='ltr'><strong>ιν.</strong></span> <span class='ocrx_word' id='word_1_339' title='bbox 1375 2309 1410 2342; x_wconf 87' lang='lat' dir='ltr'><strong>p.</strong></span> <span class='ocrx_word' id='word_1_340' title='bbox 1423 2302 1476 2332; x_wconf 81' lang='lat'><strong>23.</strong></span> <span class='ocrx_word' id='word_1_341' title='bbox 1497 2299 1624 2331; x_wconf 82' lang='lat' dir='ltr'><strong>Venet.</strong></span> <span class='ocrx_word' id='word_1_342' title='bbox 1635 2300 1669 2329; x_wconf 78' lang='lat'><strong>2.</strong></span> 
     </span>
    </p>
   </div>
   <div class='ocr_carea' id='block_1_9' title="bbox 868 2388 1011 2422">
    <p class='ocr_par' dir='ltr' id='par_1_12' title="bbox 868 2388 1011 2422">
     <span class='ocr_line' id='line_1_38' title="bbox 868 2388 1011 2422; baseline -0.014 0"><span class='ocrx_word' id='word_1_343' title='bbox 868 2388 1011 2422; x_wconf 81' lang='lat' dir='ltr'>NOTAE</span> 
     </span>
    </p>
   </div>
   <div class='ocr_carea' id='block_1_10' title="bbox 211 2450 1676 2751">
    <p class='ocr_par' dir='ltr' id='par_1_13' title="bbox 213 2450 1345 2497">
     <span class='ocr_line' id='line_1_39' title="bbox 213 2450 1345 2497; baseline -0.006 -9"><span class='ocrx_word' id='word_1_344' title='bbox 213 2455 314 2488; x_wconf 79' lang='lat' dir='ltr'><strong>animi</strong></span> <span class='ocrx_word' id='word_1_345' title='bbox 341 2454 576 2497; x_wconf 81' lang='lat' dir='ltr'><strong>penetralibus</strong></span> <span class='ocrx_word' id='word_1_346' title='bbox 606 2454 693 2491; x_wconf 86' lang='lat' dir='ltr'><strong>imis,</strong></span> <span class='ocrx_word' id='word_1_347' title='bbox 711 2457 814 2486; x_wconf 83' lang='lat' dir='ltr'><strong>nocte</strong></span> <span class='ocrx_word' id='word_1_348' title='bbox 842 2452 915 2484; x_wconf 88' lang='lat' dir='ltr'><strong>die·</strong></span> <span class='ocrx_word' id='word_1_349' title='bbox 1014 2455 1053 2485; x_wconf 86' lang='lat'><strong>15</strong></span> <span class='ocrx_word' id='word_1_350' title='bbox 1078 2450 1201 2491; x_wconf 74' lang='lat' dir='ltr'><strong>Ptenis]</strong></span> <span class='ocrx_word' id='word_1_351' title='bbox 1225 2450 1345 2482; x_wconf 82' lang='lat' dir='ltr'><strong>Lacte.</strong></span> 
     </span>
    </p>

    <p class='ocr_par' dir='ltr' id='par_1_14' title="bbox 211 2496 1671 2549">
     <span class='ocr_line' id='line_1_40' title="bbox 211 2496 1671 2549; baseline -0.007 -10"><span class='ocrx_word' id='word_1_352' title='bbox 211 2516 280 2549; x_wconf 83' lang='lat' dir='ltr'><strong>que</strong></span> <span class='ocrx_word' id='word_1_353' title='bbox 297 2506 416 2538; x_wconf 65' lang='lat' dir='ltr'><strong>tenes?</strong></span> <span class='ocrx_word' id='word_1_354' title='bbox 459 2507 505 2538; x_wconf 89' lang='lat' dir='ltr'><strong>Et</strong></span> <span class='ocrx_word' id='word_1_355' title='bbox 527 2507 669 2538; x_wconf 88' lang='lat' dir='ltr'><strong>Pietate</strong></span> <span class='ocrx_word' id='word_1_356' title='bbox 692 2505 915 2537; x_wconf 86' lang='lat' dir='ltr'><strong>Abascantii:</strong></span> <span class='ocrx_word' id='word_1_357' title='bbox 1014 2505 1055 2534; x_wconf 85' lang='grc'><strong>17</strong></span> <span class='ocrx_word' id='word_1_358' title='bbox 1078 2503 1234 2534; x_wconf 80' lang='lat' dir='ltr'><strong>Ardentes</strong></span> <span class='ocrx_word' id='word_1_359' title='bbox 1255 2499 1404 2532; x_wconf 76' lang='lat' dir='ltr'><strong>restinxit</strong></span> <span class='ocrx_word' id='word_1_360' title='bbox 1427 2499 1508 2530; x_wconf 78' lang='lat' dir='ltr'><strong>lacte</strong></span> <span class='ocrx_word' id='word_1_361' title='bbox 1524 2496 1671 2538; x_wconf 76' lang='lat' dir='ltr'><strong>favillas]</strong></span> 
     </span>
    </p>

    <p class='ocr_par' dir='ltr' id='par_1_15' title="bbox 211 2548 1676 2699">
     <span class='ocr_line' id='line_1_41' title="bbox 211 2548 1672 2599; baseline -0.008 -10"><span class='ocrx_word' id='word_1_362' title='bbox 211 2559 221 2576; x_wconf 93' lang='lat'>‘</span> <span class='ocrx_word' id='word_1_363' title='bbox 238 2557 436 2589; x_wconf 85' lang='lat' dir='ltr'><strong>Visceribus</strong></span> <span class='ocrx_word' id='word_1_364' title='bbox 451 2558 534 2589; x_wconf 88' lang='lat' dir='ltr'><strong>totis</strong></span> <span class='ocrx_word' id='word_1_365' title='bbox 547 2558 726 2599; x_wconf 86' lang='lat' dir='ltr'><strong>animoque</strong></span> <span class='ocrx_word' id='word_1_366' title='bbox 736 2554 915 2598; x_wconf 66' lang='lat' dir='ltr'><strong>amplexa?</strong></span> <span class='ocrx_word' id='word_1_367' title='bbox 971 2553 1105 2586; x_wconf 85' lang='lat' dir='ltr'><strong>Alludit</strong></span> <span class='ocrx_word' id='word_1_368' title='bbox 1133 2552 1177 2584; x_wconf 85' lang='lat' dir='ltr'><strong>ad</strong></span> <span class='ocrx_word' id='word_1_369' title='bbox 1205 2560 1346 2591; x_wconf 85' lang='lat' dir='ltr'><strong>morem,</strong></span> <span class='ocrx_word' id='word_1_370' title='bbox 1371 2559 1438 2592; x_wconf 88' lang='lat' dir='ltr'><strong>quo</strong></span> <span class='ocrx_word' id='word_1_371' title='bbox 1467 2558 1568 2589; x_wconf 80' lang='lat' dir='ltr'><strong>rogus</strong></span> <span class='ocrx_word' id='word_1_372' title='bbox 1592 2548 1672 2578; x_wconf 87' lang='lat' dir='ltr'><strong>vino</strong></span> 
     </span>
     <span class='ocr_line' id='line_1_42' title="bbox 257 2597 1673 2649; baseline -0.006 -9"><span class='ocrx_word' id='word_1_373' title='bbox 257 2611 299 2640; x_wconf 76' lang='lat'><strong>13</strong></span> <span class='ocrx_word' id='word_1_374' title='bbox 322 2607 458 2649; x_wconf 76' lang='lat' dir='ltr'><strong>Aperta]</strong></span> <span class='ocrx_word' id='word_1_375' title='bbox 480 2609 529 2639; x_wconf 89' lang='lat' dir='ltr'><strong>Ut</strong></span> <span class='ocrx_word' id='word_1_376' title='bbox 544 2608 584 2639; x_wconf 84' lang='lat' dir='ltr'><strong>fit</strong></span> <span class='ocrx_word' id='word_1_377' title='bbox 599 2608 633 2639; x_wconf 90' lang='lat' dir='ltr'><strong>in</strong></span> <span class='ocrx_word' id='word_1_378' title='bbox 648 2609 757 2640; x_wconf 89' lang='lat' dir='ltr'><strong>luctu.</strong></span> <span class='ocrx_word' id='word_1_379' title='bbox 972 2604 1253 2646; x_wconf 82' lang='lat' dir='ltr'><strong>extinguebatur,</strong></span> <span class='ocrx_word' id='word_1_380' title='bbox 1269 2607 1308 2634; x_wconf 89' lang='lat' dir='ltr'><strong>ut</strong></span> <span class='ocrx_word' id='word_1_381' title='bbox 1329 2601 1473 2633; x_wconf 81' lang='lat' dir='ltr'><strong>vidimus</strong></span> <span class='ocrx_word' id='word_1_382' title='bbox 1494 2597 1537 2630; x_wconf 75' lang='lat' dir='ltr'><strong>ad</strong></span> <span class='ocrx_word' id='word_1_383' title='bbox 1554 2608 1602 2630; x_wconf 84' lang='lat' dir='ltr'><strong>vs.</strong></span> <span class='ocrx_word' id='word_1_384' title='bbox 1617 2601 1673 2631; x_wconf 83' lang='grc'><strong>69.</strong></span> 
     </span>
     <span class='ocr_line' id='line_1_43' title="bbox 260 2650 1676 2699; baseline -0.006 -9"><span class='ocrx_word' id='word_1_385' title='bbox 260 2661 302 2690; x_wconf 83' lang='grc'><strong>14</strong></span> <span class='ocrx_word' id='word_1_386' title='bbox 328 2659 516 2699; x_wconf 77' lang='lat' dir='ltr'><strong>Cineresque</strong></span> <span class='ocrx_word' id='word_1_387' title='bbox 530 2658 640 2698; x_wconf 78' lang='lat' dir='ltr'><strong>oculis]</strong></span> <span class='ocrx_word' id='word_1_388' title='bbox 662 2658 805 2690; x_wconf 89' lang='lat' dir='ltr'><strong>Vultum</strong></span> <span class='ocrx_word' id='word_1_389' title='bbox 829 2656 916 2688; x_wconf 88' lang='lat' dir='ltr'><strong>enim</strong></span> <span class='ocrx_word' id='word_1_390' title='bbox 973 2657 1144 2690; x_wconf 81' lang='lat' dir='ltr'><strong>Consolat.</strong></span> <span class='ocrx_word' id='word_1_391' title='bbox 1160 2656 1202 2687; x_wconf 88' lang='lat' dir='ltr'><strong>ad</strong></span> <span class='ocrx_word' id='word_1_392' title='bbox 1219 2656 1355 2687; x_wconf 87' lang='lat' dir='ltr'><strong>Ursum.</strong></span> <span class='ocrx_word' id='word_1_393' title='bbox 1389 2651 1458 2684; x_wconf 91' lang='lat' dir='ltr'><strong>Sed</strong></span> <span class='ocrx_word' id='word_1_394' title='bbox 1474 2660 1551 2682; x_wconf 89' lang='lat' dir='ltr'><strong>cum</strong></span> <span class='ocrx_word' id='word_1_395' title='bbox 1567 2650 1610 2682; x_wconf 88' lang='lat' dir='ltr'><strong>de</strong></span> <span class='ocrx_word' id='word_1_396' title='bbox 1625 2651 1676 2682; x_wconf 87' lang='lat' dir='ltr'><strong>in-</strong></span> 
     </span>
    </p>

    <p class='ocr_par' dir='ltr' id='par_1_16' title="bbox 217 2699 1675 2751">
     <span class='ocr_line' id='line_1_44' title="bbox 217 2699 1675 2751; baseline -0.009 -8"><span class='ocrx_word' id='word_1_397' title='bbox 217 2721 258 2743; x_wconf 84' lang='lat' dir='ltr'><strong>ac</strong></span> <span class='ocrx_word' id='word_1_398' title='bbox 282 2714 388 2751; x_wconf 87' lang='lat' dir='ltr'><strong>caput</strong></span> <span class='ocrx_word' id='word_1_399' title='bbox 402 2709 518 2741; x_wconf 87' lang='lat' dir='ltr'><strong>cinere</strong></span> <span class='ocrx_word' id='word_1_400' title='bbox 540 2719 581 2741; x_wconf 88' lang='lat' dir='ltr'><strong>ac</strong></span> <span class='ocrx_word' id='word_1_401' title='bbox 602 2710 744 2750; x_wconf 88' lang='lat' dir='ltr'><strong>pulvere</strong></span> <span class='ocrx_word' id='word_1_402' title='bbox 759 2719 920 2751; x_wconf 84' lang='lat' dir='ltr'><strong>consper-</strong></span> <span class='ocrx_word' id='word_1_403' title='bbox 973 2706 1070 2739; x_wconf 82' lang='lat' dir='ltr'><strong>fante</strong></span> <span class='ocrx_word' id='word_1_404' title='bbox 1099 2706 1272 2748; x_wconf 85' lang='lat' dir='ltr'><strong>loquatur,</strong></span> <span class='ocrx_word' id='word_1_405' title='bbox 1300 2700 1554 2744; x_wconf 79' lang='lat' dir='ltr'><strong>elegantissime</strong></span> <span class='ocrx_word' id='word_1_406' title='bbox 1588 2699 1675 2732; x_wconf 80' lang='lat' dir='ltr'><strong>dicit</strong></span> 
     </span>
    </p>
   </div>
   <div class='ocr_carea' id='block_1_11' title="bbox 218 2751 1674 2845">
    <p class='ocr_par' dir='ltr' id='par_1_17' title="bbox 218 2751 1674 2845">
     <span class='ocr_line' id='line_1_45' title="bbox 218 2751 1674 2804; baseline -0.008 -10"><span class='ocrx_word' id='word_1_407' title='bbox 218 2762 358 2804; x_wconf 88' lang='lat' dir='ltr'><strong>gebant.</strong></span> <span class='ocrx_word' id='word_1_408' title='bbox 402 2761 538 2793; x_wconf 81' lang='lat' dir='ltr'><strong>Munera</strong></span> <span class='ocrx_word' id='word_1_409' title='bbox 566 2760 739 2803; x_wconf 83' lang='lat' dir='ltr'><strong>[carmina]</strong></span> <span class='ocrx_word' id='word_1_410' title='bbox 778 2760 834 2793; x_wconf 90' lang='lat' dir='ltr'><strong>Ad</strong></span> <span class='ocrx_word' id='word_1_411' title='bbox 866 2770 920 2793; x_wconf 88' lang='lat' dir='ltr'><strong>me</strong></span> <span class='ocrx_word' id='word_1_412' title='bbox 975 2762 1120 2790; x_wconf 85' lang='lat' dir='ltr'><strong>matrem</strong></span> <span class='ocrx_word' id='word_1_413' title='bbox 1137 2757 1229 2789; x_wconf 81' lang='lat' dir='ltr'><strong>lacte</strong></span> <span class='ocrx_word' id='word_1_414' title='bbox 1238 2753 1440 2787; x_wconf 82' lang='lat' dir='ltr'><strong>restinxisse</strong></span> <span class='ocrx_word' id='word_1_415' title='bbox 1455 2751 1674 2794; x_wconf 61' lang='lat' dir='ltr'><strong>cinnamon</strong></span> 
     </span>
     <span class='ocr_line' id='line_1_46' title="bbox 219 2809 1069 2845; baseline -0.005 0"><span class='ocrx_word' id='word_1_416' title='bbox 219 2811 474 2845; x_wconf 86' lang='lat' dir='ltr'><strong>consolandum.</strong></span> <span class='ocrx_word' id='word_1_417' title='bbox 977 2809 1069 2842; x_wconf 86' lang='lat' dir='ltr'><strong>vino.</strong></span> 
     </span>
    </p>
   </div>
  </div>
 </body>
</html>
