1800 3060
242 215 330 258 438

743 228 784 258 P.
817 229 1011 260 PAl'INll

1047 229 1212 261 STA'rtl

244 325 535 379 Tempestiva
555 324 707 379 quies:
738 324 882 380 major
901 328 1006 380 post
1026 326 1119 368 otia
1139 328 1296 371 virtus.

243 393 370 436 Talis
391 398 573 435 cantata
595 392 799 435 Briseide
819 394 941 436 venit
962 393 1162 449 Achilles

1657 397 1715 440 35

245 460 419 511 Acrior,
442 465 487 502 et
507 461 665 515 positis
686 461 831 515 erupit
850 461 894 502 in
917 461 1121 504 Hectora
1146 463 1344 516 plectris.

242 529 310 571 Te
333 542 513 583 quoque
533 530 779 571 flammabit
800 529 935 571 tacite
957 531 1143 584 repetita
1163 544 1400 585 parumper

244 597 447 648 Desidia,
466 601 509 639 et
529 598 688 638 solitos
711 610 857 639 novus
875 597 1105 639 exultabis
1129 597 1175 639 in
1197 602 1340 640 actus.

244 663 374 707 Certe
391 664 487 719 jam
509 665 654 708 Latiae
675 678 763 707 non
781 666 966 707 miscent
978 666 1127 721 jurgia
1149 666 1287 720 leges,

240 815 311 852 post
332 812 431 844 otium
456 812 567 846 virtus.
613 813 670 845 Sic
685 812 824 845 Achilles
839 813 923 845 redit
944 814 1048 845 acrior
1069 816 1139 855 post
1163 817 1322 846 cantatam
1348 814 1507 854 Briseida,
1522 817 1553 847 et
1568 815 1664 847 imit
1679 815 1715 847 in

245 854 416 887 Hectorem
430 857 560 888 dimisso
574 857 705 896 pectine.
750 858 793 888 Te
814 866 931 897 quoque
945 857 1110 897 repetitum
1125 867 1294 898 parumper
1308 858 1407 889 atium
1421 861 1500 890 mire
1514 860 1673 900 accendet,
1685 861 1716 889 et

242 907 339 930 novus
354 900 510 931 exultabis
523 901 565 932 ad
579 900 687 932 solitos
701 902 802 932 actus.
837 900 932 931 Nunc
947 903 1029 931 certe
1047 900 1170 931 Lalinae
1185 901 1269 940 leges
1283 911 1343 932 non
1358 904 1500 942 strepunt
1517 901 1635 934 litibus.
1670 902 1714 932 Et

857 1016 1098 1028 “O‘OONNOO

246 1101 349 1134 mabit
364 1102 485 1140 tacite,⁸
507 1103 735 1135 Marklandus
763 1103 1003 1144 suspicabatur
1029 1103 1174 1135 Marcelli
1199 1113 1323 1135 nomen
1347 1103 1456 1135 latere
1483 1103 1545 1134 sub
1570 1101 1622 1134 his
1648 1101 1715 1141 syl-

247 1145 356 1176 labis:
383 1146 482 1177 mabit
511 1147 607 1178 tacite
631 1157 686 1184 re;
717 1150 754 1178 et
784 1147 932 1179 Statium
961 1147 1162 1188 scripsisse:
1197 1147 1240 1178 Te
1267 1157 1385 1188 quoque
1404 1145 1595 1187 flammabit,
1623 1145 1716 1176 Mar-

245 1189 335 1227 celle,
363 1188 464 1227 petita
495 1193 762 1231 patrumm—38
798 1190 980 1222 Editiones
1011 1200 1128 1222 omnes
1160 1191 1294 1222 etiam:
1325 1193 1356 1220 et
1383 1191 1510 1221 solidos.
1555 1187 1716 1221 Correxit

247 1232 426 1269 Barthius‚
464 1232 605 1275 ejusque
643 1233 895 1265 correctionem
934 1233 998 1265 sibi
1036 1238 1177 1275 arrogat
1216 1232 1455 1265 Marklandus.

1514 1231 1585 1263 Pro
1621 1239 1717 1262 novus

906 1339 1054 1373 NOTAE

243 1413 330 1455 quies
337 1424 349 1452 ,·
372 1414 471 1454 major
494 1418 563 1455 post
590 1414 656 1447 otia
681 1416 799 1457 virtus]
820 1417 951 1449 Seneca

245 1476 321 1507 cap.
360 1467 423 1498 ult.
457 1466 498 1498 de
536 1467 803 1509 Tranquillitate
833 1469 949 1500 vitae:

243 1520 253 1535 ‘
273 1517 400 1549 Danda
427 1522 480 1549 est
508 1518 661 1549 remissio
689 1519 832 1550 animis:
856 1519 952 1551 meli-

244 1577 321 1600 ores
358 1569 577 1610 acrioresque
617 1568 764 1611 requieti
797 1574 951 1610 surgent.

244 1620 294 1652 Ut
310 1619 484 1651 fertilibus
512 1620 600 1660 agris
622 1629 690 1651 non
711 1625 765 1652 est
782 1620 953 1662 imperan-

245 1670 346 1710 dum;
371 1672 440 1703 cito
462 1671 551 1703 enim
568 1671 750 1704 exhauriet
773 1672 848 1703 illos
869 1682 954 1704 nun·

246 1732 344 1764 quam
360 1721 553 1754 intermissa
563 1721 770 1754 foecunditas
785 1733 794 1762 ;
818 1723 868 1755 ita
883 1723 954 1755 ani·

243 1782 376 1804 morum
401 1772 551 1814 impetus
568 1773 723 1805 assiduus
747 1773 845 1806 labor
860 1774 954 1806 fran-

246 1822 309 1864 git.
334 1823 433 1854 Vires
449 1823 625 1864 recipiunt
641 1824 779 1864 paulum
795 1825 954 1866 resoluti,

245 1877 283 1904 et
308 1873 453 1904 remissi.
501 1873 665 1905 Nascitur
681 1883 725 1905 ex
749 1874 952 1906 assiduitate

242 1923 399 1955 laborum
431 1922 620 1954 animorum
649 1923 827 1955 hebetatio
860 1933 952 1965 quae-

244 1973 325 2005 dam
341 1978 376 2004 et
391 1972 560 2014 languor!
604 1973 650 2004 Et
667 1973 798 2006 Seneca
824 1975 953 2006 Rlietor

245 2024 407 2058 Controv.
429 2022 490 2054 lib,
517 2031 543 2055 1.
588 2023 597 2040 ‘
616 2023 786 2056 Omnibus
814 2025 952 2066 quidem

244 2073 388 2115 prodest
415 2073 562 2104 subinde
590 2074 737 2106 animum
772 2076 950 2108 relaxare:

245 2123 418 2156 excitatur
445 2123 534 2154 enim
559 2124 631 2155 otio
647 2125 768 2165 vigor!
814 2127 877 2158 Est
903 2131 952 2158 ta-

243 2185 322 2207 men
340 2175 504 2206 monitum
519 2175 646 2206 veteris
661 2177 823 2217 auctoris,
837 2187 952 2209 arcum

244 2226 348 2258 studii
373 2225 550 2266 sapientiae
576 2224 690 2268 ἀνέσει,
705 2226 739 2258 id
756 2232 821 2268 est,
843 2229 952 2260 remis-

242 2276 341 2317 sione,
360 2275 562 2308 solvendum
586 2286 653 2308 non
678 2287 767 2318 esse,
788 2283 827 2310 ut
850 2278 952 2310 Lae'r-

246 2328 315 2360 tius
333 2327 440 2359 refert
455 2328 715 2368 Epigrammate
729 2329 764 2360 in
779 2330 953 2371 Theophr-

243 2379 310 2410 Οὐκ
325 2377 384 2420 ἄρα
397 2379 492 2410 τοῦτο
505 2376 634 2417 μάταιον
649 2377 721 2411 ἔπος
740 2379 881 2421 μερόπων
892 2379 952 2412 τινὶ

242 2428 357 2470 λέχθη,
369 2428 552 2469 Ῥήγνυσθαι
562 2427 675 2469 σοφίης
685 2429 772 2470 τόξον
782 2430 948 2469 ἀνιέμενον.

247 2482 342 2513 Certe
352 2490 411 2511 mm
426 2481 481 2510 hoc
491 2489 568 2511 vane
579 2481 696 2511 dictum
708 2484 755 2512 est
769 2491 788 2512 a
798 2482 926 2521 quodam
938 2492 950 2513 .-

244 2530 420 2571 Rumpitur
434 2539 528 2560 arcus
541 2530 704 2570 sapientiae
720 2531 876 2563 remissus.

284 2585 328 2614 35
355 2582 493 2612 cantata
514 2581 677 2622 Briseide]
702 2582 949 2623 Hippodamia,

243 2632 376 2665 Briseis
393 2636 512 2664 vocata
524 2641 544 2662 a
560 2638 659 2673 patre
676 2633 789 2673 Brise,
805 2635 839 2665 in
864 2634 951 2666 divi-

243 2685 338 2716 sione
355 2683 483 2725 praedae
499 2682 593 2714 facta
610 2685 698 2715 inter
714 2684 820 2716 duces
849 2685 949 2718 Grae-

242 2746 311 2777 cos,
329 2736 452 2767 Achilli
468 2734 669 2767 obvenerat.
713 2735 949 2777 Agamemnon

243 2793 359 2822 autem
373 2791 510 2820 coactus
525 2785 716 2827 Chryseida
729 2788 823 2828 patri
842 2788 950 2830 Chry-

1006 1428 1053 1449 sae
1094 1416 1252 1457 reddere,
1279 1417 1371 1448 illam
1406 1414 1533 1448 Achilli
1562 1414 1712 1455 eripuit:

1006 1468 1095 1500 unde
1121 1469 1216 1510 gravi
1241 1468 1415 1500 simultate
1438 1467 1530 1498 inter
1549 1475 1608 1497 eos
1624 1469 1714 1505 orta,

1007 1518 1159 1551 Achilles
1175 1519 1266 1550 intra
1279 1518 1467 1550 tentorium
1481 1527 1518 1548 se
1531 1515 1716 1555 continuit,

1006 1579 1072 1601 nec
1099 1569 1216 1600 induci
1234 1569 1360 1610 potuit,
1376 1572 1417 1599 ut
1438 1576 1531 1599 arma
1548 1570 1714 1607 sumeret,

1008 1619 1091 1651 licet
1112 1619 1254 1660 Trojani
1275 1618 1408 1659 magnis
1433 1617 1588 1650 cladibus
1615 1617 1714 1649 Gra?-

1008 1680 1064 1703 cos
1081 1670 1272 1702 afficerent.
1319 1669 1469 1702 Reddita
1482 1669 1620 1701 tandem
1636 1667 1716 1700 Bri·
1747 1699 1752 1703 ,

1008 1720 1117 1760 seide,
1131 1725 1167 1752 et
1183 1721 1296 1752 occiso
1311 1720 1356 1752 ab
1369 1720 1526 1752 Hectore
1539 1719 1715 1759 Patroclo,

1007 1769 1164 1803 Achilles
1182 1771 1224 1802 ad
1244 1770 1432 1802 vindictam
1453 1770 1624 1802 excitatus
1649 1773 1716 1810 est,

1009 1822 1195 1863 sumtisque
1208 1821 1309 1853 armis
1322 1821 1509 1853 Hectorem
1527 1819 1714 1852 interfecit.

1010 1872 1163 1913 Cantata]
1188 1873 1278 1912 Lyra
1303 1871 1451 1912 scilicet,
1468 1882 1566 1913 quam
1583 1871 1714 1912 optime

1007 1923 1164 1964 pulsabat
1195 1923 1361 1962 Achilles,
1388 1927 1426 1955 ut
1457 1923 1647 1954 videbimus
1678 1923 1713 1953 in

1006 1973 1211 2006 Achilleide.
1247 1972 1401 2013 Achilles]
1430 1973 1528 2004 Pelei
1557 1971 1646 2020 filius
1677 1977 1714 2004 et

1004 2026 1207 2058 fortissimus
1230 2025 1448 2058 Graecorum.

1048 2080 1090 2109 36
1114 2075 1271 2116 Hectora]
1295 2075 1432 2107 Hector
1457 2074 1546 2107 filius
1567 2073 1712 2116 Priami,

1005 2128 1234 2169 Trojanorum
1250 2126 1467 2158 fortissimus.

1050 2181 1090 2210 37
1115 2176 1306 2210 Flammabit
1322 2176 1417 2208 tacite
1438 2177 1572 2216 repetita
1586 2186 1712 2216 parum-

1003 2239 1062 2271 per
1076 2228 1226 2269 Desidia]
1249 2227 1308 2259 Sic
1325 2237 1447 2269 supra:
1470 2227 1480 2243 ‘
1499 2227 1612 2268 Major
1634 2230 1713 2267 post

1007 2281 1080 2312 otia
1117 2277 1251 2310 virtus!
1296 2277 1446 2318 Desidia]
1485 2277 1555 2308 Hic
1591 2277 1712 2308 desidia

1007 2330 1153 2362 sumitur
1178 2330 1212 2361 in
1240 2328 1329 2360 bono
1353 2337 1455 2360 sensu
1483 2337 1546 2368 pro
1571 2327 1712 2359 honesto

1006 2381 1089 2420 otio,
1107 2390 1166 2412 seu
1183 2389 1246 2420 pro
1270 2379 1469 2410 remissione
1491 2377 1630 2417 laboris,
1645 2385 1712 2418 qua

1005 2433 1094 2464 vires
1110 2435 1323 2472 reparantur.

1048 2487 1090 2515 38
1114 2481 1248 2522 Solitos]
1277 2482 1414 2521 Legunt
1440 2479 1560 2520 aliqui,
1583 2477 1710 2510 solidas.

1007 2533 1132 2574 Novus]
1156 2531 1371 2564 Restauratis
1387 2529 1526 2561 viribus.

1047 2587 1090 2617 39
1111 2585 1187 2615 Jam
1199 2581 1319 2622 Latiae]
1342 2581 1516 2612 Romanae.
1541 2579 1619 2610 Νοπ
1634 2579 1710 2611 mis-

1003 2634 1189 2674 centjurgia
1204 2631 1301 2673 leges]
1322 2629 1570 2662 Tertullianus:
1595 2629 1605 2646 ‘
1621 2628 1709 2661 Jura

1004 2696 1072 2718 nnn
1088 2682 1279 2718 conturbo!
1324 2681 1382 2714 Ob
1405 2679 1508 2710 ferias
1525 2679 1657 2712 scilicet
1673 2684 1710 2712 et

1005 2746 1118 2769 rerum
1137 2731 1404 2776 judicandarum
1421 2729 1650 2771 vacationem,
1671 2733 1710 2762 ut

1004 2786 1157 2829 loquitur
1171 2785 1304 2816 Seneca
1317 2781 1352 2813 in
1367 2779 1697 2822 Apocolocyntbosi.
