1800 3060
257 207 343 249 476
754 221 792 250 P.
827 219 1015 251 ΡΑΡιΝιι
1049 220 1211 252 s'rArn

260 314 380 356 Inter
399 314 655 370 Amyclaeos
675 317 876 371 reptabat
894 317 1085 359 candida
1102 318 1283 361 fratres:

258 381 346 424 Vel
368 384 513 437 qualis
534 384 638 426 coeli
656 384 810 436 facies,
832 386 907 427 ubi
926 389 1056 427 nocte
1075 399 1225 428 serena

258 449 509 494 Admovere
526 451 661 507 jubar
681 453 839 495 mediae
860 454 950 495 duo
970 454 1119 496 sidera
1138 455 1272 497 lunae.

258 518 348 560 Sed
369 532 525 573 queror
545 519 663 561 haud
682 520 855 572 faciles,
874 521 1087 575 juvenum
1110 523 1346 574 rarissime,
1365 529 1563 579 questus,

258 586 525 642 Irascorque
545 588 693 639 etiam,
716 594 930 643 quantum
951 590 1197 632 irascuntur
1216 597 1430 634 amantes.

256 655 459 698 Tantane
478 670 549 698 me
571 656 721 698 decuit
741 658 909 710 vulgari
931 658 1093 711 gaudia
1110 658 1228 700 fama

258 723 495 766 Noscere'?
519 738 702 779 cumque
722 725 803 767 tibi
824 726 990 779 vagiret
1010 728 1161 768 tertius
1185 727 1341 779 infans,

257 791 470 834 Protinus
490 793 656 847 ingenti
674 806 761 835 non
782 794 902 836 venit
921 794 1075 835 nuntia
1095 807 1227 835 cursu

257 859 422 911 Litera,
442 873 540 915 quae
560 861 702 903 festos
723 861 949 903 cumulare
971 861 1182 903 altaribus
1202 862 1340 916 ignes,

256 928 314 970 Et
332 927 531 971 redimire
554 928 731 983 chelyn,
748 934 992 985 postesque
1014 943 1167 972 ornare
1179 930 1373 985 juberet,

253 997 516 1052 Albanoque
537 997 695 1039 cadum
714 998 960 1040 sordentem
985 1012 1181 1053 promere
1201 999 1339 1052 fumo,

1652 392 1709 434 30

253 1129 447 1174 Amyczoeos:
470 1135 518 1166 vel
540 1136 640 1176 qualis
651 1135 757 1175 facies
781 1136 862 1175 coeli,
882 1135 935 1168 ubi
958 1138 1043 1168 ewra
1068 1140 1155 1169 nocte
1183 1138 1242 1168 duo
1270 1142 1360 1170 astra
1389 1140 1589 1171 admoverunt
1614 1150 1703 1171 suurn

251 1175 442 1224 splendorem
467 1179 576 1210 mediae
599 1180 691 1211 lunoe.
736 1179 810 1218 Sed,
831 1190 848 1210 ο
872 1180 1129 1222 praestantissime
1145 1180 1308 1220 juvenum,
1331 1185 1432 1214 tecum
1457 1184 1626 1223 expostulo,
1649 1193 1703 1214 nec

251 1218 373 1268 lenter.
418 1221 462 1252 Et
477 1221 571 1253 elium
584 1232 742 1254 succenseo
756 1226 906 1264 quantum
931 1223 1024 1255 amici
1048 1227 1236 1256 succensent.
1281 1224 1405 1257 IlIilu'ne
1425 1228 1470 1257 est
1491 1226 1700 1267 honorificum,

251 1270 299 1309 ’.ηε
313 1262 430 1295 dzscere
443 1267 508 1295 tum
521 1266 627 1297 laecum
641 1266 783 1297 nuntium
796 1266 910 1306 plebeio
924 1270 1066 1298 rumore?
1086 1270 1118 1298 et
1132 1269 1220 1307 quod,
1242 1278 1310 1299 cum
1325 1268 1419 1300 tertia
1441 1268 1556 1300 soboles
1579 1268 1703 1308 vagiret

250 1312 285 1334 m
299 1307 356 1336 tua
369 1307 468 1347 domo,
490 1318 550 1339 non
564 1309 673 1340 statim
699 1310 830 1350 epistola
852 1310 893 1340 ad
921 1319 967 1340 me
991 1309 1134 1340 celeriter
1157 1310 1253 1350 venit,
1274 1320 1342 1351 quoe
1364 1312 1578 1351 pra-scriberet
1597 1321 1702 1343 accen·

251 1346 323 1378 dere
333 1348 435 1387 festos
449 1350 539 1390 ignes
551 1362 644 1392 supra
658 1362 742 1391 aras,
765 1355 795 1383 et
811 1361 956 1383 coronare
969 1352 1133 1393 citharam,
1154 1353 1321 1394 liminaque
1340 1364 1449 1386 ornare
1462 1353 1642 1394 frondibus,
1665 1364 1702 1385 ac

250 1389 428 1431 depromere
450 1395 558 1426 cadum
580 1395 645 1427 vini
667 1395 784 1427 Albani
807 1396 996 1436 squalentem
1011 1395 1115 1437 sunm,
1135 1399 1166 1427 et
1189 1396 1341 1429 celebrare
1362 1397 1440 1430 hunc
1462 1397 1542 1430 diem
1565 1397 1702 1429 carmine

858 1492 1098 1505 emo-emm
1115 1505 1118 1512 Ι

249 1567 467 1609 excipiatur!
489 1569 695 1602 Markl.—35
721 1569 823 1602 Aldd.
849 1569 955 1602 Colin.
980 1569 1112 1611 Gryph.
1139 1569 1246 1602 Basil.
1273 1574 1309 1602 et
1331 1569 1446 1602 Plani.
1468 1570 1602 1610 vagitat,
1623 1579 1698 1602 cum
1738 1582 1743 1591 ¹

249 1610 376 1643 dixisse
402 1611 559 1645 debuerit
584 1613 767 1654 vagituret;
799 1613 933 1645 Morell.
958 1612 1103 1644 Gevart.
1130 1612 1288 1644 Grasser.
1317 1611 1460 1645 Amstel.
1487 1613 1638 1646 Gronov.
1663 1618 1700 1646 et

247 1652 366 1687 Barth.
389 1655 612 1696 regimen—39
635 1657 809 1689 Romana:
829 1665 968 1698 premere
980 1654 1170 1695 summ—40
1194 1656 1370 1688 Bentleius
1386 1656 1418 1688 in
1437 1656 1537 1689 Notis
1551 1656 1594 1688 ad
1610 1655 1697 1688 Hor.

903 1748 1045 1782 NOTAE

247 1825 322 1858 tris.
365 1825 519 1859 Lacones
535 1826 625 1858 enim
649 1825 762 1858 studio
779 1825 947 1867 palaestrae

245 1875 464 1910 tenebantur.
489 1876 589 1908 Unde
605 1880 753 1908 moternoe
767 1876 932 1917 palaeserae.

289 1930 332 1959 29
357 1927 513 1968 Candida]
543 1927 585 1959 Id
615 1932 680 1967 est,
706 1927 806 1959 nuda.
848 1927 948 1968 Amy·

244 1980 334 2011 cloeos
339 1979 480 2020 fratres]
504 1978 679 2011 Pollucem
706 1983 743 2010 et
759 1979 947 2010 Castorem.

243 2029 418 2071 Reprobat]
435 2027 642 2071 Συνέρπουσα,
653 2029 685 2061 id
699 2033 766 2068 est,
776 2028 948 2070 gradiens,

243 2081 299 2113 vel
310 2081 538 2114 volutabatur.
572 2082 777 2113 Luctatores
793 2081 881 2112 enim
895 2080 945 2112 in-

244 2130 380 2163 terdum
396 2131 430 2163 in
447 2135 541 2164 terra
565 2131 817 2164 volutabantur.
862 2131 945 2163 Ovi-

244 2181 320 2214 dius
332 2182 366 2214 in
382 2182 538 2224 Epistola
549 2182 686 2214 Paridis
697 2182 739 2213 ad
750 2182 917 2214 Helenam
933 2193 943 2215 z

240 2231 251 2250 ‘
268 2232 368 2264 More
391 2238 460 2265 tuae
481 2232 595 2273 gentis
617 2232 727 2264 nitida
752 2232 831 2264 dum
853 2231 944 2264 nuda

244 2284 405 2324 palaestra
429 2284 547 2325 Ludis,
563 2289 599 2316 et
623 2293 662 2315 es
682 2283 780 2315 nudis
806 2282 944 2315 foemina

242 2334 352 2366 mixta
374 2333 480 2366 viris!
521 2335 568 2366 Et
583 2334 786 2376 Propertius
808 2334 867 2366 lib.
883 2343 941 2366 ur.

241 2385 340 2427 Eleg.
357 2389 412 2419 13.
453 2387 464 2404 ‘
480 2386 578 2418 Inter
592 2395 675 2428 quos
694 2385 828 2418 Helene
843 2385 942 2417 nudis

241 2445 367 2476 capere
382 2446 475 2468 arma
491 2437 626 2478 papillis
643 2437 780 2475 Fertur,
796 2446 859 2468 nec
874 2435 941 2467 fra·

241 2491 313 2519 tres
340 2487 516 2520 erubuisse
533 2486 650 2520 Deos:
693 2488 750 2519 De
765 2487 830 2518 hoc
846 2495 940 2518 more

239 2537 412 2570 Laeonum
448 2537 647 2570 consulendi
683 2538 876 2580 Xenophon
906 2542 942 2570 et

239 2588 447 2620 Plutarchus
464 2589 496 2620 iu
515 2590 684 2631 Lycurgo.

283 2641 325 2671 81
348 2639 422 2672 Duo
436 2639 555 2680 sidera]
576 2639 656 2671 Duo
665 2639 833 2671 Planetae.

282 2692 324 2722 33
350 2690 509 2726 Quantum
523 2690 701 2722 irascuntur
714 2689 868 2730 amantes]
891 2689 938 2722 A·

239 2740 404 2773 mantiam
431 2740 520 2772 euim
546 2741 607 2774 irae
633 2741 811 2774 celerrime
833 2746 940 2774 trans-

241 2794 336 2832 eunt,
353 2800 416 2825 nec
432 2790 567 2824 durant.

1044 1826 1086 1856 37
1111 1823 1298 1862 Quoefestos
1312 1825 1469 1857 cumulare
1488 1824 1639 1856 altaribus
1651 1825 1699 1864 ig-

1001 1875 1070 1916 nes]
1094 1875 1134 1907 Id
1151 1885 1193 1907 ex
1220 1885 1328 1907 more:
1353 1874 1590 1908 accendebant
1606 1876 1695 1906 enim

1001 1925 1113 1966 ignem
1135 1935 1238 1966 supra
1260 1926 1395 1965 altaria,
1410 1930 1479 1957 tam
1495 1925 1537 1956 ad
1561 1924 1697 1957 adoleu-

1001 1977 1062 2008 das
1087 1976 1248 2018 quasdam
1274 1975 1420 2007 victimae
1445 1979 1574 2016 partes,
1597 1984 1696 2018 quam

1001 2031 1040 2060 ut
1055 2027 1155 2059 thura
1170 2026 1202 2057 in
1219 2036 1295 2058 enm
1311 2026 1505 2068 injicerent.

1042 2081 1084 2110 38
1104 2079 1148 2110 Et
1162 2078 1305 2111 redimire
1318 2077 1443 2120 chelyn]
1457 2077 1591 2110 Oruare
1606 2078 1696 2111 enim

997 2130 1134 2163 floribus
1159 2131 1312 2163 solebant
1329 2131 1475 2163 citharas
1498 2130 1532 2162 in
1560 2130 1696 2172 gaudio.

999 2184 1166 2225 postesque
1199 2192 1310 2215 ornare
1338 2180 1478 2222 Juberet]
1513 2181 1566 2213 Ex
1602 2190 1695 2214 more

996 2237 1113 2275 etiam,
1128 2236 1249 2277 utjam
1265 2234 1425 2275 diximus,
1441 2232 1564 2265 aedium
1581 2237 1695 2275 postes

995 2287 1030 2320 in
1059 2288 1180 2320 laetitia
1205 2297 1266 2320 seu
1295 2285 1442 2329 publica,
1471 2294 1531 2317 seu
1560 2284 1695 2327 privata

997 2341 1176 2373 ornabant.

1037 2394 1079 2423 39
1101 2391 1279 2432 Albanoque
1299 2391 1409 2422 cadum
1429 2390 1600 2422 sordentem
1618 2398 1691 2430 pro-

994 2452 1078 2474 mere
1082 2442 1190 2483 sumo]
1214 2441 1291 2474 Hoc
1305 2441 1408 2475 etiam
1423 2440 1459 2472 in
1477 2439 1690 2481 gaudio‚tam

994 2492 1145 2535 publico,
1156 2501 1256 2534 quam
1271 2490 1404 2532 privato
1419 2489 1494 2522 fieri
1508 2497 1690 2521 consueve-

994 2546 1061 2583 rat,
1087 2546 1124 2574 nt
1150 2542 1240 2582 apud
1270 2551 1344 2573 nos.
1388 2541 1498 2572 Porro
1521 2537 1688 2571 Albanum

994 2592 1108 2625 vinum
1138 2594 1305 2623 memorat
1328 2588 1505 2623 Juvenalis
1529 2587 1600 2620 Sat.
1627 2597 1690 2620 xv.

993 2641 1144 2674 ‘Albani
1169 2642 1296 2674 veteris
1326 2639 1474 2681 pretiosa
1509 2637 1690 2670 senectus?

993 2693 1084 2726 Nam
1114 2693 1226 2724 vinum
1253 2690 1419 2723 Albanum
1443 2689 1534 2721 inter
1559 2688 1688 2729 optima

993 2744 1071 2775 vina
1092 2747 1145 2775 est
1167 2741 1386 2774 celebratum.
1428 2739 1518 2772 Vide
1539 2738 1686 2771 Plinium

992 2794 1052 2828 lib.
1080 2802 1191 2827 xxm.
1216 2802 1293 2835 cap.
1314 2794 1343 2824 1.
1366 2795 1403 2824 et
1426 2790 1610 2824 Horatium
1634 2798 1683 2822 iv.
