1800 3060
192 200 280 242 344
695 209 736 239 1².
772 206 964 238 PAPlNu
997 205 1163 239 s‘rA'rn

196 304 407 357 Munera3
428 307 724 358 venturosque
746 307 854 345 tuus
877 303 1056 345 durabit
1075 303 1120 344 in
1142 316 1296 355 annos,

194 369 275 412 Me
297 374 589 422 monstrante,
609 371 763 413 dolor:
793 384 934 426 neque
955 371 1076 412 enim
1095 371 1203 413 mihi
1224 371 1328 414 fiere
1348 377 1571 427 parentem

195 438 417 492 Ignotum,
436 443 481 480 et
502 439 672 480 similes
693 439 840 493 gemui
859 439 1090 493 projectus
1110 439 1168 481 ad
1186 440 1328 493 ignes.

195 509 282 551 Ille
303 508 411 549 mihi
429 511 506 549 tua
525 507 690 549 damna
706 507 805 548 dies
827 520 1115 561 compescere
1137 512 1271 550 cantu

196 575 395 628 Suadet;
428 579 474 618 et
493 577 592 630 ipse
615 576 712 626 tuli,
735 587 849 629 quos
869 588 984 617 nunc
1007 575 1090 617 tibi
1111 576 1306 628 confero,
1325 580 1524 632 questus.

195 643 303 685 Non
325 643 407 684 tibi
428 643 548 685 clara
575 643 764 698 quidem,
787 642 934 684 senior
954 643 1276 698 placidissime,
1298 645 1444 698 gentis

196 711 348 762 Linea,
366 723 448 752 nec
469 712 655 765 proavis
677 711 916 752 demissum
937 716 1147 754 stemma:
1178 712 1259 754 sed
1281 713 1430 767 ingens

197 778 437 833 Supplevit
455 779 632 820 fortuna
651 792 807 832 genus,
829 779 1097 834 culpamque
1117 785 1351 834 parentum

198 846 431 890 occuluit:
462 860 605 902 neque
628 849 741 889 enim
762 847 966 889 dominos
986 848 1042 890 de
1063 848 1195 903 plebe
1215 848 1387 902 tulisti;

1599 441 1657 482 40

1600 781 1659 824 45

194 991 325 1029 tuusque
339 989 438 1020 luctus
451 987 645 1029 permanebit
660 998 755 1029 usque
770 988 928 1027 insutum
942 991 1068 1026 meula,
1084 999 1133 1022 me
1147 989 1228 1021 hunc
1242 988 1424 1021 celebrante.
1459 989 1568 1030 Neque
1578 987 1659 1020 enim

196 1031 274 1063 mihi
287 1032 428 1070 ignotum
443 1036 490 1063 est
507 1032 632 1072 plorare
643 1032 817 1072 genitorem
828 1043 839 1063 .·
861 1032 946 1064 dolui
958 1036 1135 1073 prostratus
1148 1034 1254 1064 eodem
1267 1033 1355 1064 modo
1367 1034 1407 1065 ad
1421 1041 1526 1073 parem
1539 1041 1658 1072 rogum.

197 1074 256 1105 Ille
267 1075 408 1114 lugubris
422 1074 489 1106 dies
503 1076 592 1106 docet
606 1085 655 1107 me
669 1075 767 1106 lenire
787 1075 925 1106 versibus
951 1078 1037 1107 taum
1051 1076 1196 1113 dolorem,
1223 1079 1255 1107 et
1269 1075 1335 1116 ipse
1353 1075 1421 1115 feci
1440 1074 1659 1116 querimonias,

196 1127 273 1158 quas
285 1127 365 1149 nuno
381 1118 440 1149 tibi
453 1118 585 1157 confero.
619 1119 691 1150 Non
706 1119 840 1158 quictem,
856 1127 950 1149 senex
966 1118 1131 1158 lenissime,
1146 1118 1281 1150 illustris
1295 1121 1343 1150 est
1354 1118 1449 1150 series
1460 1118 1509 1150 lui
1521 1118 1661 1158 generis,

195 1170 251 1192 nec
262 1170 282 1191 a
298 1161 464 1200 maioribus
476 1162 608 1193 deducta
621 1161 767 1193 nobilitas
775 1172 785 1192 .·
807 1161 860 1192 sed
875 1170 990 1200 magna
996 1161 1129 1200 fortuna
1140 1162 1236 1193 vicem
1249 1161 1349 1194 tenuit
1360 1161 1525 1198 nataliam,
1535 1164 1567 1192 et
1578 1159 1661 1192 texit

196 1203 405 1237 humilitatem
419 1207 595 1246 parentum.
641 1205 750 1245 Neque
758 1204 840 1236 enim
855 1203 992 1236 habuisti
1005 1205 1139 1245 plebeios
1153 1206 1244 1237 heros
1251 1215 1264 1244 ,·
1285 1206 1340 1237 sed
1355 1205 1409 1236 hos
1421 1204 1531 1246 quibus
1544 1203 1660 1236 Oriens

195 1386 350 1418 Dicentur·
363 1385 503 1423 θένων-εει,-
518 1385 608 1435 quod
625 1386 798 1427 improbat
814 1386 1030 1418 Burmannus
1034 1390 1153 1420 .‘—4o
1167 1388 1271 1421 Clara
1286 1397 1340 1419 res
1356 1390 1409 1419 est
1423 1386 1654 1420 scribendum:

193 1429 327 1460 similem
348 1429 456 1469 gemui
474 1428 633 1469 proiectus
648 1431 688 1460 ad
697 1430 817 1479 ignem.
862 1430 951 1461 Post
967 1430 1155 1471 Epicedion
1172 1441 1254 1472 ergo
1270 1431 1399 1469 Patris,
1414 1430 1577 1471 seriptum
1593 1430 1659 1461 hoc

194 1472 352 1512 Carmen,
367 1477 405 1503 ut
421 1472 487 1503 alia
502 1472 582 1503 libri
595 1472 706 1514 quinti
723 1472 838 1513 priora
853 1473 971 1504 ordine
985 1473 1286 1514 praecedentibus?
1306 1474 1425 1505 Barth.
1469 1473 1540 1505 Pro
1551 1471 1659 1513 gemui

194 1514 296 1546 Rom.
309 1515 550 1555 geminumque,·
571 1515 685 1546 Parm.
709 1520 745 1547 et
761 1518 833 1548 vet.
847 1515 1105 1558 Lindenbrogii,
1123 1517 1295 1557 geminum.
1341 1517 1411 1548 Pro
1425 1516 1543 1548 similes
1557 1514 1659 1547 multi

192 1558 316 1591 similis.
318 1561 404 1591 —44
428 1558 544 1590 Parm.
561 1558 725 1590 demissum
738 1561 870 1600 stegma.
872 1561 969 1591 -49-
994 1562 1035 1591 50
1058 1559 1148 1592 Edd.
1165 1564 1254 1593 vett.
1277 1559 1344 1592 vice
1358 1562 1469 1591 cuncta
1480 1561 1658 1600 geruntur,
1653 1567 1662 1574 ·

854 1667 886 1700 N
893 1667 1002 1700 OTAE

952 1753 1071 1787 functo
1088 1754 1143 1787 vel
1161 1763 1244 1797 rogo
1259 1753 1409 1786 donatis.
1451 1752 1521 1785 Hic
1533 1762 1656 1795 supra:

952 1805 1045 1837 ‘Nos
1066 1815 1135 1837 non
1165 1815 1285 1837 arsura
1313 1803 1464 1836 feremus
1491 1803 1659 1836 munera-⁷

235 1756 278 1786 3⁷
304 1755 371 1787 Nos
383 1764 444 1786 non
461 1765 573 1788 arsura
588 1755 731 1794 feremus
745 1754 896 1796 Munera]

192 1805 342 1837 ‘Vatum
357 1815 425 1837 non
440 1805 540 1838 irrita
562 1811 704 1838 currunt
720 1805 899 1847 Auguria,'

191 1859 228 1887 et
253 1855 376 1897 omina,
403 1857 516 1897 inquit
535 1861 654 1888 noster
674 1857 898 1898 Protreptico

189 1907 234 1939 ad
256 1907 470 1949 Crispinum3
497 1918 574 1940 nam
601 1908 659 1940 illo
682 1907 897 1949 celebrante,

188 1961 336 1990 venturos
350 1959 501 1991 durabit
489 1969 524 1991 tn
538 1970 636 1991 annos
650 1959 763 2000 pietas
778 1959 897 1991 Etrus-

191 2009 225 2042 ci
241 2008 315 2050 filii,
330 2010 474 2052 lausque
491 2010 761 2052 Etruscipatris.
790 2009 899 2042 Moris

189 2065 459 2102 autem,erat,ut
475 2061 836 2104 propinquiamicique
851 2062 899 2093 in-

183 2112 340 2154 jicerent
355 2112 444 2153 rogis
460 2122 615 2144 munera.
637 2113 745 2145 Theb.
758 2121 810 2144 vr.
824 2114 898 2145 126.

187 2164 199 2182 ⁴
214 2164 364 2195 Portant
390 2161 531 2195 inferias
554 2173 742 2205 arsuraque
764 2163 898 2195 fercula

189 2212 291 2254 primi
307 2212 513 2245 Graiorum.’

231 2266 275 2296 40
314 2263 443 2294 Similes
471 2262 614 2305 [similis]
635 2263 677 2295 Id
703 2268 770 2304 est,
798 2263 899 2296 simili

189 2313 309 2346 dolore
335 2313 480 2346 affectus
508 2323 548 2346 ac
579 2318 628 2347 tu.
673 2314 822 2349 Quidam
851 2316 898 2347 le-

188 2369 275 2407 gunt
297 2365 441 2407 similem,
469 2365 505 2398 id
532 2369 598 2407 est,
625 2365 669 2398 ad
699 2375 818 2408 parem
846 2367 898 2408 ig-

187 2424 280 2449 nem.

231 2468 272 2499 41
298 2466 359 2498 Ille
387 2466 470 2508 dies]
502 2466 732 2510 Exequiarum
761 2466 898 2499 scilicet

187 2516 297 2559 patris
310 2516 390 2549 mei.

229 2570 274 2600 42
297 2568 344 2600 Et
358 2567 423 2608 ipse
438 2567 512 2608 tuli,
535 2578 611 2609 quos
625 2578 707 2600 nunc
721 2567 781 2600 tibi
794 2567 896 2607 confe-

186 2628 235 2656 ro,
250 2617 393 2659 questus]
417 2618 590 2659 Felicitas,
614 2619 664 2650 ait
687 2618 898 2660 Gronovius,

188 2669 330 2712 Papinii
346 2669 560 2711 perpetuam
573 2670 691 2712 quavis
704 2680 742 2703 re
756 2671 898 2712 propria

187 2730 229 2752 ac
261 2731 324 2753 sua
360 2720 475 2762 phrasi
502 2721 739 2762 exprimenda.
783 2722 897 2761 Tales,

187 2770 325 2814 ‘ferre,’
367 2773 376 2790 ‘
393 2770 574 2804 conferre’
617 2771 662 2804 de
699 2772 895 2805 muneribus

951 1856 995 1888 In
1024 1857 1194 1898 Epicedio
1224 1857 1258 1888 in
1282 1857 1444 1888 Patrem:
1477 1856 1584 1889 ‘Quae
1607 1855 1656 1886 la·

951 1912 1068 1940 menta
1084 1908 1170 1940 tuli.¹
1214 1907 1272 1939 Sic
1285 1905 1376 1938 infra
1391 1917 1400 1938 :
1422 1906 1432 1923 ‘
1445 1906 1657 1948 Collataeque

952 1969 1071 2000 pyram
1088 1964 1248 1991 struxere
1263 1955 1461 1999 pharetrae)
1505 1956 1556 1988 Ut
1570 1956 1659 1998 legit

951 2009 1042 2042 idem
1067 2009 1272 2042 Gronovius.
1316 2006 1464 2048 Epiced.
1490 2007 1526 2039 in
1552 2006 1658 2039 Glau-

951 2060 1037 2092 ciam
1054 2072 1061 2091 :
1082 2061 1092 2078 ‘
1108 2061 1255 2101 Egomet
1277 2063 1398 2091 cantus
1413 2063 1450 2090 et
1465 2057 1572 2090 verba
1586 2066 1659 2089 me-

951 2112 1072 2143 dentia
1086 2121 1196 2143 saevus
1213 2109 1384 2143 Confem:
1410 2109 1490 2141 Non
1501 2113 1541 2140 ut
1553 2109 1656 2150 vulgo

951 2161 1112 2202 habetur,
1157 2162 1167 2178 ‘
1180 2158 1345 2192 consero.'
1395 2158 1452 2191 lta
1488 2158 1655 2190 Petronio

949 2214 960 2231 ‘
977 2222 1078 2254 rogus
1115 2211 1260 2243 inimicis
1293 2210 1447 2243 manibus
1483 2208 1656 2242 collatus:

951 2262 1180 2294 Tertullianus
1197 2261 1343 2303 Apolog.
1387 2261 1398 2278 ‘
1411 2260 1503 2294 Quid
1519 2260 1656 2292 omnino

953 2313 995 2345 ad
1013 2312 1204 2345 adorandos
1219 2321 1278 2344 eos
1291 2312 1418 2354 [Deos]
1430 2310 1555 2352 facitis,
1565 2310 1655 2353 quod

950 2373 1019 2396 non
1045 2363 1152 2396 etiam
1177 2362 1321 2395 mortuis
1347 2362 1471 2395 vestris
1500 2361 1655 2396 confera-

951 2415 996 2447 tis
1007 2414 1029 2446 ?’

992 2468 1035 2498 44
1058 2464 1236 2497 Demissum
1245 2462 1390 2505 stemma]
1411 2463 1562 2496 Stemma
1574 2473 1653 2505 pro-

949 2517 1025 2559 prie
1049 2517 1093 2548 de
1115 2516 1156 2548 iis
1182 2514 1321 2546 familiis
1351 2514 1546 2553 dicebatur,
1576 2524 1652 2556 quae

945 2568 1004 2609 jus
1030 2566 1216 2608 imaginum
1242 2564 1428 2605 habebant,
1443 2564 1478 2596 id
1493 2568 1561 2607 est,
1576 2574 1653 2607 quae

951 2623 1052 2650 erant
1068 2616 1196 2648 nobiles
1212 2625 1252 2647 ac
1268 2614 1437 2656 patriciae.

993 2671 1034 2700 45
1053 2668 1243 2708 Culpamque
1253 2665 1434 2707 parentum]
1459 2666 1569 2707 Culpa
1584 2675 1653 2699 non

949 2719 1005 2752 hic
1035 2718 1163 2751 crimen
1187 2715 1370 2759 significat,
1400 2716 1460 2748 sed
1482 2716 1653 2750 humilita-

951 2777 1019 2803 tem
1035 2768 1181 2812 generis.
