<?xml version="1.0" encoding="UTF-8"?>
<!DOCTYPE html PUBLIC "-//W3C//DTD XHTML 1.0 Transitional//EN"
    "http://www.w3.org/TR/xhtml1/DTD/xhtml1-transitional.dtd">
<html xmlns="http://www.w3.org/1999/xhtml" xml:lang="en" lang="en">
 <head>
  <title>
</title>
<meta http-equiv="Content-Type" content="text/html;charset=utf-8" />
  <meta name='ocr-system' content='tesseract 3.04.00' />
  <meta name='ocr-capabilities' content='ocr_page ocr_carea ocr_par ocr_line ocrx_word'/>
</head>
<body>
  <div class='ocr_page' id='page_1' title='image "./operaomniaexedit01statuoft/operaomniaexedit01statuoft_0482.png"; bbox 0 0 1800 3060; ppageno 0'>
   <div class='ocr_carea' id='block_1_1' title="bbox 242 217 328 261">
    <p class='ocr_par' dir='ltr' id='par_1_1' title="bbox 242 217 328 261">
     <span class='ocr_line' id='line_1_1' title="bbox 242 217 328 261; baseline 0 -1"><span class='ocrx_word' id='word_1_1' title='bbox 242 217 328 261; x_wconf 80' lang='lat'>472</span> 
     </span>
    </p>
   </div>
   <div class='ocr_carea' id='block_1_2' title="bbox 732 226 1194 258">
    <p class='ocr_par' dir='ltr' id='par_1_2' title="bbox 732 226 1194 258">
     <span class='ocr_line' id='line_1_2' title="bbox 732 226 1194 258; baseline 0 -1"><span class='ocrx_word' id='word_1_2' title='bbox 732 228 772 257; x_wconf 85' lang='lat' dir='ltr'>P.</span> <span class='ocrx_word' id='word_1_3' title='bbox 806 226 994 257; x_wconf 77' lang='lat' dir='ltr'>PAPlNu</span> <span class='ocrx_word' id='word_1_4' title='bbox 1030 226 1194 258; x_wconf 75' lang='lat' dir='ltr'>STA&#39;ru</span> 
     </span>
    </p>
   </div>
   <div class='ocr_carea' id='block_1_3' title="bbox 413 323 1280 447">
    <p class='ocr_par' dir='ltr' id='par_1_3' title="bbox 413 323 1280 447">
     <span class='ocr_line' id='line_1_3' title="bbox 413 323 1189 378; baseline -0.003 -10"><span class='ocrx_word' id='word_1_5' title='bbox 413 324 502 370; x_wconf 81' lang='lat' dir='ltr'>Sed</span> <span class='ocrx_word' id='word_1_6' title='bbox 524 328 622 366; x_wconf 86' lang='lat' dir='ltr'>tuas</span> <span class='ocrx_word' id='word_1_7' title='bbox 645 329 760 366; x_wconf 87' lang='lat' dir='ltr'>artes</span> <span class='ocrx_word' id='word_1_8' title='bbox 781 336 892 378; x_wconf 85' lang='lat' dir='ltr'>puer</span> <span class='ocrx_word' id='word_1_9' title='bbox 912 329 1012 366; x_wconf 86' lang='lat' dir='ltr'>ante</span> <span class='ocrx_word' id='word_1_10' title='bbox 1030 323 1189 375; x_wconf 87' lang='lat' dir='ltr'>discat,</span> 
     </span>
     <span class='ocr_line' id='line_1_4' title="bbox 416 391 1280 447; baseline 0.001 -14"><span class='ocrx_word' id='word_1_11' title='bbox 416 391 557 434; x_wconf 82' lang='lat' dir='ltr'><strong>Omne</strong></span> <span class='ocrx_word' id='word_1_12' title='bbox 577 394 678 447; x_wconf 90' lang='lat' dir='ltr'>quis</span> <span class='ocrx_word' id='word_1_13' title='bbox 698 393 850 434; x_wconf 89' lang='lat' dir='ltr'>mundi</span> <span class='ocrx_word' id='word_1_14' title='bbox 870 393 1034 434; x_wconf 89' lang='lat' dir='ltr'>senium</span> <span class='ocrx_word' id='word_1_15' title='bbox 1056 405 1280 435; x_wconf 78' lang='lat' dir='ltr'><strong>remensus</strong></span> 
     </span>
    </p>
   </div>
   <div class='ocr_carea' id='block_1_4' title="bbox 417 460 1176 512">
    <p class='ocr_par' dir='ltr' id='par_1_4' title="bbox 417 460 1176 512">
     <span class='ocr_line' id='line_1_5' title="bbox 417 460 1176 512; baseline 0.001 -10"><span class='ocrx_word' id='word_1_16' title='bbox 417 460 529 502; x_wconf 82' lang='lat' dir='ltr'>Orsa</span> <span class='ocrx_word' id='word_1_17' title='bbox 551 461 735 503; x_wconf 75' lang='lat' dir='ltr'>Sallusti</span> <span class='ocrx_word' id='word_1_18' title='bbox 756 461 915 512; x_wconf 81' lang='lat' dir='ltr'>breviS‚</span> <span class='ocrx_word' id='word_1_19' title='bbox 937 466 980 504; x_wconf 88' lang='lat' dir='ltr'>et</span> <span class='ocrx_word' id='word_1_20' title='bbox 998 460 1176 504; x_wconf 84' lang='lat' dir='ltr'>Timavi</span> 
     </span>
    </p>
   </div>
   <div class='ocr_carea' id='block_1_5' title="bbox 1635 463 1692 504">
    <p class='ocr_par' dir='ltr' id='par_1_5' title="bbox 1635 463 1692 504">
     <span class='ocr_line' id='line_1_6' title="bbox 1635 463 1692 504; baseline 0 0"><span class='ocrx_word' id='word_1_21' title='bbox 1635 463 1692 504; x_wconf 88' lang='lat'>55</span> 
     </span>
    </p>
   </div>
   <div class='ocr_carea' id='block_1_6' title="bbox 585 529 1014 572">
    <p class='ocr_par' dir='ltr' id='par_1_6' title="bbox 585 529 1014 572">
     <span class='ocr_line' id='line_1_7' title="bbox 585 529 1014 572; baseline 0.002 -1"><span class='ocrx_word' id='word_1_22' title='bbox 585 529 758 571; x_wconf 88' lang='lat' dir='ltr'>Reddis</span> <span class='ocrx_word' id='word_1_23' title='bbox 778 530 1014 572; x_wconf 89' lang='lat' dir='ltr'>alumnum.</span> 
     </span>
    </p>
   </div>
   <div class='ocr_carea' id='block_1_7' title="bbox 241 619 1691 713">
    <p class='ocr_par' dir='ltr' id='par_1_7' title="bbox 241 619 1691 713">
     <span class='ocr_line' id='line_1_8' title="bbox 242 619 1691 668; baseline -0.001 -9"><span class='ocrx_word' id='word_1_24' title='bbox 242 628 387 667; x_wconf 76' lang='lat' dir='ltr'><em>degerent</em></span> <span class='ocrx_word' id='word_1_25' title='bbox 401 619 432 659; x_wconf 69' lang='lat' dir='ltr'>ia</span> <span class='ocrx_word' id='word_1_26' title='bbox 456 638 515 659; x_wconf 80' lang='lat' dir='ltr'>uno</span> <span class='ocrx_word' id='word_1_27' title='bbox 537 624 659 659; x_wconf 74' lang='lat' dir='ltr'>tractu.&#39;</span> <span class='ocrx_word' id='word_1_28' title='bbox 697 627 760 659; x_wconf 80' lang='lat' dir='ltr'>Sed</span> <span class='ocrx_word' id='word_1_29' title='bbox 783 627 888 666; x_wconf 79' lang='lat' dir='ltr'>infans</span> <span class='ocrx_word' id='word_1_30' title='bbox 909 623 1070 659; x_wconf 82' lang='lat' dir='ltr'>erudiatur</span> <span class='ocrx_word' id='word_1_31' title='bbox 1091 630 1164 659; x_wconf 85' lang='lat' dir='ltr'>ante</span> <span class='ocrx_word' id='word_1_32' title='bbox 1184 627 1250 659; x_wconf 77' lang='lat' dir='ltr'>tuis</span> <span class='ocrx_word' id='word_1_33' title='bbox 1271 626 1403 665; x_wconf 83' lang='lat' dir='ltr'>artibus,</span> <span class='ocrx_word' id='word_1_34' title='bbox 1424 627 1532 668; x_wconf 76' lang='lat' dir='ltr'>quibus</span> <span class='ocrx_word' id='word_1_35' title='bbox 1555 627 1691 659; x_wconf 77' lang='lat' dir='ltr'>scribens</span> 
     </span>
     <span class='ocr_line' id='line_1_9' title="bbox 241 670 1690 713; baseline 0.001 -12"><span class='ocrx_word' id='word_1_36' title='bbox 241 671 417 703; x_wconf 80' lang='lat' dir='ltr'>universam</span> <span class='ocrx_word' id='word_1_37' title='bbox 432 672 536 702; x_wconf 79' lang='lat' dir='ltr'>mundi</span> <span class='ocrx_word' id='word_1_38' title='bbox 548 672 721 709; x_wconf 81' lang='lat' dir='ltr'><strong><em>historiam,</em></strong></span> <span class='ocrx_word' id='word_1_39' title='bbox 731 670 866 703; x_wconf 82' lang='lat' dir='ltr'>imitaris</span> <span class='ocrx_word' id='word_1_40' title='bbox 873 670 1065 708; x_wconf 77' lang='lat' dir='ltr'><strong><em>Sallustium,</em></strong></span> <span class='ocrx_word' id='word_1_41' title='bbox 1076 671 1130 712; x_wconf 82' lang='lat' dir='ltr'>qui</span> <span class='ocrx_word' id='word_1_42' title='bbox 1145 671 1326 704; x_wconf 83' lang='lat' dir='ltr'>brevitatem</span> <span class='ocrx_word' id='word_1_43' title='bbox 1339 670 1512 713; x_wconf 76' lang='lat' dir='ltr'>affectavit,</span> <span class='ocrx_word' id='word_1_44' title='bbox 1521 673 1552 702; x_wconf 83' lang='lat' dir='ltr'>et</span> <span class='ocrx_word' id='word_1_45' title='bbox 1564 670 1690 702; x_wconf 81' lang='lat' dir='ltr'>Livium</span> 
     </span>
    </p>
   </div>
   <div class='ocr_carea' id='block_1_8' title="bbox 242 714 549 747">
    <p class='ocr_par' dir='ltr' id='par_1_8' title="bbox 242 714 549 747">
     <span class='ocr_line' id='line_1_10' title="bbox 242 714 549 747; baseline 0.003 -2"><span class='ocrx_word' id='word_1_46' title='bbox 242 715 400 747; x_wconf 78' lang='lat' dir='ltr'>alumnum</span> <span class='ocrx_word' id='word_1_47' title='bbox 415 714 549 746; x_wconf 81' lang='lat' dir='ltr'>Timavi.</span> 
     </span>
    </p>
   </div>
   <div class='ocr_carea' id='block_1_9' title="bbox 850 777 1082 789">
    <p class='ocr_par' dir='ltr' id='par_1_9' title="bbox 850 777 1082 789">
     <span class='ocr_line' id='line_1_11' title="bbox 850 777 1082 789; baseline 0 0"><span class='ocrx_word' id='word_1_48' title='bbox 850 777 886 789; x_wconf 57' lang='grc' dir='ltr'>θ’</span> <span class='ocrx_word' id='word_1_49' title='bbox 890 777 944 789; x_wconf 61' lang='grc' dir='ltr'>ΟΝ</span> <span class='ocrx_word' id='word_1_50' title='bbox 948 777 1022 789; x_wconf 59' lang='lat' dir='ltr'>006⁴ae</span> <span class='ocrx_word' id='word_1_51' title='bbox 1026 777 1082 789; x_wconf 64' lang='grc' dir='ltr'>ΝΟ</span> 
     </span>
    </p>
   </div>
   <div class='ocr_carea' id='block_1_10' title="bbox 241 841 1688 919">
    <p class='ocr_par' dir='ltr' id='par_1_10' title="bbox 241 841 1688 919">
     <span class='ocr_line' id='line_1_12' title="bbox 242 841 1688 885; baseline 0 -10"><span class='ocrx_word' id='word_1_52' title='bbox 242 851 322 879; x_wconf 67' lang='lat' dir='ltr'>mm</span> <span class='ocrx_word' id='word_1_53' title='bbox 343 847 379 875; x_wconf 86' lang='lat' dir='ltr'>et</span> <span class='ocrx_word' id='word_1_54' title='bbox 395 843 444 875; x_wconf 86' lang='lat' dir='ltr'>sic</span> <span class='ocrx_word' id='word_1_55' title='bbox 459 847 511 875; x_wconf 88' lang='lat' dir='ltr'>est</span> <span class='ocrx_word' id='word_1_56' title='bbox 527 843 559 875; x_wconf 87' lang='lat' dir='ltr'>in</span> <span class='ocrx_word' id='word_1_57' title='bbox 577 843 853 876; x_wconf 82' lang='lat' dir='ltr'>Parmensi.-—55</span> <span class='ocrx_word' id='word_1_58' title='bbox 877 843 1006 882; x_wconf 80' lang='lat' dir='ltr'>Trojani</span> <span class='ocrx_word' id='word_1_59' title='bbox 1031 847 1100 875; x_wconf 90' lang='lat' dir='ltr'>vet.</span> <span class='ocrx_word' id='word_1_60' title='bbox 1125 841 1383 885; x_wconf 86' lang='lat' dir='ltr'>Lindenbrogii,</span> <span class='ocrx_word' id='word_1_61' title='bbox 1402 842 1499 875; x_wconf 85' lang='lat' dir='ltr'>Rom.</span> <span class='ocrx_word' id='word_1_62' title='bbox 1514 846 1550 875; x_wconf 92' lang='lat' dir='ltr'>et</span> <span class='ocrx_word' id='word_1_63' title='bbox 1564 842 1688 875; x_wconf 80' lang='lat' dir='ltr'>Venet-</span> 
     </span>
     <span class='ocr_line' id='line_1_13' title="bbox 241 886 1031 919; baseline 0.001 -1"><span class='ocrx_word' id='word_1_64' title='bbox 241 889 274 918; x_wconf 82' lang='lat'>2.</span> <span class='ocrx_word' id='word_1_65' title='bbox 296 886 400 918; x_wconf 77' lang='lat' dir='ltr'>tor-ani</span> <span class='ocrx_word' id='word_1_66' title='bbox 417 887 530 918; x_wconf 83' lang='lat' dir='ltr'>Parm.</span> <span class='ocrx_word' id='word_1_67' title='bbox 575 887 696 919; x_wconf 79' lang='lat' dir='ltr'>Timavi</span> <span class='ocrx_word' id='word_1_68' title='bbox 711 892 836 919; x_wconf 81' lang='lat' dir='ltr'>ceterae</span> <span class='ocrx_word' id='word_1_69' title='bbox 852 886 1031 919; x_wconf 76' lang='lat' dir='ltr'>editiones.</span> 
     </span>
    </p>
   </div>
   <div class='ocr_carea' id='block_1_11' title="bbox 893 970 1037 1004">
    <p class='ocr_par' dir='ltr' id='par_1_11' title="bbox 893 970 1037 1004">
     <span class='ocr_line' id='line_1_14' title="bbox 893 970 1037 1004; baseline -0.007 0"><span class='ocrx_word' id='word_1_70' title='bbox 893 970 1037 1004; x_wconf 85' lang='lat' dir='ltr'>NOTAE</span> 
     </span>
    </p>
   </div>
   <div class='ocr_carea' id='block_1_12' title="bbox 236 1036 939 1840">
    <p class='ocr_par' dir='ltr' id='par_1_12' title="bbox 237 1036 939 1325">
     <span class='ocr_line' id='line_1_15' title="bbox 237 1036 937 1078; baseline -0.001 -9"><span class='ocrx_word' id='word_1_71' title='bbox 237 1036 422 1078; x_wconf 86' lang='lat' dir='ltr'>‘Manlius,</span> <span class='ocrx_word' id='word_1_72' title='bbox 445 1037 595 1069; x_wconf 84' lang='lat' dir='ltr'>evocatis</span> <span class='ocrx_word' id='word_1_73' title='bbox 618 1047 659 1069; x_wconf 89' lang='lat' dir='ltr'>eo</span> <span class='ocrx_word' id='word_1_74' title='bbox 682 1037 805 1078; x_wconf 83' lang='lat' dir='ltr'>regulis</span> <span class='ocrx_word' id='word_1_75' title='bbox 821 1037 937 1069; x_wconf 88' lang='lat' dir='ltr'>Gallo-</span> 
     </span>
     <span class='ocr_line' id='line_1_16' title="bbox 241 1087 938 1129; baseline 0.003 -11"><span class='ocrx_word' id='word_1_76' title='bbox 241 1097 328 1127; x_wconf 86' lang='lat' dir='ltr'>rum,</span> <span class='ocrx_word' id='word_1_77' title='bbox 354 1088 461 1128; x_wconf 84' lang='lat' dir='ltr'>leges,</span> <span class='ocrx_word' id='word_1_78' title='bbox 484 1087 605 1129; x_wconf 88' lang='lat' dir='ltr'>quibus</span> <span class='ocrx_word' id='word_1_79' title='bbox 630 1097 745 1129; x_wconf 82' lang='lat' dir='ltr'><strong>pacem</strong></span> <span class='ocrx_word' id='word_1_80' title='bbox 760 1093 938 1120; x_wconf 79' lang='lat' dir='ltr'>servarent</span> 
     </span>
     <span class='ocr_line' id='line_1_17' title="bbox 239 1139 939 1181; baseline 0.001 -11"><span class='ocrx_word' id='word_1_81' title='bbox 239 1148 317 1171; x_wconf 89' lang='lat' dir='ltr'>cum</span> <span class='ocrx_word' id='word_1_82' title='bbox 338 1140 503 1177; x_wconf 81' lang='lat' dir='ltr'>Eumene,</span> <span class='ocrx_word' id='word_1_83' title='bbox 517 1139 617 1180; x_wconf 80' lang='lat' dir='ltr'>dixit,</span> <span class='ocrx_word' id='word_1_84' title='bbox 638 1139 939 1181; x_wconf 87' lang='lat' dir='ltr'>denuntiavitque,</span> 
     </span>
     <span class='ocr_line' id='line_1_18' title="bbox 239 1190 938 1232; baseline 0.001 -11"><span class='ocrx_word' id='word_1_85' title='bbox 239 1195 279 1221; x_wconf 90' lang='lat' dir='ltr'>ut</span> <span class='ocrx_word' id='word_1_86' title='bbox 305 1200 433 1222; x_wconf 90' lang='lat' dir='ltr'>morem</span> <span class='ocrx_word' id='word_1_87' title='bbox 459 1191 602 1232; x_wconf 83' lang='lat' dir='ltr'>vagandi</span> <span class='ocrx_word' id='word_1_88' title='bbox 631 1201 706 1222; x_wconf 88' lang='lat' dir='ltr'>cum</span> <span class='ocrx_word' id='word_1_89' title='bbox 737 1191 838 1222; x_wconf 88' lang='lat' dir='ltr'>armis</span> <span class='ocrx_word' id='word_1_90' title='bbox 864 1190 938 1222; x_wconf 82' lang='lat' dir='ltr'>fini-</span> 
     </span>
     <span class='ocr_line' id='line_1_19' title="bbox 239 1242 936 1284; baseline 0.001 -11"><span class='ocrx_word' id='word_1_91' title='bbox 239 1247 328 1280; x_wconf 87' lang='lat' dir='ltr'>rent,</span> <span class='ocrx_word' id='word_1_92' title='bbox 344 1252 567 1284; x_wconf 82' lang='lat' dir='ltr'>agrorumque</span> <span class='ocrx_word' id='word_1_93' title='bbox 582 1253 717 1274; x_wconf 84' lang='lat' dir='ltr'>suorum</span> <span class='ocrx_word' id='word_1_94' title='bbox 732 1242 885 1274; x_wconf 87' lang='lat' dir='ltr'>terminis</span> <span class='ocrx_word' id='word_1_95' title='bbox 901 1251 936 1273; x_wconf 82' lang='lat' dir='ltr'>se</span> 
     </span>
     <span class='ocr_line' id='line_1_20' title="bbox 238 1292 478 1325; baseline 0.004 -1"><span class='ocrx_word' id='word_1_96' title='bbox 238 1292 478 1325; x_wconf 75' lang='lat' dir='ltr'>continerent-²</span> 
     </span>
    </p>

    <p class='ocr_par' dir='ltr' id='par_1_13' title="bbox 236 1341 936 1638">
     <span class='ocr_line' id='line_1_21' title="bbox 282 1341 936 1383; baseline 0 -8"><span class='ocrx_word' id='word_1_97' title='bbox 282 1345 323 1375; x_wconf 85' lang='grc'>54</span> <span class='ocrx_word' id='word_1_98' title='bbox 350 1343 448 1375; x_wconf 81' lang='lat' dir='ltr'>Omne</span> <span class='ocrx_word' id='word_1_99' title='bbox 478 1344 585 1375; x_wconf 81' lang='lat' dir='ltr'>mundi</span> <span class='ocrx_word' id='word_1_100' title='bbox 614 1343 734 1375; x_wconf 75' lang='lat' dir='ltr'>senium</span> <span class='ocrx_word' id='word_1_101' title='bbox 764 1341 936 1383; x_wconf 78' lang='lat' dir='ltr'><strong><em>remensus]</em></strong></span> 
     </span>
     <span class='ocr_line' id='line_1_22' title="bbox 238 1393 936 1427; baseline -0.001 -2"><span class='ocrx_word' id='word_1_102' title='bbox 238 1393 332 1426; x_wconf 83' lang='lat' dir='ltr'>Hinc</span> <span class='ocrx_word' id='word_1_103' title='bbox 348 1394 506 1426; x_wconf 83' lang='lat' dir='ltr'>discimus</span> <span class='ocrx_word' id='word_1_104' title='bbox 518 1395 705 1426; x_wconf 89' lang='lat' dir='ltr'>Maximum</span> <span class='ocrx_word' id='word_1_105' title='bbox 717 1394 856 1427; x_wconf 75' lang='lat' dir='ltr'>sunium</span> <span class='ocrx_word' id='word_1_106' title='bbox 869 1394 936 1425; x_wconf 88' lang='lat' dir='ltr'>his-</span> 
     </span>
     <span class='ocr_line' id='line_1_23' title="bbox 238 1445 934 1486; baseline -0.001 -9"><span class='ocrx_word' id='word_1_107' title='bbox 238 1445 360 1477; x_wconf 80' lang='lat' dir='ltr'>toriam</span> <span class='ocrx_word' id='word_1_108' title='bbox 383 1455 403 1477; x_wconf 86' lang='lat' dir='ltr'>a</span> <span class='ocrx_word' id='word_1_109' title='bbox 427 1445 619 1486; x_wconf 81' lang='lat' dir='ltr'>primordiis</span> <span class='ocrx_word' id='word_1_110' title='bbox 647 1445 739 1477; x_wconf 85' lang='lat' dir='ltr'>orbis</span> <span class='ocrx_word' id='word_1_111' title='bbox 761 1455 934 1486; x_wconf 87' lang='lat' dir='ltr'>composu-</span> 
     </span>
     <span class='ocr_line' id='line_1_24' title="bbox 237 1494 931 1536; baseline 0 -10"><span class='ocrx_word' id='word_1_112' title='bbox 237 1494 316 1527; x_wconf 83' lang='lat' dir='ltr'>isse.</span> <span class='ocrx_word' id='word_1_113' title='bbox 362 1495 516 1528; x_wconf 83' lang='lat' dir='ltr'>Catullus</span> <span class='ocrx_word' id='word_1_114' title='bbox 555 1495 597 1528; x_wconf 92' lang='lat' dir='ltr'>de</span> <span class='ocrx_word' id='word_1_115' title='bbox 636 1495 739 1527; x_wconf 93' lang='lat' dir='ltr'>Corn.</span> <span class='ocrx_word' id='word_1_116' title='bbox 773 1496 931 1536; x_wconf 86' lang='lat' dir='ltr'>Nepote:</span> 
     </span>
     <span class='ocr_line' id='line_1_25' title="bbox 236 1545 935 1579; baseline -0.001 -1"><span class='ocrx_word' id='word_1_117' title='bbox 236 1545 371 1578; x_wconf 88' lang='lat' dir='ltr'>‘Ausus</span> <span class='ocrx_word' id='word_1_118' title='bbox 394 1556 429 1578; x_wconf 88' lang='lat' dir='ltr'>es</span> <span class='ocrx_word' id='word_1_119' title='bbox 454 1556 538 1578; x_wconf 89' lang='lat' dir='ltr'>unus</span> <span class='ocrx_word' id='word_1_120' title='bbox 564 1546 728 1579; x_wconf 84' lang='lat' dir='ltr'>Italorum</span> <span class='ocrx_word' id='word_1_121' title='bbox 757 1545 868 1578; x_wconf 87' lang='lat' dir='ltr'>Omne</span> <span class='ocrx_word' id='word_1_122' title='bbox 892 1555 935 1577; x_wconf 66' lang='grc' dir='ltr'>ω·</span> 
     </span>
     <span class='ocr_line' id='line_1_26' title="bbox 238 1595 786 1638; baseline 0.002 -10"><span class='ocrx_word' id='word_1_123' title='bbox 238 1606 314 1628; x_wconf 86' lang='lat' dir='ltr'>vum</span> <span class='ocrx_word' id='word_1_124' title='bbox 331 1596 439 1629; x_wconf 83' lang='lat' dir='ltr'>tribus</span> <span class='ocrx_word' id='word_1_125' title='bbox 450 1597 622 1638; x_wconf 85' lang='lat' dir='ltr'>explicare</span> <span class='ocrx_word' id='word_1_126' title='bbox 636 1595 786 1629; x_wconf 68' lang='lat' dir='ltr'>chartis!</span> 
     </span>
    </p>

    <p class='ocr_par' dir='ltr' id='par_1_14' title="bbox 236 1644 934 1840">
     <span class='ocr_line' id='line_1_27' title="bbox 280 1644 934 1687; baseline -0.003 -9"><span class='ocrx_word' id='word_1_127' title='bbox 280 1650 320 1678; x_wconf 80' lang='lat'>55</span> <span class='ocrx_word' id='word_1_128' title='bbox 343 1646 491 1687; x_wconf 68' lang='lat' dir='ltr'>Sallusti]</span> <span class='ocrx_word' id='word_1_129' title='bbox 513 1647 694 1678; x_wconf 80' lang='lat' dir='ltr'>Sallustius</span> <span class='ocrx_word' id='word_1_130' title='bbox 703 1645 851 1678; x_wconf 76' lang='lat' dir='ltr'>historiae</span> <span class='ocrx_word' id='word_1_131' title='bbox 866 1644 934 1677; x_wconf 90' lang='lat' dir='ltr'>Ro-</span> 
     </span>
     <span class='ocr_line' id='line_1_28' title="bbox 236 1696 934 1738; baseline -0.003 -9"><span class='ocrx_word' id='word_1_132' title='bbox 236 1707 346 1729; x_wconf 85' lang='lat' dir='ltr'>manae</span> <span class='ocrx_word' id='word_1_133' title='bbox 376 1697 522 1738; x_wconf 85' lang='lat' dir='ltr'>scriptor</span> <span class='ocrx_word' id='word_1_134' title='bbox 546 1697 747 1729; x_wconf 84' lang='lat' dir='ltr'>notissimus.</span> <span class='ocrx_word' id='word_1_135' title='bbox 806 1696 934 1737; x_wconf 80' lang='lat' dir='ltr'>Brevis]</span> 
     </span>
     <span class='ocr_line' id='line_1_29' title="bbox 236 1746 931 1789; baseline -0.001 -9"><span class='ocrx_word' id='word_1_136' title='bbox 236 1747 279 1780; x_wconf 84' lang='lat' dir='ltr'>Id</span> <span class='ocrx_word' id='word_1_137' title='bbox 316 1753 381 1788; x_wconf 88' lang='lat' dir='ltr'>est,</span> <span class='ocrx_word' id='word_1_138' title='bbox 412 1748 469 1789; x_wconf 91' lang='lat' dir='ltr'>qui</span> <span class='ocrx_word' id='word_1_139' title='bbox 501 1748 707 1780; x_wconf 83' lang='lat' dir='ltr'>brevitatem</span> <span class='ocrx_word' id='word_1_140' title='bbox 743 1746 931 1779; x_wconf 84' lang='lat' dir='ltr'>affectavit.</span> 
     </span>
     <span class='ocr_line' id='line_1_30' title="bbox 239 1797 932 1840; baseline -0.003 -8"><span class='ocrx_word' id='word_1_141' title='bbox 239 1798 374 1840; x_wconf 67' lang='lat' dir='ltr'>Timavi]</span> <span class='ocrx_word' id='word_1_142' title='bbox 407 1799 566 1831; x_wconf 85' lang='lat' dir='ltr'>Timavus</span> <span class='ocrx_word' id='word_1_143' title='bbox 587 1798 665 1831; x_wconf 83' lang='lat' dir='ltr'>fons</span> <span class='ocrx_word' id='word_1_144' title='bbox 689 1803 725 1831; x_wconf 88' lang='lat' dir='ltr'>et</span> <span class='ocrx_word' id='word_1_145' title='bbox 749 1797 870 1830; x_wconf 87' lang='lat' dir='ltr'>fluvius</span> <span class='ocrx_word' id='word_1_146' title='bbox 898 1800 932 1830; x_wconf 88' lang='lat' dir='ltr'>in</span> 
     </span>
    </p>
   </div>
   <div class='ocr_carea' id='block_1_13' title="bbox 371 1969 479 2001">
    <p class='ocr_par' dir='ltr' id='par_1_15' title="bbox 371 1969 479 2001">
     <span class='ocr_line' id='line_1_31' title="bbox 371 1969 479 2001; baseline 0.028 -3"><span class='ocrx_word' id='word_1_147' title='bbox 371 1969 479 2001; x_wconf 81' lang='lat' dir='ltr'><strong>vnl.</strong></span> 
     </span>
    </p>
   </div>
   <div class='ocr_carea' id='block_1_14' title="bbox 986 1034 1687 1789">
    <p class='ocr_par' dir='ltr' id='par_1_16' title="bbox 989 1034 1687 1627">
     <span class='ocr_line' id='line_1_32' title="bbox 989 1034 1686 1077; baseline 0 -10"><span class='ocrx_word' id='word_1_148' title='bbox 989 1035 1094 1068; x_wconf 87' lang='lat' dir='ltr'>Istria</span> <span class='ocrx_word' id='word_1_149' title='bbox 1109 1036 1199 1067; x_wconf 90' lang='lat' dir='ltr'>inter</span> <span class='ocrx_word' id='word_1_150' title='bbox 1211 1034 1406 1077; x_wconf 87' lang='lat' dir='ltr'>Aquileiam</span> <span class='ocrx_word' id='word_1_151' title='bbox 1421 1038 1459 1067; x_wconf 83' lang='lat' dir='ltr'>et</span> <span class='ocrx_word' id='word_1_152' title='bbox 1471 1035 1686 1076; x_wconf 85' lang='lat' dir='ltr'>Tergistum:</span> 
     </span>
     <span class='ocr_line' id='line_1_33' title="bbox 991 1084 1687 1128; baseline 0 -11"><span class='ocrx_word' id='word_1_153' title='bbox 991 1084 1129 1128; x_wconf 88' lang='lat' dir='ltr'>profluit</span> <span class='ocrx_word' id='word_1_154' title='bbox 1143 1096 1186 1117; x_wconf 87' lang='lat' dir='ltr'>ex</span> <span class='ocrx_word' id='word_1_155' title='bbox 1207 1085 1364 1127; x_wconf 83' lang='lat' dir='ltr'>Alpibus,</span> <span class='ocrx_word' id='word_1_156' title='bbox 1386 1090 1546 1127; x_wconf 84' lang='lat' dir='ltr'>terraque</span> <span class='ocrx_word' id='word_1_157' title='bbox 1571 1086 1687 1118; x_wconf 84' lang='lat' dir='ltr'>condi-</span> 
     </span>
     <span class='ocr_line' id='line_1_34' title="bbox 992 1135 1686 1178; baseline 0.001 -11"><span class='ocrx_word' id='word_1_158' title='bbox 992 1142 1047 1168; x_wconf 89' lang='lat' dir='ltr'>tus</span> <span class='ocrx_word' id='word_1_159' title='bbox 1063 1135 1173 1168; x_wconf 87' lang='lat' dir='ltr'>fertur</span> <span class='ocrx_word' id='word_1_160' title='bbox 1187 1146 1249 1178; x_wconf 86' lang='lat' dir='ltr'>per</span> <span class='ocrx_word' id='word_1_161' title='bbox 1267 1136 1379 1168; x_wconf 85' lang='lat' dir='ltr'>stadia</span> <span class='ocrx_word' id='word_1_162' title='bbox 1395 1141 1551 1168; x_wconf 84' lang='lat' dir='ltr'>trecenta</span> <span class='ocrx_word' id='word_1_163' title='bbox 1566 1140 1603 1169; x_wconf 88' lang='lat' dir='ltr'>et</span> <span class='ocrx_word' id='word_1_164' title='bbox 1625 1136 1686 1168; x_wconf 89' lang='lat' dir='ltr'>tri-</span> 
     </span>
     <span class='ocr_line' id='line_1_35' title="bbox 991 1187 1687 1230; baseline 0 -11"><span class='ocrx_word' id='word_1_165' title='bbox 991 1187 1097 1230; x_wconf 82' lang='lat' dir='ltr'>ginta,</span> <span class='ocrx_word' id='word_1_166' title='bbox 1114 1197 1191 1219; x_wconf 84' lang='lat' dir='ltr'>mox</span> <span class='ocrx_word' id='word_1_167' title='bbox 1216 1188 1339 1220; x_wconf 85' lang='lat' dir='ltr'>iterum</span> <span class='ocrx_word' id='word_1_168' title='bbox 1355 1196 1530 1229; x_wconf 82' lang='lat' dir='ltr'>emergens</span> <span class='ocrx_word' id='word_1_169' title='bbox 1544 1187 1578 1219; x_wconf 88' lang='lat' dir='ltr'>in</span> <span class='ocrx_word' id='word_1_170' title='bbox 1594 1196 1687 1219; x_wconf 83' lang='lat' dir='ltr'>mare</span> 
     </span>
     <span class='ocr_line' id='line_1_36' title="bbox 990 1237 1687 1271; baseline 0 0"><span class='ocrx_word' id='word_1_171' title='bbox 990 1238 1204 1271; x_wconf 86' lang='lat' dir='ltr'>Adriaticum</span> <span class='ocrx_word' id='word_1_172' title='bbox 1231 1248 1352 1271; x_wconf 88' lang='lat' dir='ltr'>novem</span> <span class='ocrx_word' id='word_1_173' title='bbox 1374 1239 1470 1271; x_wconf 85' lang='lat' dir='ltr'>ostiis</span> <span class='ocrx_word' id='word_1_174' title='bbox 1490 1237 1687 1271; x_wconf 78' lang='lat' dir='ltr'>effunditur.</span> 
     </span>
     <span class='ocr_line' id='line_1_37' title="bbox 990 1290 1684 1332; baseline -0.001 -10"><span class='ocrx_word' id='word_1_175' title='bbox 990 1290 1155 1332; x_wconf 88' lang='lat' dir='ltr'>Polybius</span> <span class='ocrx_word' id='word_1_176' title='bbox 1171 1290 1257 1323; x_wconf 90' lang='lat' dir='ltr'>dicit</span> <span class='ocrx_word' id='word_1_177' title='bbox 1282 1291 1418 1323; x_wconf 86' lang='lat' dir='ltr'>accolas</span> <span class='ocrx_word' id='word_1_178' title='bbox 1445 1299 1569 1322; x_wconf 85' lang='lat' dir='ltr'>vocare</span> <span class='ocrx_word' id='word_1_179' title='bbox 1594 1290 1684 1322; x_wconf 89' lang='lat' dir='ltr'>hunc</span> 
     </span>
     <span class='ocr_line' id='line_1_38' title="bbox 990 1337 1686 1378; baseline -0.001 -5"><span class='ocrx_word' id='word_1_180' title='bbox 990 1340 1141 1378; x_wconf 86' lang='lat' dir='ltr'>fluvium.</span> <span class='ocrx_word' id='word_1_181' title='bbox 1161 1340 1330 1374; x_wconf 83' lang='lat' dir='ltr'>‘fontem&#39;</span> <span class='ocrx_word' id='word_1_182' title='bbox 1363 1346 1400 1373; x_wconf 88' lang='lat' dir='ltr'>et</span> <span class='ocrx_word' id='word_1_183' title='bbox 1422 1342 1432 1360; x_wconf 94' lang='lat'>‘</span> <span class='ocrx_word' id='word_1_184' title='bbox 1446 1337 1599 1374; x_wconf 58' lang='lat' dir='ltr'>matrem*</span> <span class='ocrx_word' id='word_1_185' title='bbox 1617 1350 1686 1372; x_wconf 87' lang='lat' dir='ltr'>ma·</span> 
     </span>
     <span class='ocr_line' id='line_1_39' title="bbox 990 1391 1685 1433; baseline -0.001 -10"><span class='ocrx_word' id='word_1_186' title='bbox 990 1391 1061 1423; x_wconf 86' lang='lat' dir='ltr'>ris.&#39;</span> <span class='ocrx_word' id='word_1_187' title='bbox 1103 1391 1266 1433; x_wconf 78' lang='lat' dir='ltr'>Virgilius</span> <span class='ocrx_word' id='word_1_188' title='bbox 1297 1391 1432 1423; x_wconf 84' lang='lat' dir='ltr'>AEneid.</span> <span class='ocrx_word' id='word_1_189' title='bbox 1462 1401 1488 1423; x_wconf 86' lang='grc' dir='ltr'>ι.</span> <span class='ocrx_word' id='word_1_190' title='bbox 1517 1391 1685 1423; x_wconf 84' lang='lat' dir='ltr'>‘Fontem</span> 
     </span>
     <span class='ocr_line' id='line_1_40' title="bbox 990 1442 1684 1484; baseline 0 -11"><span class='ocrx_word' id='word_1_191' title='bbox 990 1451 1152 1483; x_wconf 88' lang='lat' dir='ltr'>superare</span> <span class='ocrx_word' id='word_1_192' title='bbox 1166 1442 1310 1482; x_wconf 84' lang='lat' dir='ltr'>Timavi,</span> <span class='ocrx_word' id='word_1_193' title='bbox 1335 1442 1434 1474; x_wconf 87' lang='lat' dir='ltr'>Unde</span> <span class='ocrx_word' id='word_1_194' title='bbox 1457 1451 1520 1484; x_wconf 86' lang='lat' dir='ltr'>per</span> <span class='ocrx_word' id='word_1_195' title='bbox 1545 1451 1604 1474; x_wconf 86' lang='lat' dir='ltr'>ora</span> <span class='ocrx_word' id='word_1_196' title='bbox 1624 1451 1684 1473; x_wconf 87' lang='lat' dir='ltr'>no-</span> 
     </span>
     <span class='ocr_line' id='line_1_41' title="bbox 992 1491 1686 1525; baseline 0 -2"><span class='ocrx_word' id='word_1_197' title='bbox 992 1501 1066 1524; x_wconf 87' lang='lat' dir='ltr'>vem</span> <span class='ocrx_word' id='word_1_198' title='bbox 1083 1497 1181 1525; x_wconf 88' lang='lat' dir='ltr'>vasto</span> <span class='ocrx_word' id='word_1_199' title='bbox 1203 1503 1278 1525; x_wconf 89' lang='lat' dir='ltr'>cum</span> <span class='ocrx_word' id='word_1_200' title='bbox 1304 1503 1474 1525; x_wconf 87' lang='lat' dir='ltr'>murmure</span> <span class='ocrx_word' id='word_1_201' title='bbox 1500 1492 1624 1524; x_wconf 87' lang='lat' dir='ltr'>montis</span> <span class='ocrx_word' id='word_1_202' title='bbox 1650 1491 1686 1523; x_wconf 85' lang='lat' dir='ltr'>It</span> 
     </span>
     <span class='ocr_line' id='line_1_42' title="bbox 989 1543 1687 1586; baseline -0.001 -11"><span class='ocrx_word' id='word_1_203' title='bbox 989 1553 1083 1577; x_wconf 88' lang='lat' dir='ltr'>mare</span> <span class='ocrx_word' id='word_1_204' title='bbox 1104 1548 1327 1586; x_wconf 83' lang='lat' dir='ltr'>praeruptum,</span> <span class='ocrx_word' id='word_1_205' title='bbox 1350 1549 1387 1576; x_wconf 84' lang='lat' dir='ltr'>et</span> <span class='ocrx_word' id='word_1_206' title='bbox 1411 1545 1533 1586; x_wconf 81' lang='lat' dir='ltr'>pelago</span> <span class='ocrx_word' id='word_1_207' title='bbox 1559 1543 1687 1585; x_wconf 84' lang='lat' dir='ltr'>premit</span> 
     </span>
     <span class='ocr_line' id='line_1_43' title="bbox 990 1595 1245 1627; baseline 0.004 -1"><span class='ocrx_word' id='word_1_208' title='bbox 990 1604 1069 1627; x_wconf 84' lang='lat' dir='ltr'>arva</span> <span class='ocrx_word' id='word_1_209' title='bbox 1085 1595 1245 1627; x_wconf 65' lang='lat' dir='ltr'>sonanti!</span> 
     </span>
    </p>

    <p class='ocr_par' dir='ltr' id='par_1_17' title="bbox 986 1642 1684 1789">
     <span class='ocr_line' id='line_1_44' title="bbox 1030 1642 1684 1687; baseline -0.006 -9"><span class='ocrx_word' id='word_1_210' title='bbox 1030 1648 1072 1678; x_wconf 83' lang='lat'>56</span> <span class='ocrx_word' id='word_1_211' title='bbox 1095 1645 1279 1687; x_wconf 80' lang='lat' dir='ltr'>Atumnum]</span> <span class='ocrx_word' id='word_1_212' title='bbox 1312 1645 1354 1677; x_wconf 88' lang='lat' dir='ltr'>T.</span> <span class='ocrx_word' id='word_1_213' title='bbox 1385 1644 1516 1677; x_wconf 85' lang='lat' dir='ltr'>Livium</span> <span class='ocrx_word' id='word_1_214' title='bbox 1542 1642 1684 1675; x_wconf 83' lang='lat' dir='ltr'>Patavi-</span> 
     </span>
     <span class='ocr_line' id='line_1_45' title="bbox 987 1693 1683 1737; baseline -0.004 -9"><span class='ocrx_word' id='word_1_215' title='bbox 987 1706 1080 1737; x_wconf 88' lang='lat' dir='ltr'>num,</span> <span class='ocrx_word' id='word_1_216' title='bbox 1089 1696 1345 1728; x_wconf 88' lang='lat' dir='ltr'>celeberrimum</span> <span class='ocrx_word' id='word_1_217' title='bbox 1356 1696 1450 1727; x_wconf 89' lang='lat' dir='ltr'>illum</span> <span class='ocrx_word' id='word_1_218' title='bbox 1458 1694 1607 1727; x_wconf 83' lang='lat' dir='ltr'>historiae</span> <span class='ocrx_word' id='word_1_219' title='bbox 1615 1693 1683 1726; x_wconf 84' lang='lat' dir='ltr'>Ro-</span> 
     </span>
     <span class='ocr_line' id='line_1_46' title="bbox 986 1747 1321 1789; baseline 0.003 -11"><span class='ocrx_word' id='word_1_220' title='bbox 986 1757 1095 1780; x_wconf 85' lang='lat' dir='ltr'>manae</span> <span class='ocrx_word' id='word_1_221' title='bbox 1107 1747 1321 1789; x_wconf 81' lang='lat' dir='ltr'>scriptorem.</span> 
     </span>
    </p>
   </div>
   <div class='ocr_carea' id='block_1_15' title="bbox 539 1960 1561 2000">
    <p class='ocr_par' dir='ltr' id='par_1_18' title="bbox 539 1960 1561 2000">
     <span class='ocr_line' id='line_1_47' title="bbox 539 1960 1561 2000; baseline -0.004 0"><span class='ocrx_word' id='word_1_222' title='bbox 539 1969 606 2000; x_wconf 75' lang='lat' dir='ltr'>AD</span> <span class='ocrx_word' id='word_1_223' title='bbox 637 1960 847 2000; x_wconf 66' lang='lat' dir='ltr'><strong>JUIAUM*</strong></span> <span class='ocrx_word' id='word_1_224' title='bbox 880 1967 1224 1999; x_wconf 78' lang='lat' dir='ltr'>MENECRATEM</span> <span class='ocrx_word' id='word_1_225' title='bbox 1257 1968 1316 1998; x_wconf 91' lang='lat' dir='ltr'>OB</span> <span class='ocrx_word' id='word_1_226' title='bbox 1347 1966 1561 1998; x_wconf 78' lang='lat' dir='ltr'><strong>PROLEM.</strong></span> 
     </span>
    </p>
   </div>
   <div class='ocr_carea' id='block_1_16' title="bbox 232 2042 1680 2133">
    <p class='ocr_par' dir='ltr' id='par_1_19' title="bbox 232 2042 1680 2133">
     <span class='ocr_line' id='line_1_48' title="bbox 232 2042 1680 2089; baseline -0.003 -9"><span class='ocrx_word' id='word_1_227' title='bbox 232 2048 316 2080; x_wconf 85' lang='lat' dir='ltr'>Cum</span> <span class='ocrx_word' id='word_1_228' title='bbox 331 2048 424 2082; x_wconf 80' lang='lat' dir='ltr'>Julio</span> <span class='ocrx_word' id='word_1_229' title='bbox 439 2048 639 2080; x_wconf 82' lang='lat' dir='ltr'>Menecrate</span> <span class='ocrx_word' id='word_1_230' title='bbox 654 2048 884 2089; x_wconf 83' lang='lat' dir='ltr'>Neapolitano</span> <span class='ocrx_word' id='word_1_231' title='bbox 909 2047 1017 2080; x_wconf 85' lang='lat' dir='ltr'>amice</span> <span class='ocrx_word' id='word_1_232' title='bbox 1033 2046 1241 2088; x_wconf 86' lang='lat' dir='ltr'>expostulat,</span> <span class='ocrx_word' id='word_1_233' title='bbox 1263 2044 1355 2089; x_wconf 90' lang='lat' dir='ltr'>quod</span> <span class='ocrx_word' id='word_1_234' title='bbox 1378 2048 1461 2077; x_wconf 88' lang='lat' dir='ltr'>nata</span> <span class='ocrx_word' id='word_1_235' title='bbox 1485 2043 1590 2076; x_wconf 82' lang='lat' dir='ltr'>filiola</span> <span class='ocrx_word' id='word_1_236' title='bbox 1614 2042 1680 2076; x_wconf 88' lang='lat' dir='ltr'>sibi</span> 
     </span>
     <span class='ocr_line' id='line_1_49' title="bbox 275 2090 1191 2133; baseline -0.002 -10"><span class='ocrx_word' id='word_1_237' title='bbox 275 2101 342 2124; x_wconf 88' lang='lat' dir='ltr'>non</span> <span class='ocrx_word' id='word_1_238' title='bbox 357 2091 548 2133; x_wconf 86' lang='lat' dir='ltr'>scripserit,</span> <span class='ocrx_word' id='word_1_239' title='bbox 570 2091 668 2133; x_wconf 88' lang='lat' dir='ltr'>eique</span> <span class='ocrx_word' id='word_1_240' title='bbox 682 2090 725 2122; x_wconf 88' lang='lat' dir='ltr'>de</span> <span class='ocrx_word' id='word_1_241' title='bbox 741 2091 845 2123; x_wconf 91' lang='lat' dir='ltr'>tertia</span> <span class='ocrx_word' id='word_1_242' title='bbox 859 2091 974 2123; x_wconf 86' lang='lat' dir='ltr'>sobole</span> <span class='ocrx_word' id='word_1_243' title='bbox 989 2091 1191 2131; x_wconf 83' lang='lat' dir='ltr'>gratulatur.</span> 
     </span>
    </p>
   </div>
   <div class='ocr_carea' id='block_1_17' title="bbox 234 2165 1451 2221">
    <p class='ocr_par' dir='ltr' id='par_1_20' title="bbox 234 2165 1451 2221">
     <span class='ocr_line' id='line_1_50' title="bbox 234 2165 1451 2221; baseline -0.002 -11"><span class='ocrx_word' id='word_1_244' title='bbox 234 2167 415 2210; x_wconf 77' lang='lat' dir='ltr'><strong>PANDE</strong></span> <span class='ocrx_word' id='word_1_245' title='bbox 444 2166 563 2208; x_wconf 87' lang='lat' dir='ltr'>fores</span> <span class='ocrx_word' id='word_1_246' title='bbox 590 2166 807 2221; x_wconf 88' lang='lat' dir='ltr'>Superum</span> <span class='ocrx_word' id='word_1_247' title='bbox 829 2167 1070 2221; x_wconf 84' lang='lat' dir='ltr'>vittataque</span> <span class='ocrx_word' id='word_1_248' title='bbox 1090 2166 1256 2221; x_wconf 85' lang='lat' dir='ltr'>templa</span> <span class='ocrx_word' id='word_1_249' title='bbox 1275 2165 1451 2207; x_wconf 83' lang='lat' dir='ltr'>Sabaeis</span> 
     </span>
    </p>
   </div>
   <div class='ocr_carea' id='block_1_18' title="bbox 272 2268 1679 2314">
    <p class='ocr_par' dir='ltr' id='par_1_21' title="bbox 272 2268 1679 2314">
     <span class='ocr_line' id='line_1_51' title="bbox 272 2268 1679 2314; baseline -0.003 -10"><span class='ocrx_word' id='word_1_250' title='bbox 272 2271 471 2313; x_wconf 80' lang='lat' dir='ltr'>Parthenope</span> <span class='ocrx_word' id='word_1_251' title='bbox 483 2272 570 2314; x_wconf 81' lang='lat' dir='ltr'>aperi</span> <span class='ocrx_word' id='word_1_252' title='bbox 584 2271 696 2303; x_wconf 79' lang='lat' dir='ltr'>limina</span> <span class='ocrx_word' id='word_1_253' title='bbox 710 2272 856 2312; x_wconf 81' lang='lat' dir='ltr'>Deorum,</span> <span class='ocrx_word' id='word_1_254' title='bbox 877 2275 908 2303; x_wconf 83' lang='lat' dir='ltr'>et</span> <span class='ocrx_word' id='word_1_255' title='bbox 927 2273 1019 2313; x_wconf 82' lang='lat' dir='ltr'>imple</span> <span class='ocrx_word' id='word_1_256' title='bbox 1039 2272 1153 2313; x_wconf 77' lang='lat' dir='ltr'>tempta</span> <span class='ocrx_word' id='word_1_257' title='bbox 1176 2270 1292 2303; x_wconf 79' lang='lat' dir='ltr'>vittata</span> <span class='ocrx_word' id='word_1_258' title='bbox 1307 2269 1428 2303; x_wconf 73' lang='lat' dir='ltr'>Saba-is</span> <span class='ocrx_word' id='word_1_259' title='bbox 1451 2268 1626 2311; x_wconf 77' lang='lat' dir='ltr'>vaporibus,</span> <span class='ocrx_word' id='word_1_260' title='bbox 1646 2270 1679 2300; x_wconf 80' lang='lat' dir='ltr'>et</span> 
     </span>
    </p>
   </div>
   <div class='ocr_carea' id='block_1_19' title="bbox 834 2357 970 2370">
    <p class='ocr_par' dir='ltr' id='par_1_22' title="bbox 834 2357 970 2370">
     <span class='ocr_line' id='line_1_52' title="bbox 834 2357 970 2370; baseline -0.007 0"><span class='ocrx_word' id='word_1_261' title='bbox 834 2357 970 2370; x_wconf 63' lang='lat' dir='ltr'>OmOO‘</span> 
     </span>
    </p>
   </div>
   <div class='ocr_carea' id='block_1_20' title="bbox 973 2357 1071 2369">
    <p class='ocr_par' dir='ltr' id='par_1_23' title="bbox 973 2357 1071 2369">
     <span class='ocr_line' id='line_1_53' title="bbox 973 2357 1071 2369; baseline 0 0"><span class='ocrx_word' id='word_1_262' title='bbox 973 2357 1071 2369; x_wconf 70' lang='lat' dir='ltr'>eeeee</span> 
     </span>
    </p>
   </div>
   <div class='ocr_carea' id='block_1_21' title="bbox 230 2406 1676 2539">
    <p class='ocr_par' dir='ltr' id='par_1_24' title="bbox 230 2406 1676 2539">
     <span class='ocr_line' id='line_1_54' title="bbox 275 2406 1674 2453; baseline -0.002 -11"><span class='ocrx_word' id='word_1_263' title='bbox 275 2411 317 2443; x_wconf 90' lang='lat' dir='ltr'>In</span> <span class='ocrx_word' id='word_1_264' title='bbox 339 2411 519 2444; x_wconf 81' lang='lat' dir='ltr'>Parmensi</span> <span class='ocrx_word' id='word_1_265' title='bbox 539 2411 734 2453; x_wconf 76' lang='lat' dir='ltr'>Epigraplie</span> <span class='ocrx_word' id='word_1_266' title='bbox 753 2411 850 2452; x_wconf 89' lang='lat' dir='ltr'>hujus</span> <span class='ocrx_word' id='word_1_267' title='bbox 871 2411 1007 2451; x_wconf 62' lang='lat' dir='ltr'>Eclogae</span> <span class='ocrx_word' id='word_1_268' title='bbox 1023 2415 1101 2443; x_wconf 86' lang='lat' dir='ltr'>est:</span> <span class='ocrx_word' id='word_1_269' title='bbox 1125 2409 1213 2441; x_wconf 81' lang='lat' dir='ltr'>Julio</span> <span class='ocrx_word' id='word_1_270' title='bbox 1233 2407 1409 2441; x_wconf 78' lang='lat' dir='ltr'>Menecrati</span> <span class='ocrx_word' id='word_1_271' title='bbox 1426 2406 1674 2448; x_wconf 71' lang='lat' dir='ltr'>congratulatio.</span> 
     </span>
     <span class='ocr_line' id='line_1_55' title="bbox 230 2449 1676 2496; baseline -0.003 -10"><span class='ocrx_word' id='word_1_272' title='bbox 230 2454 321 2486; x_wconf 79' lang='lat' dir='ltr'>vide</span> <span class='ocrx_word' id='word_1_273' title='bbox 347 2454 494 2487; x_wconf 83' lang='lat' dir='ltr'>Praefat.</span> <span class='ocrx_word' id='word_1_274' title='bbox 519 2455 618 2496; x_wconf 89' lang='lat' dir='ltr'>hujus</span> <span class='ocrx_word' id='word_1_275' title='bbox 644 2454 736 2486; x_wconf 89' lang='lat' dir='ltr'>libri.</span> <span class='ocrx_word' id='word_1_276' title='bbox 780 2454 833 2486; x_wconf 84' lang='lat' dir='ltr'>Ad</span> <span class='ocrx_word' id='word_1_277' title='bbox 857 2454 979 2486; x_wconf 75' lang='lat' dir='ltr'>duliam</span> <span class='ocrx_word' id='word_1_278' title='bbox 1002 2455 1215 2486; x_wconf 81' lang='lat' dir='ltr'>Menecratem</span> <span class='ocrx_word' id='word_1_279' title='bbox 1239 2451 1276 2483; x_wconf 82' lang='lat' dir='ltr'>ob</span> <span class='ocrx_word' id='word_1_280' title='bbox 1301 2452 1420 2493; x_wconf 79' lang='lat' dir='ltr'>prolem</span> <span class='ocrx_word' id='word_1_281' title='bbox 1445 2451 1542 2483; x_wconf 85' lang='lat' dir='ltr'>Rom.</span> <span class='ocrx_word' id='word_1_282' title='bbox 1569 2449 1676 2482; x_wconf 89' lang='lat' dir='ltr'>Aldd.</span> 
     </span>
     <span class='ocr_line' id='line_1_56' title="bbox 230 2493 1674 2539; baseline -0.004 -9"><span class='ocrx_word' id='word_1_283' title='bbox 230 2497 342 2530; x_wconf 87' lang='lat' dir='ltr'>Colin.</span> <span class='ocrx_word' id='word_1_284' title='bbox 366 2498 501 2539; x_wconf 82' lang='lat' dir='ltr'>Gryph.</span> <span class='ocrx_word' id='word_1_285' title='bbox 523 2497 630 2530; x_wconf 87' lang='lat' dir='ltr'>Basil.</span> <span class='ocrx_word' id='word_1_286' title='bbox 650 2497 765 2530; x_wconf 88' lang='lat' dir='ltr'>Plant.</span> <span class='ocrx_word' id='word_1_287' title='bbox 789 2496 934 2530; x_wconf 83' lang='lat' dir='ltr'>Gevart.</span> <span class='ocrx_word' id='word_1_288' title='bbox 949 2499 1073 2530; x_wconf 90' lang='lat' dir='ltr'>&amp;c.—-l</span> <span class='ocrx_word' id='word_1_289' title='bbox 1097 2495 1314 2528; x_wconf 84' lang='lat' dir='ltr'>Parmensis:</span> <span class='ocrx_word' id='word_1_290' title='bbox 1335 2494 1492 2535; x_wconf 75' lang='lat' dir='ltr'>vitataque</span> <span class='ocrx_word' id='word_1_291' title='bbox 1504 2493 1674 2535; x_wconf 79' lang='lat' dir='ltr'>templa.—</span> 
     </span>
    </p>
   </div>
   <div class='ocr_carea' id='block_1_22' title="bbox 270 2583 1282 2689">
    <p class='ocr_par' dir='ltr' id='par_1_25' title="bbox 270 2583 1282 2689">
     <span class='ocr_line' id='line_1_57' title="bbox 883 2583 1026 2616; baseline -0.007 0"><span class='ocrx_word' id='word_1_292' title='bbox 883 2583 1026 2616; x_wconf 82' lang='lat' dir='ltr'>NOTAE</span> 
     </span>
     <span class='ocr_line' id='line_1_58' title="bbox 270 2645 1282 2689; baseline -0.006 -7"><span class='ocrx_word' id='word_1_293' title='bbox 270 2652 286 2683; x_wconf 67' lang='lat' dir='ltr'>t</span> <span class='ocrx_word' id='word_1_294' title='bbox 306 2646 445 2688; x_wconf 72' lang='lat' dir='ltr'>Julium]</span> <span class='ocrx_word' id='word_1_295' title='bbox 479 2646 591 2680; x_wconf 88' lang='lat' dir='ltr'>Julius</span> <span class='ocrx_word' id='word_1_296' title='bbox 607 2646 838 2683; x_wconf 89' lang='lat' dir='ltr'>Menecrates,</span> <span class='ocrx_word' id='word_1_297' title='bbox 863 2646 921 2678; x_wconf 88' lang='lat' dir='ltr'>ille</span> <span class='ocrx_word' id='word_1_298' title='bbox 977 2645 1141 2689; x_wconf 83' lang='lat' dir='ltr'>Papinius</span> <span class='ocrx_word' id='word_1_299' title='bbox 1153 2648 1282 2677; x_wconf 84' lang='lat' dir='ltr'>noster.</span> 
     </span>
    </p>
   </div>
   <div class='ocr_carea' id='block_1_23' title="bbox 226 2697 927 2843">
    <p class='ocr_par' dir='ltr' id='par_1_26' title="bbox 226 2697 927 2843">
     <span class='ocr_line' id='line_1_59' title="bbox 227 2697 923 2740; baseline -0.006 -7"><span class='ocrx_word' id='word_1_300' title='bbox 227 2705 303 2733; x_wconf 85' lang='lat' dir='ltr'>erat</span> <span class='ocrx_word' id='word_1_301' title='bbox 325 2700 408 2732; x_wconf 87' lang='lat' dir='ltr'>civis</span> <span class='ocrx_word' id='word_1_302' title='bbox 425 2697 670 2740; x_wconf 88' lang='lat' dir='ltr'>Neapolitanus</span> <span class='ocrx_word' id='word_1_303' title='bbox 685 2698 867 2730; x_wconf 88' lang='lat' dir='ltr'>ditissimus</span> <span class='ocrx_word' id='word_1_304' title='bbox 883 2707 923 2729; x_wconf 89' lang='lat' dir='ltr'>ac</span> 
     </span>
     <span class='ocr_line' id='line_1_60' title="bbox 227 2748 925 2791; baseline -0.004 -8"><span class='ocrx_word' id='word_1_305' title='bbox 227 2750 470 2791; x_wconf 83' lang='lat' dir='ltr'>nobilissimus,</span> <span class='ocrx_word' id='word_1_306' title='bbox 484 2758 585 2791; x_wconf 91' lang='lat' dir='ltr'>quem</span> <span class='ocrx_word' id='word_1_307' title='bbox 609 2758 686 2781; x_wconf 91' lang='lat' dir='ltr'>cum</span> <span class='ocrx_word' id='word_1_308' title='bbox 710 2758 828 2781; x_wconf 91' lang='lat' dir='ltr'>socero</span> <span class='ocrx_word' id='word_1_309' title='bbox 843 2748 925 2780; x_wconf 92' lang='lat' dir='ltr'>Pol-</span> 
     </span>
     <span class='ocr_line' id='line_1_61' title="bbox 226 2798 927 2843; baseline -0.007 -8"><span class='ocrx_word' id='word_1_310' title='bbox 226 2802 272 2835; x_wconf 94' lang='lat' dir='ltr'>lio</span> <span class='ocrx_word' id='word_1_311' title='bbox 297 2802 388 2834; x_wconf 85' lang='lat' dir='ltr'>inter</span> <span class='ocrx_word' id='word_1_312' title='bbox 416 2799 610 2843; x_wconf 64' lang='lat' dir='ltr'>praecipuos</span> <span class='ocrx_word' id='word_1_313' title='bbox 635 2798 760 2832; x_wconf 86' lang='lat' dir='ltr'>amicos</span> <span class='ocrx_word' id='word_1_314' title='bbox 791 2799 927 2831; x_wconf 85' lang='lat' dir='ltr'>colebat</span> 
     </span>
    </p>
   </div>
   <div class='ocr_carea' id='block_1_24' title="bbox 979 2691 1672 2788">
    <p class='ocr_par' dir='ltr' id='par_1_27' title="bbox 979 2691 1672 2788">
     <span class='ocr_line' id='line_1_62' title="bbox 1020 2691 1672 2736; baseline -0.008 -7"><span class='ocrx_word' id='word_1_315' title='bbox 1020 2700 1038 2728; x_wconf 92' lang='lat'>1</span> <span class='ocrx_word' id='word_1_316' title='bbox 1064 2696 1174 2729; x_wconf 80' lang='lat' dir='ltr'>Pande</span> <span class='ocrx_word' id='word_1_317' title='bbox 1188 2696 1279 2736; x_wconf 76' lang='lat' dir='ltr'>sores</span> <span class='ocrx_word' id='word_1_318' title='bbox 1298 2692 1462 2735; x_wconf 70' lang='lat' dir='ltr'>Superum]</span> <span class='ocrx_word' id='word_1_319' title='bbox 1483 2691 1526 2724; x_wconf 87' lang='lat' dir='ltr'>In</span> <span class='ocrx_word' id='word_1_320' title='bbox 1549 2691 1672 2725; x_wconf 71' lang='lat' dir='ltr'>laetitia</span> 
     </span>
     <span class='ocr_line' id='line_1_63' title="bbox 979 2743 1671 2788; baseline -0.009 -8"><span class='ocrx_word' id='word_1_321' title='bbox 979 2747 1068 2780; x_wconf 86' lang='lat' dir='ltr'>enim</span> <span class='ocrx_word' id='word_1_322' title='bbox 1086 2746 1222 2788; x_wconf 86' lang='lat' dir='ltr'>publica</span> <span class='ocrx_word' id='word_1_323' title='bbox 1237 2745 1366 2786; x_wconf 87' lang='lat' dir='ltr'>templa</span> <span class='ocrx_word' id='word_1_324' title='bbox 1385 2743 1535 2776; x_wconf 80' lang='lat' dir='ltr'>Deorum</span> <span class='ocrx_word' id='word_1_325' title='bbox 1560 2743 1671 2785; x_wconf 83' lang='lat' dir='ltr'>aperi-</span> 
     </span>
    </p>
   </div>
   <div class='ocr_carea' id='block_1_25' title="bbox 979 2792 1670 2838">
    <p class='ocr_par' dir='ltr' id='par_1_28' title="bbox 979 2792 1670 2838">
     <span class='ocr_line' id='line_1_64' title="bbox 979 2792 1670 2838; baseline -0.009 -8"><span class='ocrx_word' id='word_1_326' title='bbox 979 2798 1131 2830; x_wconf 87' lang='lat' dir='ltr'>ebantur.</span> <span class='ocrx_word' id='word_1_327' title='bbox 1180 2796 1361 2838; x_wconf 76' lang='lat' dir='ltr'>Vittataque</span> <span class='ocrx_word' id='word_1_328' title='bbox 1385 2794 1512 2836; x_wconf 79' lang='lat' dir='ltr'>templa]</span> <span class='ocrx_word' id='word_1_329' title='bbox 1535 2792 1670 2835; x_wconf 83' lang='lat' dir='ltr'>Virgili-</span> 
     </span>
    </p>
   </div>
  </div>
 </body>
</html>
