1800 3060
229 208 318 250 426
733 219 773 249 P.
806 218 998 249 ΡΑΡιΝιι
1031 217 1199 250 εΤΑΤη

349 315 484 367 Quod
503 315 586 356 sub
607 317 648 355 te
669 313 795 363 duce,
815 316 859 354 te
871 313 1069 368 jubente,
1091 313 1240 365 cessi3

347 383 484 435 Quod
508 388 553 424 tu
574 381 797 423 maximus
818 381 996 430 arbiter,
1016 393 1221 434 meaeque

344 452 509 494 Victor
528 454 770 505 perpetuus
791 450 936 503 legero
954 450 1076 503 ripae.

346 520 406 562 Et
425 532 539 561 nunc
558 519 699 559 limite
721 531 791 558 me
813 518 925 559 colis
944 518 1091 567 beato,

347 589 447 631 Nec
471 587 650 629 sordere
672 586 796 636 sinis,
817 585 1071 639 malumque
1089 585 1179 626 late

352 658 565 709 Deterges
587 655 749 696 sterilis
769 654 855 696 soli
876 653 1115 708 pudorem3

346 726 449 768 Nec
465 738 534 766 me
554 724 829 778 pulvereum,
849 734 1113 775 gravemque
1135 733 1266 762 coeno

343 793 560 849 Tyrrheni
579 792 704 833 sinus
725 790 880 831 obruet
899 789 1126 843 profundi,

343 861 526 914 (Qualis
546 859 793 914 Cinyphius
814 862 988 900 tacente
1007 858 1121 912 ripa,
1633 856 1691 900 90

229 985 262 1016 in
286 984 426 1016 ordinem
440 983 495 1022 sui
511 982 568 1013 sub
590 984 621 1012 te
637 979 790 1021 principe,
803 982 834 1011 et
851 976 1018 1018 taujaima,
1033 978 1111 1018 quod
1126 980 1162 1009 tu
1183 978 1299 1017 legeris
1319 979 1475 1010 „mximas
1497 979 1649 1019 dominus,
1663 983 1694 1011 et

229 1031 367 1059 (eternus
382 1027 516 1058 domitor
540 1024 602 1056 mei
617 1023 746 1055 littoris.
791 1023 837 1053 Et
852 1031 932 1053 nunc
954 1021 1080 1053 decoras
1103 1031 1151 1053 me
1178 1022 1307 1062 pulchra
1328 1023 1393 1062 via,
1407 1032 1463 1053 nec
1474 1022 1634 1063 permittis
1647 1032 1695 1054 me

228 1072 382 1112 squalere,
399 1073 429 1101 et
445 1069 582 1100 exsiccas
596 1068 726 1098 dedecus
741 1065 926 1104 insoecundoe
941 1067 1050 1104 terroe,
1065 1074 1104 1096 ne
1118 1065 1207 1096 sinus
1228 1065 1327 1096 maris
1344 1065 1497 1107 Tyrrheni
1510 1065 1632 1096 sorbeat
1647 1075 1695 1097 me

225 1115 356 1155 pulvere
371 1116 401 1145 et
415 1123 498 1144 coeno
513 1112 677 1153 repletum,
691 1109 791 1150 qualis
807 1108 947 1149 Libycus
961 1107 1117 1148 Bagrada
1136 1107 1234 1150 serpit
1249 1108 1358 1140 silenti
1378 1109 1485 1140 littore
1504 1118 1560 1150 per
1571 1108 1693 1148 Africae

1021 1203 1081 1218 ΝΟ

229 1263 335 1297 Aldd.
353 1264 463 1297 Colin.
478 1263 613 1305 Gryph.
628 1262 735 1295 Basil.
749 1261 866 1294 Plant.
877 1267 912 1293 et
925 1262 1070 1294 Gevart.
1086 1262 1152 1293 &c-
1175 1260 1238 1293 Sed
1254 1263 1365 1301 grates
1392 1270 1451 1301 ago
1471 1263 1609 1292 structus
1620 1259 1694 1301 quia

228 1309 313 1340 tanti
327 1312 375 1340 est
391 1308 506 1340 Parm.
520 1312 557 1339 et
574 1307 672 1338 Rom.
695 1305 758 1337 Sed
771 1309 881 1346 grates
891 1315 952 1345 ago
967 1305 1099 1337 strictus
1112 1308 1205 1345 atque
1219 1305 1303 1335 tanti
1318 1307 1364 1336 est
1378 1304 1506 1336 Venet.
1522 1306 1554 1335 2.
1568 1308 1605 1335 et
1625 1307 1694 1334 vet.

228 1351 487 1391 Liudenbrogii,
509 1350 677 1391 probante
708 1348 883 1381 Gronovio
907 1349 1022 1380 Diatr.
1052 1358 1128 1388 cap.
1144 1350 1197 1379 40.
1218 1352 1254 1379 et
1267 1345 1382 1378 firmat
1398 1357 1440 1378 ex
1454 1356 1552 1378 versu
1569 1348 1623 1378 ⁷5.
1649 1345 1694 1376 Et

226 1398 338 1436 grates
351 1405 413 1435 ago
427 1392 755 1426 Marklandus.-82
778 1391 974 1423 Parmensis
991 1391 1120 1423 omittit
1137 1390 1285 1432 priorem
1302 1393 1333 1422 te
1343 1401 1356 1428 ;
1379 1390 1533 1422 Romana
1559 1394 1597 1421 et
1622 1393 1692 1420 vet.

228 1437 557 1479 Lindenbrogiijam
568 1435 702 1475 jubente
715 1435 880 1467 exhibent
895 1445 904 1475 ;
927 1444 1006 1473 non,
1028 1443 1109 1466 nunc
1123 1434 1266 1474 jubente,
1291 1433 1573 1482 quemadmodum
1590 1431 1696 1464 scribi

229 1481 340 1513 voluit
355 1481 650 1514 Gronovius—87
675 1479 772 1511 Rom.
798 1477 906 1510 Aldd.
935 1478 1046 1510 Colin.
1069 1477 1203 1519 Gryph.
1229 1477 1336 1509 Bassi.
1364 1481 1401 1508 et
1431 1477 1550 1508 Plant.
1574 1474 1693 1507 sterilis

228 1524 288 1556 soli
299 1527 442 1565 putorem
453 1534 465 1561 ;
486 1522 665 1555 Turnebus
682 1522 832 1554 correxit
841 1522 990 1562 pudorem
998 1531 1010 1558 ,·
1033 1525 1070 1552 et
1083 1521 1131 1552 sic
1145 1525 1199 1551 est
1214 1519 1248 1551 in
1263 1521 1378 1551 Parin.
1395 1525 1431 1551 et
1447 1520 1496 1550 ita
1508 1518 1694 1551 ediderunt

228 1567 374 1599 Gevart.
393 1567 545 1600 Gronov.
561 1565 679 1597 Barth.
696 1570 732 1596 et
747 1564 1062 1596 recentiores.—88
1086 1564 1139 1595 Ne
1153 1573 1201 1594 me
1215 1562 1294 1594 edd.
1309 1567 1394 1595 vett.
1418 1563 1487 1594 Nec
1503 1572 1550 1594 me
1573 1560 1692 1593 Mark-

228 1610 350 1642 landus
366 1620 410 1642 ex
426 1610 654 1651 conjectura:
680 1613 716 1640 et
741 1608 791 1639 sic
817 1608 942 1639 Venet.
968 1609 1088 1638 1.-89
1111 1606 1209 1638 Idem
1226 1615 1288 1646 pro
1303 1605 1426 1646 obruat,
1447 1605 1538 1646 quod
1563 1604 1694 1636 habent

228 1653 331 1686 Rom.
346 1653 451 1686 Aidd.
469 1653 578 1685 Coiin.
595 1652 728 1693 Gryph.
741 1653 809 1683 ὅτε.
825 1650 938 1683 edidit
953 1650 1060 1682 obruet
1073 1660 1085 1687 ‚·
1106 1650 1231 1682 Venet.
1251 1652 1283 1682 1.
1305 1648 1505 1681 obruta—90
1528 1646 1694 1680 Nonnulli

890 1748 1035 1782 NOTAE

270 1819 308 1849 81
338 1817 382 1848 Et
398 1815 494 1858 [Sed]
519 1818 629 1856 grates
641 1824 715 1855 ago,
740 1814 931 1855 servitusque
1028 1815 1070 1844 84
1099 1811 1225 1853 Victor]
1247 1811 1395 1846 Quidam
1425 1811 1574 1853 codices,
1602 1812 1691 1843 Vinc-

225 1868 311 1901 tanti
338 1867 400 1908 est]
436 1867 494 1899 Ita
528 1866 654 1898 Aldina
695 1865 816 1898 editio.
861 1864 931 1897 Sed
984 1868 1047 1905 tor,
1063 1868 1098 1896 et
1113 1864 1298 1906 respondet
1312 1865 1357 1904 τῷ
1381 1865 1521 1897 strictus.
1552 1863 1692 1904 Legere]

224 1919 397 1951 Romanus
412 1922 449 1949 et
467 1917 622 1949 Venetus
646 1916 758 1948 codex
781 1915 928 1947 habent:

228 1970 291 2001 Sed
303 1973 413 2010 grates
427 1979 486 2009 ago
507 1968 650 2007 strictus,
664 1971 758 2008 atque
774 1967 857 1998 tanti
871 1969 929 1998 est.

225 2021 298 2053 Pro
320 2020 425 2052 verbo
454 2020 584 2051 strictus
609 2018 694 2050 facit
723 2019 815 2060 quod
846 2017 932 2050 dicit

224 2081 350 2113 supra:
374 2073 384 2089 ‘
403 2071 469 2104 Qui
492 2080 547 2102 me
570 2070 716 2101 vallibus
733 2070 820 2101 aviis
842 2068 932 2101 refu·

225 2133 300 2155 sum
330 2122 378 2154 Et
407 2122 499 2163 ripas
529 2121 688 2152 habitare
716 2120 928 2152 nescientem

224 2172 330 2205 Recti
346 2173 479 2214 iegibus
493 2171 583 2203 alvei
599 2169 740 2212 ligasti.’
765 2171 812 2202 Et
820 2170 928 2203 Theb.

224 2233 250 2270 ¹?
272 2224 282 2241 ‘
299 2225 346 2256 Et
360 2224 478 2256 Thetis
494 2227 634 2255 arentes
646 2226 819 2254 assuetum
829 2222 929 2254 strin-

226 2284 309 2316 gere
322 2275 412 2316 ripas
427 2274 573 2306 Horruit
586 2274 717 2315 ingenti
734 2273 929 2305 venientem

224 2326 386 2358 Ismenon
397 2324 546 2358 acervo.’
569 2325 616 2357 Et
627 2326 804 2357 Lucanus:
828 2326 839 2342 ⁴
854 2325 929 2357 Nec

226 2377 311 2419 ripis
328 2377 446 2418 alligat
458 2376 618 2408 amnem.’
642 2377 779 2417 Nempe
791 2375 929 2417 ‘ligare’

225 2437 330 2469 supra
344 2427 410 2464 hic,
425 2427 517 2470 quod
533 2427 579 2458 ibi
596 2427 606 2444 ‘
623 2425 818 2467 stringere!
855 2427 930 2467 Ego

226 2479 335 2510 amnis
352 2479 507 2518 strictus,
520 2478 652 2518 legibus
673 2477 810 2518 ligatus,
825 2477 929 2509 etiam

225 2533 341 2570 grates
353 2539 417 2571 ago
432 2540 439 2560 :
465 2534 568 2571 atque
582 2529 670 2561 tanti
679 2533 747 2569 est,
761 2538 822 2560 seu
834 2539 930 2572 mag-

225 2580 260 2611 ni
277 2580 421 2620 aestimo,
439 2580 498 2611 tibi
515 2580 671 2612 cessisse.

270 2633 312 2662 82
330 2631 423 2667 Quod
435 2629 491 2662 sub
504 2633 535 2661 te
548 2631 636 2670 duce,
651 2634 680 2662 te
687 2630 829 2673 jubente,
838 2631 931 2673 cem]

225 2683 398 2714 Romanus
412 2681 522 2714 codex
536 2684 567 2713 te
581 2682 722 2713 alterius
735 2683 825 2723 loco,
847 2693 930 2715 nunc

225 2735 332 2767 habet
346 2746 355 2775 ;
380 2735 472 2772 Quod
486 2734 542 2767 sub
556 2738 588 2768 te
597 2737 685 2777 duce,
698 2745 780 2768 nunc
787 2736 929 2778 jubente,

224 2794 313 2818 cessi.

985 1916 1026 1948 In
1048 1915 1274 1956 inscriptione
1296 1916 1433 1947 scilicet
1456 1925 1556 1947 arcus
1572 1914 1691 1947 trium-

984 1967 1092 2008 phalis
1110 1966 1296 1998 constructi
1319 1966 1354 1998 in
1371 1966 1468 1998 aditu
1491 1966 1554 1997 viae
1570 1965 1690 1998 Domi-

984 2017 1100 2049 tianae.
1145 2016 1269 2049 Infra:
1294 2018 1304 2035 ‘
1320 2017 1433 2058 Hujus
1449 2017 1571 2058 janua,
1594 2026 1691 2058 pros-

983 2077 1172 2110 perumque
1185 2068 1286 2100 limen
1297 2067 1581 2109 Arcus,beiiigeri
1592 2066 1690 2100 ducis

983 2121 1124 2162 tropaeis
1147 2121 1195 2152 Et
1217 2120 1301 2152 totis
1314 2119 1478 2161 Ligurum
1491 2119 1606 2152 nitens
1620 2129 1690 2152 me-

983 2171 1099 2203 taliis?

1026 2225 1070 2254 86
1092 2223 1272 2263 Metumque
1300 2222 1363 2254 late
1392 2222 1550 2262 Deterges
1571 2222 1692 2254 sterilis

983 2273 1042 2304 soli
1064 2274 1228 2314 pudorem]
1262 2273 1435 2306 Vulturno
1466 2274 1555 2305 enim
1590 2277 1690 2306 extra

984 2334 1080 2356 suum
1097 2325 1231 2356 alveum
1247 2324 1461 2363 exundante,
1475 2324 1688 2366 agrifiebant
1753 2346 1756 2350 -

985 2375 1134 2408 steriles.
1193 2375 1318 2418 Itaque
1346 2376 1583 2414 Domitianus.
1609 2385 1686 2408 cum

984 2425 1165 2457 restrinxit
1179 2435 1255 2457 eum
1280 2427 1315 2458 in
1332 2426 1481 2466 alveum,
1495 2426 1581 2458 bene
1604 2426 1688 2458 dici·

984 2482 1039 2509 tur
1063 2477 1249 2509 detersisse
1277 2477 1403 2509 malum
1437 2478 1602 2518 pudorem
1626 2486 1687 2509 seu

983 2528 1135 2560 dedecus
1151 2528 1279 2560 sterilis
1300 2528 1376 2566 soli,
1390 2527 1526 2560 reddita
1541 2528 1574 2559 ei
1588 2526 1686 2560 ferti-

982 2578 1094 2620 iitate,
1116 2578 1250 2611 abactis
1273 2578 1384 2620 aquis.

1024 2633 1067 2661 89
1092 2630 1246 2671 Tyrrheni
1269 2630 1356 2661 sinus
1381 2628 1545 2671 profundi]
1578 2629 1687 2662 Intel-

982 2681 1062 2723 ligit
1089 2682 1206 2714 Sinum
1232 2681 1411 2718 Baianum,
1435 2685 1568 2722 partem
1597 2681 1685 2723 Tyr·

983 2733 1080 2765 rheni
1103 2733 1220 2774 maris,
1246 2733 1283 2765 in
1304 2742 1404 2776 quem
1427 2733 1619 2766 Vulturnus
1633 2734 1684 2766 in-

981 2783 1070 2817 fluit.
1738 2781 1743 2787 ’
