1800 3060
178 233 265 277 562

711 244 751 274 P.
785 241 975 273 immun
1011 241 1174 273 STA'rn

180 340 400 394 Quosque
422 340 535 381 alios
556 338 739 393 dignata
761 338 917 394 chelys
934 349 949 379 2
976 342 1023 380 tu
1043 338 1236 393 pandere
1258 339 1377 382 docti

179 407 388 451 Carmina
408 407 646 457 Battiadae,
666 407 954 462 latebrasque
978 406 1287 462 Lycophronis
1310 408 1411 458 atri,

180 477 500 531 Sophronaque
520 476 810 531 implicitum:
841 476 1082 530 tenuisque
1105 489 1269 518 arcana
1291 476 1522 528 Corinnae3

179 544 294 602 (Sed
316 543 423 598 quid
445 557 588 598 parva
606 544 765 598 loquor
778 542 822 597 Τ)
850 549 900 586 tu
921 558 1002 599 par
1021 550 1235 586 assuetus
1257 544 1459 587 Homero

182 674 318 704 reverita
340 673 527 714 Leucadem,
543 673 672 714 aliique,
695 683 770 715 quos
783 674 906 705 testudo
924 673 1108 706 illustravit.
1157 675 1206 706 Tu
1222 675 1345 716 peritus
1365 674 1521 715 explicare
1542 681 1648 704 versus

188 715 376 747 Callimachi
387 717 512 748 oriundi
530 727 550 748 a
566 717 678 757 Butto,
693 727 730 748 ac
744 727 882 749 recessus
896 717 1019 749 obscuri
1033 718 1258 759 Lycophronis,
1267 718 1498 758 involutumque
1513 716 1648 757 Sophro-

184 767 238 799 na,
251 762 281 790 et
293 763 414 792 secreta
427 760 552 792 subtilis
570 760 727 792 Corinnae.
772 760 836 792 Sed
849 760 925 801 quid
939 761 1009 792 dico
1022 762 1165 793 modica?

1211 761 1258 792 Ta
1268 761 1377 793 solitus
1387 760 1567 802 parjugum
1580 768 1650 790 cim

797 853 1035 867 enee-eoeoooee

180 917 362 948 &c.—-156
386 914 477 948 Edd.
493 924 611 947 omnes
626 919 709 947 ante
734 915 981 947 Marklandnm
1011 917 1240 949 doctus.-15⁷
1265 915 1338 948 Pro
1359 915 1424 947 atri
1450 913 1648 948 Parmensis

182 959 287 992 habet
299 959 488 991 ucri.—l58
511 959 641 991 Eadem
657 968 666 990 :
690 968 806 990 arcana
823 960 988 991 Cornnaoe.

1032 960 1042 976 ‘
1057 959 1162 991 Paene
1178 964 1234 991 est
1247 964 1286 991 ut
1309 958 1511 991 mendosum
1537 959 1649 991 dicam

179 1002 271 1035 hunc
288 1002 428 1044 Papinii
451 1003 579 1043 locum,
603 1007 639 1034 et
663 1001 706 1033 de
729 1002 841 1034 mimis
867 1011 935 1034 non
963 1002 1100 1044 vulgare
1118 1002 1298 1044 epitheton
1322 1006 1522 1044 corruptum
1548 1002 1647 1035 esse.'

844 1101 876 1134 N
883 1100 987 1133 O'rAE

180 1175 301 1216 dedit3
324 1176 415 1209 unde
443 1177 592 1218 Papinio
629 1177 758 1209 dicitur
792 1178 892 1209 saltus

180 1226 325 1267 ingressa
349 1227 456 1259 viriles
473 1227 546 1259 Non
555 1226 734 1266 formidata
757 1231 890 1260 temera-

180 1277 230 1308 ria
243 1277 398 1318 Leucade,
415 1277 564 1310 Horatio
580 1288 662 1310 vero
691 1280 701 1296 ⁸
713 1277 890 1319 mascula,'

180 1328 274 1371 quod
293 1328 383 1360 hunc
398 1329 521 1361 saltum
539 1329 748 1362 Leucadium
763 1331 890 1362 animo-

180 1387 220 1411 se
235 1387 398 1420 aggressa
413 1378 530 1421 fuerit,
553 1380 611 1421 qui
626 1380 774 1412 virorum
791 1385 888 1413 erat:

180 1429 281 1461 multi
294 1429 382 1461 enim
399 1439 443 1462 ex
457 1430 523 1462 hoc
539 1440 622 1463 saxo
638 1439 675 1462 se
691 1430 890 1472 praecipites

180 1480 323 1522 dedere,
346 1481 437 1513 unde
461 1481 497 1513 in
515 1481 734 1523 proverbium
762 1482 890 1514 ‘saltus

180 1531 399 1565 Leucadius!
455 1533 588 1566 Leucas
622 1541 704 1564 vero
733 1541 892 1574 promon-

181 1583 309 1616 torium
335 1583 445 1626 Epiri,
465 1593 532 1616 nec
551 1593 617 1615 non
644 1583 766 1615 insulae
781 1583 891 1615 urbis-

181 1643 248 1676 que
260 1643 396 1667 nomen.
440 1635 589 1676 Scripsit
605 1634 748 1676 Sappho
761 1635 891 1667 AEolica

179 1685 332 1718 dialecto
369 1686 570 1728 Lyricorum
614 1685 718 1717 libros
751 1695 889 1726 novem,

181 1736 453 1779 Epigrammata,
470 1737 622 1778 lambos,
638 1736 828 1778 Monodias,
845 1738 890 1769 E·

182 1787 431 1829 pitholamium,
443 1792 479 1820 et
495 1789 563 1820 alia
579 1787 758 1830 quaedam:
783 1787 827 1819 ab
839 1788 891 1829 ip-

178 1847 217 1871 sa
239 1848 376 1881 quoque
397 1848 535 1871 carmen
555 1838 774 1881 Sapphicum,
789 1838 891 1870 AEoli-

180 1901 272 1932 cum,
288 1895 325 1924 et
340 1890 594 1933 Antipaesticon
620 1891 758 1924 dicitur.
794 1891 886 1923 Vide

183 1942 329 1974 eundem
341 1942 532 1985 Gyraldum
545 1942 684 1975 ibidem.

223 1995 288 2024 15⁷
311 1992 493 2034 Battiadae]
518 1992 721 2025 Callimachi
753 1992 887 2024 oriundi

181 2053 202 2075 a
216 2043 338 2083 Batto,
352 2048 390 2075 ut
399 2044 471 2085 jam
488 2043 648 2075 diximus.
671 2043 761 2075 Vide
770 2043 888 2086 Epith.

181 2093 300 2126 stellae
316 2103 367 2126 vs.
383 2096 460 2126 253.
486 2094 699 2135 Latebmsque
710 2094 888 2137 Lycophro-

180 2145 231 2177 nis
260 2144 344 2186 atri]
389 2146 597 2188 Lycophron
629 2145 741 2178 Poeta
774 2145 890 2187 patria

182 2196 431 2237 Chalcidensis,
451 2196 633 2238 Sophoclis
664 2195 891 2237 grammatici,

181 2246 370 2288 adoptione
400 2255 483 2279 vero
516 2247 599 2289 Lyci
627 2246 888 2288 Rhegiuifilius,

179 2297 271 2329 inter
287 2302 421 2340 septem
435 2297 578 2338 Polites,
589 2298 646 2339 qni
663 2297 823 2329 Pleiades
836 2296 889 2328 di-

181 2348 349 2381 cebantur
373 2358 393 2380 a
417 2358 560 2380 numero
590 2349 781 2389 stellarum,
811 2358 888 2390 quae

181 2397 347 2431 Pleiades
362 2404 540 2441 vocantur,
563 2399 792 2441 Philadelpho
805 2399 889 2431 Pto-

183 2450 305 2482 lemaeo
334 2454 509 2492 acceptus.
553 2451 602 2483 Hi
631 2454 763 2494 septem
789 2454 889 2483 erant

180 2499 321 2539 Aratus,
339 2501 525 2543 Nicander,
542 2500 760 2543 Apollonius,
774 2501 889 2534 Phile-

183 2560 255 2592 eus,
269 2551 441 2583 Homerus
450 2552 579 2593 junior,
592 2551 807 2592 Theocritus,
823 2552 889 2593 Ly-

181 2602 336 2644 cophron
351 2607 492 2634 auctore
513 2603 631 2635 Suida.
675 2602 820 2644 Scripsit
841 2602 888 2634 A·

180 2653 383 2686 lexaudram
409 2653 532 2695 poEma
558 2655 658 2687 valde
685 2654 888 2687 obscurissi-

181 2714 293 2736 mum:
317 2704 407 2736 unde
431 2705 559 2737 latebra·
581 2705 794 2747 Lycophronis
812 2705 889 2742 atri,

182 2764 244 2787 seu
274 2755 426 2796 obscuri,
448 2755 484 2788 in
509 2765 576 2798 quo
599 2757 754 2789 meminit
772 2756 890 2789 vatici-

183 2805 315 2838 niorum
345 2806 571 2848 Cassandrae,
584 2816 726 2839 exorsus
741 2807 783 2840 ab
801 2807 888 2840 Her·

944 1177 1020 1209 cule
1049 1180 1085 1208 et
1116 1176 1216 1208 rebus
1239 1175 1409 1218 Trojanis,
1433 1173 1651 1215 prosequitur

945 1236 1051 1270 usque
1081 1227 1123 1258 ad
1150 1225 1388 1259 Alexandrum
1412 1224 1650 1256 Macedonem.

944 1279 1080 1321 Sagitta
1107 1277 1302 1311 confossum
1334 1276 1477 1318 periisse
1498 1279 1653 1308 narrant.

944 1329 1094 1362 Ovidius
1122 1329 1156 1360 in
1182 1329 1281 1361 Ibin:
1307 1327 1447 1369 ‘thue
1470 1327 1650 1359 cothurna—

946 1383 1018 1412 tum
1051 1380 1194 1422 periisse
1224 1377 1452 1420 Lycophrona
1487 1381 1648 1409 narrant:

945 1431 1091 1463 Haereat
1107 1431 1141 1462 in
1157 1429 1251 1462 fibris
1266 1429 1334 1462 fixa
1345 1429 1474 1470 sagitta
1489 1427 1580 1460 tuis.’

990 1484 1052 1512 158
1089 1480 1309 1522 Sophronaque
1340 1478 1544 1521 implicitum]
1589 1478 1651 1511 So-

946 1531 1055 1572 phron
1066 1531 1170 1573 poeta
1179 1532 1424 1572 Syracusanus,
1436 1530 1532 1571 cujus
1543 1530 1650 1571 scrip—

945 1583 990 1615 tis
1017 1583 1067 1615 ita
1092 1582 1306 1615 afficiebatur
1331 1582 1451 1622 Plato,
1466 1586 1505 1613 ut
1519 1590 1560 1612 ca
1575 1581 1650 1622 pul·

945 1635 1026 1666 vino
1041 1634 1199 1676 subjecta
1210 1633 1379 1666 habuerit.
1401 1633 1532 1665 Floruit
1544 1637 1651 1664 aetate

947 1686 1075 1718 Xerxis
1100 1686 1284 1718 Persarum
1301 1684 1391 1727 regis
1414 1688 1451 1716 et
1475 1683 1652 1725 Euripidis

946 1737 1072 1778 poe'tae.
1116 1736 1263 1778 Scripsit
1290 1736 1410 1777 lingua
1435 1735 1568 1767 Dorica
1593 1743 1652 1766 no-

944 1798 1016 1820 mos
1031 1787 1161 1830 viriles,
1182 1797 1300 1820 nomos
1317 1786 1512 1826 muliebres,
1532 1791 1568 1819 et
1585 1785 1651 1818 alia

946 1839 1102 1882 quaedam
1129 1848 1198 1870 nou
1224 1837 1486 1879 contemnenda,
1506 1842 1544 1870 ut
1564 1835 1651 1869 dicit

942 1890 1130 1922 Athenaeus
1154 1889 1215 1921 lib.
1239 1897 1325 1921 1111.
1352 1887 1413 1921 sed
1440 1887 1526 1920 adeo
1549 1887 1648 1920 intri-

941 1945 1032 1981 cata,
1046 1945 1085 1972 ut
1098 1950 1118 1971 a
1133 1939 1250 1980 paucis
1266 1939 1564 1978 intelligerentur;
1589 1946 1649 1969 uu-

941 1991 985 2022 de
1000 1990 1188 2031 implicitum
1203 1994 1305 2022 vocat
1320 1988 1440 2021 Poeta.
1476 1987 1649 2030 renatoque

941 2051 1056 2072 arcana
1070 2039 1231 2081 Corinnoe]
1255 2040 1402 2072 Corinna
1417 2038 1553 2081 poetria
1561 2039 1649 2071 'rue-

943 2092 1044 2132 bana,
1068 2092 1126 2123 vel
1149 2091 1354 2132 Tanagram,
1377 2090 1586 2123 Achelodori
1612 2095 1650 2123 et

943 2143 1118 2176 Pocratiae
1149 2142 1232 2184 filia,
1270 2141 1440 2184 discipula
1474 2142 1650 2184 Myr-tidie,

943 2195 1038 2226 dicta
1061 2195 1202 2225 ‘musca
1225 2193 1369 2234 myrica:
1412 2193 1546 2225 claruit
1562 2197 1648 2225 tem·

944 2255 1028 2288 pore
1043 2245 1198 2285 Pindari,
1222 2254 1323 2286 quem
1349 2248 1386 2277 et
1407 2244 1586 2287 quinquies
1601 2243 1650 2276 vi-

943 2298 1009 2330 cit:
1025 2298 1133 2329 libros
1144 2297 1293 2339 quinque
1305 2296 1459 2338 scripsit,
1472 2296 1650 2338 Epigram-

942 2353 1049 2388 mata,
1070 2357 1187 2380 nomos
1208 2347 1346 2389 lyricos.
1390 2347 1481 2379 Vide
1506 2347 1647 2380 Suidam

942 2402 979 2431 et
998 2398 1213 2431 Pausaniam.
1247 2397 1387 2439 Scripta
1401 2397 1477 2439 ejus
1487 2397 1648 2430 videntur

941 2450 1086 2483 obscura
1096 2448 1215 2489 fuisse,
1229 2449 1286 2481 vel
1299 2448 1403 2481 fuisse
1418 2448 1463 2480 de
1477 2448 1578 2481 rebus
1593 2456 1648 2479 ar-

943 2501 1058 2540 canis3
1073 2500 1164 2532 unde
1180 2509 1296 2532 arcuna
1312 2499 1460 2541 Papinio
1474 2498 1647 2530 dicuntur.

945 2552 1075 2594 Tenuis]
1114 2551 1204 2585 Quia
1233 2551 1367 2583 subtilis
1397 2553 1473 2583 erat
1501 2548 1645 2590 ingenii.

943 2604 1024 2636 Fuit
1037 2608 1075 2636 et
1091 2603 1156 2635 alia
1171 2602 1323 2634 Corinna
1336 2600 1497 2642 Thespia,
1517 2604 1554 2631 et
1568 2599 1646 2640 ipsa

943 2658 1098 2687 veterum
1109 2652 1334 2686 monumentis
1344 2651 1532 2684 celebrata.
1553 2648 1645 2682 Vide

940 2704 1094 2737 Suidam.

985 2759 1050 2788 159
1074 2756 1123 2788 Tu
1143 2764 1202 2797 par
1226 2755 1366 2786 muetos
1385 2752 1529 2784 Homero
1545 2750 1645 2783 Ferre

932 2807 1065 2848 jugum]
1093 2805 1301 2847 Metaphora
1326 2809 1440 2837 sumta
1464 2813 1484 2836 a
1509 2801 1642 2835 duobus
