1800 3060
193 198 252 240 58
694 209 736 238 P.
769 208 959 239 PAP1N11
996 208 1163 239 STA'ru

194 303 345 357 Terga
361 306 502 357 pater,
524 301 779 357 blandoque
798 303 926 345 videt
946 302 1198 345 Concordia
1214 303 1357 346 vultu.

195 370 304 425 Ipse
324 375 471 412 autem
492 382 605 423 puro
626 370 793 412 celsum
814 375 949 425 caput
970 370 1076 412 aere
1099 375 1256 426 septus

193 438 387 493 Templa
407 436 701 492 superfulges,
722 443 768 480 et
787 443 1070 493 prospectare
1090 439 1272 491 videris,

195 506 269 549 An
289 519 409 548 nova
430 506 668 549 contemtis
690 511 874 560 surgant
893 507 1065 561 palatia
1083 508 1275 550 flammis

196 575 460 616 Pulchrius:
492 587 548 616 an
566 575 707 616 tacita
725 574 880 629 vigilet
898 575 1000 618 face
1019 576 1214 618 Troicus
1234 577 1362 631 igniS‚
1606 580 1664 622 35

191 701 314 740 placido
335 710 387 732 ore
403 703 532 732 cernunt
546 699 612 740 ejas
627 702 730 740 terga.
778 701 825 732 Tu
846 704 949 733 autem
973 702 1038 743 ipse
1053 702 1169 734 habens
1189 702 1303 734 celsum
1326 705 1419 743 caput
1441 702 1666 736 circumdatum

192 753 300 775 sereno
312 744 397 781 nie're,
420 745 536 774 emines
548 753 643 784 supra
655 743 794 783 delubra,
811 747 841 775 et
857 745 974 776 videris
988 745 1154 786 speculari,
1169 755 1211 776 an
1225 755 1338 777 novum
1354 746 1545 788 Capitolium
1557 756 1664 778 exsur-

191 789 251 825 gat
267 786 518 827 magnificentius
534 787 631 818 veteri
645 787 756 818 invitis
773 786 931 827 fiammis,
947 798 1016 828 quoe
1041 788 1117 819 illud
1131 788 1360 820 combusserunt
1371 799 1384 826 ,·
1410 799 1452 821 an
1473 790 1667 830 advigilem-

195 830 237 860 ad
251 831 423 861 custodiam
437 830 546 861 arcani
561 830 647 869 ignis
659 840 679 861 a
695 830 838 869 Troianis
851 831 981 872 accepti,
1004 835 1034 863 et
1054 831 1151 864 Vesta
1165 841 1245 863 nanc
1259 831 1371 864 habeat
1386 832 1549 864 ministras
1563 834 1666 874 explo-

813 925 1056 938 ‘nlmONN

197 985 317 1018 Codex
334 985 433 1018 Leid.
448 990 483 1018 et
497 985 626 1018 Venet.
643 989 675 1017 1.
691 996 771 1027 puro
785 987 991 1019 coelum—33
1017 987 1148 1020 Omnes
1166 987 1268 1021 codd.
1284 993 1321 1021 et
1343 987 1422 1021 edd.
1436 992 1522 1021 vett.
1538 988 1668 1021 habent

195 1028 402 1070 superfulges.
439 1029 591 1061 Gronov.
607 1034 644 1060 et
659 1030 768 1062 Veen.
781 1039 994 1071 supersurges‚
1010 1032 1098 1072 qnod
1117 1031 1237 1063 vitium
1253 1037 1306 1064 est
1320 1032 1606 1074 typographicnm
1622 1041 1669 1066 ex

198 1073 255 1103 ed.
274 1071 587 1103 Amstelodamensi
602 1072 694 1104 forte
710 1072 854 1113 illatam,
879 1073 923 1104 ab
949 1074 1024 1115 ipso
1046 1079 1186 1106 auctore
1202 1075 1235 1106 iu
1253 1074 1445 1115 Addendis,
1466 1085 1533 1107 non
1551 1084 1630 1106 vero
1646 1084 1667 1106 a

197 1115 394 1147 Veenhusio
410 1121 623 1155 correctum;
645 1125 722 1146 nam
739 1115 796 1147 ed.
811 1116 923 1147 Veen.
938 1116 1013 1158 ipsa
1031 1118 1113 1149 vitia
1130 1118 1378 1159 typographica
1393 1118 1520 1160 ubique
1536 1117 1670 1174 reliffio-

199 1158 330 1190 sissime
356 1163 472 1191 servat
501 1168 520 1189 e
551 1158 774 1190 Gronoviana
806 1160 986 1192 translata.
1030 1161 1078 1193 Et
1102 1160 1177 1193 haec
1211 1165 1264 1192 est
1294 1161 1435 1193 ‘Editio
1458 1161 1604 1202 optima,
1640 1161 1668 1192 si

200 1201 362 1233 audiendi
399 1202 469 1234 sint
497 1201 694 1241 Harvodns,
729 1206 779 1241 et,
804 1202 862 1243 qui
890 1212 969 1234 eum
997 1203 1163 1245 seqnitur,
1196 1203 1384 1244 Dibdinus,
1408 1209 1443 1236 et
1464 1213 1586 1243 magno
1610 1213 1668 1235 ve·

199 1244 265 1276 nit.
314 1244 414 1277 Leid.
442 1250 479 1277 et
510 1245 639 1277 Venet.
671 1247 703 1276 1.
731 1244 960 1285 superfulgens.
1005 1247 1219 1279 Forcellinus
1253 1247 1287 1278 iu
1319 1247 1468 1280 Lexico:
1503 1247 1668 1279 ‘Rectius

199 1286 348 1319 fortasse
374 1287 505 1320 divides
526 1288 641 1328 templa
663 1297 756 1328 super
774 1287 983 1328 frugem—34
1009 1291 1055 1321 At
1078 1300 1158 1322 nova
1173 1290 1338 1330 contentis,
1355 1291 1481 1322 Venet.
1497 1293 1527 1322 1.
1542 1290 1668 1330 Vulgo,

195 1331 332 1372 pallatio
355 1336 477 1363 contra
501 1340 618 1363 omnes
644 1330 746 1362 codd.
792 1331 957 1372 Virgilius
983 1342 1120 1374 semper
1148 1333 1290 1373 primam
1314 1333 1347 1364 in
1373 1333 1492 1374 palatia
1512 1333 1670 1374 corripit,

201 1374 371 1405 Martialis
387 1383 521 1416 semper
533 1373 707 1415 producit.
730 1373 946 1406 Wernsdorf.
960 1375 1049 1416 conj.
1063 1376 1309 1418 capitolia—35
1325 1376 1508 1418 Pulchr-ins,
1518 1386 1558 1408 mi
1569 1380 1668 1416 casta,

201 1417 256 1448 vel
273 1417 458 1458 Pulchr-ius,
473 1427 514 1450 an
524 1427 626 1457 sacra,
647 1417 700 1447 vel
717 1417 889 1449 Pulchrius
902 1419 1040 1459 assidua,
1064 1420 1118 1450 vel
1133 1419 1306 1451 Pulchr-ius
1326 1419 1445 1451 intacta
1461 1420 1551 1461 conj.
1566 1420 1669 1451 Lenz.

202 1460 373 1492 Pulchr-ius
387 1471 428 1492 an
438 1463 529 1493 tanta
543 1461 672 1492 Venet.
690 1463 721 1491 1.
736 1460 858 1502 reliqui
875 1460 952 1492 libri
965 1461 1093 1494 habeut
1111 1462 1220 1494 tacita.
1243 1462 1370 1494 Venet.
1389 1465 1418 1495 1.
1448 1462 1559 1494 Troius
1571 1462 1671 1502 ignis,

200 1506 240 1535 et
264 1503 313 1535 sic
339 1504 492 1536 correxit
514 1504 556 1536 V.
571 1504 619 1535 D.
640 1504 675 1534 in
691 1504 850 1545 exemplo
865 1503 1026 1546 Gotting.
1048 1506 1184 1547 recepit
1199 1505 1367 1538 Handius.
1410 1505 1500 1537 Vide
1517 1505 1560 1538 ad
1582 1514 1624 1537 ιι.
1641 1508 1671 1537 1.

867 1591 1008 1624 NOTAE

203 1657 289 1689 alius
305 1657 470 1699 Lepidus,
486 1663 525 1690 ut
538 1656 647 1690 refert
662 1657 751 1689 idem
766 1657 837 1690 Dio
852 1656 911 1688 lib.
968 1657 1118 1690 veritate
1134 1657 1169 1689 id
1185 1655 1280 1691 dicat
1296 1657 1409 1690 Poeta
1423 1656 1592 1689 incertum
1609 1659 1675 1694 est,

204 1717 278 1740 mv.
323 1708 526 1751 Iterumque
546 1709 733 1750 collapsam
747 1711 800 1741 35.
816 1710 912 1740 annis
967 1718 1009 1740 an
1033 1709 1268 1750 hyperbolice,
1283 1718 1351 1750 quo
1374 1708 1538 1750 majorem
1565 1707 1671 1740 colos-

203 1763 282 1801 post
296 1758 446 1792 firmavit
459 1760 663 1802 ornavitque
687 1761 824 1792 Manius
850 1761 912 1792 Le·
963 1769 1038 1791 snm
1052 1758 1157 1791 fnisse
1171 1758 1352 1800 significet.

202 1810 317 1852 pidus.
360 1811 452 1843 Vide
475 1811 673 1843 Ciceronem
693 1811 736 1842 ad
745 1810 911 1843 ‘Atticum
1008 1811 1051 1841 34
1074 1808 1222 1849 Palatia]
1257 1809 1328 1840 Per
1349 1808 1470 1850 palatia
1489 1808 1545 1840 hic
1570 1808 1674 1849 Capi·

203 1862 264 1894 lib.
279 1870 333 1894 ιν.
359 1862 471 1904 Epist.
498 1865 550 1894 16.
597 1862 742 1893 Dionem
767 1861 827 1893 lib.
851 1870 911 1893 xx..

204 1917 242 1944 et
269 1913 425 1945 Tacitum
457 1913 584 1946 Annal.
623 1922 680 1945 ιιι.
725 1914 914 1955 Eleganter

205 1968 321 1996 autem
333 1964 454 2004 reg-iam
464 1968 581 2003 vocat,
597 1964 780 1996 alludendo
796 1964 838 1995 ad
856 1974 913 1996 uo-

205 2023 284 2045 men
307 2013 470 2046 Graecum
500 2013 651 2052 βασιλικὴ
677 2013 767 2056 quod
793 2014 915 2054 regiam

206 2064 389 2105 significat.
434 2065 632 2105 Belliger-um
645 2070 744 2097 vocat
757 2065 916 2104 Paulum,

207 2115 288 2157 quia
316 2115 351 2147 in
382 2120 486 2156 gente
516 2114 655 2147 AEmilia
680 2115 780 2147 multi
809 2115 916 2147 duces

206 2166 387 2197 clarissimi
402 2165 554 2207 fuerunt,
570 2166 748 2208 praecipue
764 2167 916 2199 AEmilius

206 2217 347 2257 Paulus,
363 2217 422 2259 qui
435 2217 600 2250 Perseum
624 2218 843 2251 Macedoniae
863 2227 914 2249 re·

209 2278 286 2309 gem
303 2268 439 2300 collatis
463 2268 569 2310 signis
587 2269 684 2310 vicit,
698 2273 737 2301 et
751 2268 915 2301 Macedo-

206 2319 298 2350 niam
315 2319 348 2350 iu
367 2317 510 2351 formam
527 2320 713 2361 provinciae
729 2320 874 2362 redegit.

250 2373 290 2401 31
319 2370 421 2410 Terga
443 2370 549 2411 pater]
573 2370 684 2403 Notat
706 2371 814 2403 aedem
830 2372 917 2403 Ves-

209 2421 342 2462 pasiani
366 2421 399 2452 in
423 2421 497 2453 foro
515 2423 678 2463 Romano,
694 2432 796 2465 quam
817 2423 918 2455 Basi-

208 2473 285 2504 lica’
302 2473 413 2512 Pauli,
429 2482 469 2504 ac
486 2473 616 2514 templo
631 2473 846 2514 Concordiae,
859 2483 918 2506 cn-

205 2524 266 2565 jus
281 2522 334 2553 hic
352 2522 479 2554 mentio
501 2521 554 2563 fit,
569 2523 713 2555 vicinam
736 2522 843 2555 fuisse
857 2522 917 2555 do-

210 2578 269 2606 cet
290 2573 332 2605 P.
348 2573 481 2605 Victor.
528 2573 716 2615 Concordia]
752 2574 919 2616 Designat

210 2623 377 2665 templum
394 2622 609 2664 Concordiae,
625 2624 715 2666 quod
739 2625 774 2656 in
796 2625 917 2657 eodem

213 2675 292 2707 foro
327 2675 481 2706 Romano
517 2679 606 2706 erat.
651 2675 778 2708 Blando
814 2675 920 2718 vultu]

212 2725 292 2758 Hoc
309 2725 397 2757 enim
413 2724 607 2757 concordiae
622 2730 689 2758 est.

253 2779 297 2809 33
323 2777 447 2818 Templa
474 2775 687 2818 superfulges]
719 2777 772 2810 An
796 2787 840 2810 ex
870 2777 920 2811 rei

967 1859 1087 1891 tolium
1123 1859 1297 1900 intelligit,
1326 1858 1416 1900 quod
1455 1858 1544 1890 bello
1580 1858 1673 1889 civili

967 1915 1155 1942 crematum
1165 1913 1420 1942 restauraverat
1431 1909 1675 1950 Vespasianus,

968 1965 1008 1993 ut
1023 1960 1167 1992 tradunt
1180 1960 1365 1992 Suetonius
1381 1966 1418 1992 et
1432 1960 1584 1993 Tacitus.
1608 1960 1676 1992 Ar-

968 2014 1063 2043 serat
1079 2020 1161 2042 vero
1175 2020 1290 2042 rursus
1310 2010 1374 2042 sub
1398 2010 1494 2050 Tito,
1507 2015 1542 2042 et
1557 2010 1675 2042 Domi·

966 2062 1079 2094 tianus
1102 2061 1266 2094 restituit.
1310 2061 1402 2093 Vide
1426 2061 1572 2092 eundem
1595 2061 1676 2093 Sue-

967 2115 1114 2148 tonium.
1583 2155 1591 2160 θ

1011 2169 1052 2198 35
1080 2166 1189 2198 Tacita
1209 2165 1323 2206 vigilet
1339 2165 1416 2205 face
1433 2164 1562 2197 Troicus
1573 2164 1676 2206 ignis]

970 2218 1083 2250 Notat
1096 2217 1209 2258 ignem
1223 2222 1403 2257 aeternum,
1417 2216 1475 2258 qui
1491 2216 1555 2248 sub
1571 2215 1676 2248 nomi-
1730 2209 1733 2217 ’

969 2278 1012 2300 ne
1035 2268 1151 2300 Vestae
1177 2267 1371 2308 colebatur,
1396 2268 1523 2310 quique
1547 2277 1677 2299 summa

972 2329 1056 2352 cura
1083 2319 1299 2360 servabatur,
1326 2327 1370 2349 ne
1405 2318 1676 2358 extingueretur.

971 2371 1092 2402 Florus
1108 2370 1152 2402 de
1167 2369 1199 2401 N
1203 2379 1294 2401 uma.
1326 2369 1336 2386 ⁶
1353 2368 1539 2410 Inprimis‚¹
1553 2369 1679 2411 inquit,

972 2421 982 2438 ‘
999 2419 1115 2452 focum
1142 2420 1260 2451 Vestae
1287 2418 1475 2459 virginibus
1496 2418 1678 2451 colendum

972 2471 1081 2511 dedit,
1094 2475 1132 2503 ut
1148 2469 1190 2502 ad
1207 2469 1462 2501 similitudinem
1485 2469 1677 2502 coelestium

971 2522 1120 2554 siderum
1133 2525 1251 2553 custos
1263 2520 1397 2562 imperii
1410 2521 1570 2561 vigilaret
1582 2519 1679 2552 flam-

971 2572 1049 2606 ma?
1095 2574 1140 2605 Et
1165 2572 1289 2604 Cicero
1317 2572 1360 2603 de
1389 2571 1540 2612 Legibus
1561 2570 1620 2603 lib.
1637 2579 1681 2604 11.

973 2624 1044 2656 ‘Ei
1070 2624 1202 2665 Vestae‚
1232 2622 1385 2655 colendae
1416 2622 1563 2662 virgines
1594 2631 1680 2664 prae-

971 2682 1064 2719 sunt,
1081 2682 1120 2709 ut
1135 2676 1270 2709 facilius
1286 2675 1491 2717 advigiletur
1507 2675 1549 2707 ad
1565 2679 1680 2707 custo-

972 2728 1063 2761 diam
1093 2726 1205 2769 ignis!
1262 2726 1440 2758 Piaculum
1481 2726 1570 2758 enim
1605 2729 1681 2758 erat

974 2789 1153 2822 summum,
1180 2779 1210 2812 si
1236 2778 1511 2821 extingueretur,
1543 2788 1681 2822 unaque
