1800 3060
177 186 234 228 78

670 195 712 226 P.
745 195 936 227 PAPlNu
969 196 1136 228 STATu

177 292 235 335 Et
254 291 309 334 de
330 290 547 334 Maenalia
565 290 748 333 volucer
767 291 1032 346 Tegeaticus
1049 293 1204 335 umbra

178 362 309 403 Serta
326 361 496 403 ferunt:
525 373 607 402 nec
625 359 815 402 blandus
831 359 989 411 Amor,
1010 373 1093 403 nec
1114 361 1276 404 Gratia
1294 369 1446 406 cessat

175 429 447 483 Amplexum
466 428 621 470 niveos
640 432 812 482 optatae
834 428 1037 483 conjugis
1055 433 1179 471 artus

1579 430 1638 474 20

179 497 389 539 Floribus
408 496 643 539 innumeris
664 501 710 538 et
730 496 865 538 olenti
884 509 1091 552 spargere
1109 498 1273 540 nimbo.

176 614 316 655 linquens
327 612 457 654 Sylvam
468 611 664 653 Maenaliam,
673 615 841 653 apportant
854 611 912 644 tibi
925 622 1064 647 coronas.
1097 614 1166 646 Nec
1179 615 1280 646 mollis
1293 614 1427 656 Cupido,
1436 624 1492 647 nee
1510 613 1636 647 Gratiae

175 657 320 688 desinunt
335 660 366 688 te
386 655 574 697 perfundere
587 655 758 687 innumeris
764 654 902 698 fioribus
916 658 948 688 et
968 658 1064 689 odora
1090 657 1258 700 Thymbra,
1271 659 1345 691 dum
1357 658 1551 700 amplecteris
1563 667 1638 689 cun·

785 750 847 765 m

176 821 248 853 sive
261 821 454 851 Euam—18
474 818 619 850 Menalia
633 817 711 850 edd.
727 817 834 860 antiq.
848 817 999 857 tegeticus
1013 817 1201 850 Urat.—19
1223 817 1318 850 Secta
1320 817 1435 858 ferunt
1447 818 1575 851 Markl.
1592 819 1636 851 ad

176 874 209 895 v.
225 866 302 896 227.
318 862 533 903 improbante
550 860 691 902 Hopfio.
708 859 763 892 Cf.
775 859 872 902 Sylv.
887 869 946 892 ιιι.
962 863 994 894 3.
1015 863 1072 892 23.
1093 860 1188 892 Secta
1202 864 1234 892 et
1248 871 1304 893 nec
1317 864 1350 893 te
1362 861 1493 893 blandus
1510 861 1636 895 Venet.
1667 878 1670 880 ·

176 911 206 939 1.
228 909 350 938 cessant
365 906 447 937 Par.
468 909 508 937 ut
531 906 643 936 solent
664 906 981 936 correctores.—20
1002 902 1191 944 Amplexum
1204 903 1310 936 niveos
1323 914 1352 936 ο.
1365 914 1392 936 c.
1404 907 1496 936 artus
1509 904 1638 937 habent

176 959 293 981 omnes
310 948 411 981 codd.
438 952 476 980 et
496 947 573 980 edd.
597 950 684 979 vett.
698 945 816 978 virides
826 957 855 977 ο.
869 957 896 979 c.
911 949 999 978 artus
1020 946 1172 978 Gronov.
1186 947 1297 978 Veen.
1309 950 1346 978 et
1361 947 1492 987 Delph.
1508 947 1633 980 Barth.

174 992 322 1024 Advers.
346 999 514 1024 xxxvnr.
534 993 567 1022 4.
595 990 646 1022 ait
670 989 705 1021 in
731 989 962 1021 vetustissimo
989 988 1178 1032 exemplari
1202 999 1238 1021 se
1264 989 1433 1022 invenisse
1454 999 1550 1022 annos
1572 1000 1636 1032 pro

173 1039 285 1072 artus,·
308 1039 344 1066 et
357 1035 437 1067 huic
462 1034 572 1065 libens
589 1031 777 1064 assentitur
801 1032 1019 1071 Gronovius3
1042 1042 1106 1065 nec
1131 1032 1269 1064 dubium
1286 1036 1352 1072 est,
1379 1032 1491 1073 inquit
1507 1033 1635 1065 Markl.

174 1079 256 1120 quin
268 1077 386 1110 virides
399 1086 495 1109 annos
510 1085 570 1107 suo
584 1076 662 1107 loco
677 1075 841 1116 optimum
859 1075 925 1114 sit;
947 1075 1002 1107 hic
1017 1080 1131 1107 tamen
1148 1075 1230 1106 mihi
1253 1074 1390 1107 videtur
1413 1075 1511 1107 nimis
1533 1076 1635 1116 longe

174 1121 420 1162 petitum—21
443 1121 454 1137 ‘
471 1119 633 1151 Fortasse
649 1118 808 1150 librarius
824 1118 960 1159 scripsit
974 1118 1092 1160 ymbre,
1109 1118 1163 1149 vel
1184 1117 1292 1159 hymbr

1292 1128 1321 1158 e,
1336 1117 1476 1159 antiqua
1490 1118 1635 1160 ratione,

174 1164 265 1195 unde
289 1163 399 1204 thybre
419 1166 456 1195 et
472 1161 595 1203 thybra.
625 1160 715 1193 Vide
743 1160 989 1202 HeyniiObss.
1012 1160 1054 1192 ad
1079 1161 1207 1192 Tibull.
1233 1169 1259 1192 1.
1274 1164 1307 1193 4.
1324 1163 1378 1193 44.
1410 1160 1518 1192 Dicas
1530 1159 1636 1194 fuisse

175 1207 366 1247 scriptum:
388 1209 420 1237 et
442 1214 591 1247 spargere
614 1205 714 1235 olente
735 1204 900 1247 corymbo?

929 1203 1039 1235 Leuz.
1065 1202 1207 1245 thymbra
1233 1203 1398 1236 exhibent
1417 1202 1520 1235 codd.
1534 1204 1635 1237 Vatt.

177 1252 208 1282 l.
223 1253 256 1282 2.
272 1252 304 1281 3.
320 1252 353 1281 4.
376 1248 458 1280 Par.
472 1248 616 1280 Venett.
633 1249 663 1279 1.
678 1249 710 1279 2.
731 1249 766 1278 3.
779 1249 813 1278 4.
834 1246 935 1278 Rom.
950 1245 1091 1278 Vieent.
1108 1247 1205 1278 BriX.
1219 1251 1256 1278 et
1270 1245 1378 1278 Aldd.
1392 1245 1482 1288 quod
1507 1247 1634 1288 primns

174 1291 332 1325 defendit
347 1291 440 1324 Ptol.
463 1290 614 1331 Flavius,
628 1294 665 1321 et
683 1294 804 1331 postea
818 1289 975 1321 Crucius.
1013 1288 1135 1321 Heius.
1157 1289 1191 1321 in
1215 1288 1344 1331 Syllog.
1359 1288 1474 1330 Epist.
1489 1289 1586 1321 Tum.
1602 1299 1636 1322 v.

173 1345 209 1377 p.
223 1338 297 1367 533.
321 1334 425 1366 nimbo
448 1333 587 1376 probat,
611 1333 720 1364 sedin
743 1332 832 1364 notis
853 1332 992 1374 scriptis
1007 1331 1099 1373 conj.
1138 1331 1283 1364 floribus
1302 1331 1475 1364 innumeris
1501 1331 1638 1364 halentis

171 1387 318 1420 spargere
337 1377 501 1419 thymbrae.
537 1375 722 1415 Avantius,
738 1380 774 1407 et
786 1375 880 1416 Lips.
901 1374 1033 1416 Syllog.
1049 1374 1162 1416 Epist.
1180 1384 1221 1406 n.
1241 1377 1294 1407 29.
1317 1374 1396 1407 tuiti
1418 1378 1499 1407 sunt
1520 1375 1653 1416 nimbo‚‘

174 1425 279 1464 atque
292 1421 379 1454 hanc
393 1421 476 1453 lect.
490 1419 698 1452 auctoritate
712 1417 814 1452 codd.
826 1418 923 1460 Lips.
935 1423 972 1450 et
987 1418 1088 1450 Urat.
1103 1417 1350 1458 confirmatam,
1372 1417 1526 1459 praetuiit
1541 1417 1636 1450 Han-

830 1513 972 1547 NOTAE

171 1596 225 1629 his
236 1593 378 1637 nuptiis,
392 1596 556 1635 tanquam
567 1589 740 1632 Poetices,
751 1600 793 1624 ac
804 1591 874 1624 elo-

171 1645 323 1689 quentiae
335 1643 525 1686 praesides;
552 1642 643 1684 quod
657 1642 769 1674 Stella
782 1645 876 1673 esset

174 1697 288 1731 Poeta
299 1700 336 1728 et
346 1699 474 1728 orator.
517 1694 588 1726 Per
596 1693 737 1726 umbram
750 1693 875 1725 Mama-

170 1749 246 1781 liam
257 1746 418 1788 intelligit
429 1746 544 1778 lucum
556 1743 731 1776 Mercurio
741 1752 875 1776 sacrum

170 1799 208 1831 in
223 1802 340 1831 monte
361 1795 512 1829 Maenalo
530 1793 706 1828 Arcadiae.

220 1849 352 1882 volucer
375 1846 573 1889 Tegeaticus]
594 1845 788 1879 Mercurius
810 1843 876 1878 Ar-

171 1910 243 1940 cas,
277 1899 336 1942 qui
367 1903 403 1930 et
435 1899 558 1929 volucer
590 1896 754 1928 talaribus
787 1896 875 1928 suis:

171 1951 285 1982 dictus
309 1949 507 1998 Tegeaticus,
531 1947 681 1988 a'l'egea
704 1946 789 1979 urbe
810 1946 876 1978 Ar-

171 1999 295 2032 cadiae.

216 2053 259 2083 19
280 2049 374 2082 Serta
378 2046 508 2088 serunt]
532 2047 711 2079 sertorum
727 2046 818 2078 enim
834 2055 876 2078 ac

171 2108 373 2133 coronarum
395 2108 478 2130 usus
503 2097 536 2129 in
559 2097 702 2139 nuptiis,
722 2101 760 2128 ut
778 2100 877 2138 patet

172 2161 216 2184 ex
230 2150 428 2191 Theocrito,
452 2148 682 2191 Epithalamio
702 2148 876 2180 Helenes:

172 2201 294 2244 11ρᾶταί
313 2213 364 2234 τοι
385 2199 541 2242 στέφανον
568 2202 660 2232 λωτῶ
674 2198 774 2240 χάμαι
788 2198 874 2239 αὔξο-

170 2252 276 2293 μένοιο
297 2250 469 2292 Πλέξασαι.
513 2251 634 2283 Primoe
656 2250 716 2282 tibi
733 2258 877 2282 coronam

171 2314 213 2335 ea·
227 2304 313 2335 humi
325 2306 469 2335 nascente
484 2304 547 2334 loto
560 2305 730 2334 nectentes.
774 2301 874 2333 clau-

171 2354 316 2386 dianus:
347 2353 420 2384 ‘Tu
433 2351 540 2384 festas
557 2352 746 2394 Hymenaee
767 2349 876 2390 faces,

172 2409 212 2436 tu
242 2403 368 2436 Gratia
394 2402 497 2435 flores
525 2403 638 2444 Elige,
661 2406 700 2435 tu
723 2401 878 2444 geminas

172 2452 365 2487 Concordia
379 2457 482 2484 necte
495 2452 659 2484 coronas!
695 2452 764 2484 Nec
777 2451 878 2492 umor]

171 2503 379 2546 Cupidinem
407 2503 571 2544 intelligit
599 2502 724 2534 amoris
748 2502 876 2534 Deum.

173 2556 243 2588 Nec
276 2554 409 2595 Gratia]
441 2553 621 2585 Intersunt
656 2552 790 2585 Gratiae
824 2551 877 2582 his

172 2606 316 2648 nuptiis,
358 2609 519 2646 tanquam
547 2603 691 2635 Veneris
721 2602 876 2635 comites.

171 2656 343 2688 Homerus
365 2663 468 2686 unam
490 2658 624 2685 tantum
641 2653 799 2685 Gratiam
815 2663 877 2695 pu-

172 2706 262 2738 tavit
287 2705 435 2738 Vulcani
470 2713 631 2736 uxorem:
669 2704 730 2736 sed
768 2702 877 2736 ceteri

172 2755 249 2790 fere
265 2756 387 2790 Poetae
413 2759 484 2789 tres
507 2758 710 2798 agnoscunt,
723 2755 877 2796 Euphro-

933 1599 1067 1632 synem,
1094 1589 1248 1622 Thaliam
1287 1593 1325 1622 et
1356 1589 1528 1630 Aglaum,
1555 1598 1634 1631 qua:

932 1641 1054 1673 eadem
1082 1646 1135 1673 est
1161 1649 1202 1673 ac
1229 1640 1394 1672 Pasithea
1422 1638 1638 1682 quibusdam,

932 1691 1030 1725 Jovis
1054 1697 1091 1723 et
1122 1692 1335 1733 Eurynomes
1362 1689 1462 1723 filias.
1508 1690 1637 1723 Boeotii

932 1741 1030 1774 aiunt
1044 1742 1223 1774 Eteoclem
1248 1741 1289 1774 iis
1304 1741 1450 1783 primum
1470 1750 1570 1773 sacra
1583 1740 1635 1772 iu-

931 1793 1083 1824 stituisse
1112 1793 1147 1824 iu
1177 1791 1410 1833 Orchomeno,
1437 1789 1634 1823 auctoribus

931 1842 1102 1875 Pausania
1127 1846 1163 1875 et
1181 1837 1363 1875 Strabone.
1407 1841 1512 1884 Apud
1529 1841 1634 1873 Lace-

931 1893 1116 1926 daemonios
1131 1893 1207 1925 duae
1220 1897 1354 1924 tantum
1371 1896 1482 1924 eraut.
1527 1890 1635 1923 Athe-

930 1944 1079 1985 nienses,
1094 1943 1207 1984 Auxo,
1222 1942 1483 1984 Hegemoniam‚
1499 1946 1536 1973 et
1549 1941 1635 1973 Tha-

926 1994 1017 2026 lamo
1031 2003 1109 2026 cum
1126 1993 1308 2025 Pandrosu
1327 2002 1391 2034 pro
1417 1990 1550 2025 Gratiis
1576 2001 1633 2024 eo·

927 2045 1078 2078 luerunt.

969 2099 1013 2129 20
1036 2096 1155 2128 Niueos
1178 2094 1327 2138 [vu-ides]
1345 2093 1451 2135 artus]
1472 2093 1634 2126 Bai-thius

929 2151 1077 2180 testatur
1098 2146 1245 2179 Advers.
1265 2145 1325 2178 lib.
1349 2152 1486 2177 xxvur.
1509 2154 1586 2186 cap.
1599 2147 1633 2176 4.

929 2198 1099 2230 invenisse
1111 2208 1149 2230 se
1163 2197 1198 2229 in
1209 2196 1447 2240 antiquissimo
1462 2195 1634 2237 exempla-

930 2249 960 2280 ri
989 2248 1107 2281 virides
1133 2258 1243 2289 annos,
1271 2253 1307 2280 et
1334 2247 1420 2279 hanc
1446 2247 1633 2279 lectionem

930 2298 1067 2341 probat,
1092 2304 1130 2331 et
1154 2299 1203 2331 lta
1222 2298 1402 2340 scripsisse
1426 2297 1537 2329 credit
1556 2297 1633 2329 Sta-

932 2349 1028 2390 tium,
1058 2354 1098 2382 ut
1137 2349 1288 2381 Hercule
1319 2348 1414 2380 Surr.
1457 2347 1581 2381 ‘Quod
1606 2347 1634 2378 si

932 2400 1033 2432 dulce
1049 2401 1151 2433 decus
1167 2398 1359 2440 viridesque
1371 2402 1561 2430 resumeret
1576 2407 1634 2429 un-

931 2450 1019 2482 nos!

973 2503 1014 2532 21
1056 2499 1198 2532 Hor—ihm
1240 2498 1428 2540 innumeris]
1463 2497 1634 2539 Intelligit

929 2549 1158 2592 φυλλοβαλίαν,
1169 2559 1245 2591 quae
1258 2549 1408 2580 solennis
1423 2554 1498 2580 erat
1515 2548 1549 2579 iu
1563 2557 1632 2579 om-

930 2602 1048 2634 uitam
1065 2600 1211 2642 privata,
1220 2609 1320 2641 quam
1334 2597 1474 2640 publica
1489 2596 1634 2638 laetitia;

928 2653 1075 2684 maxime
1090 2651 1125 2683 in
1139 2650 1282 2692 nuptiis.
1329 2649 1417 2681 Vide
1434 2649 1581 2689 Livium,
1596 2653 1633 2680 et

929 2702 1153 2735 Plutarchum
1169 2701 1204 2732 in
1222 2698 1400 2732 Flaminio.
1445 2697 1545 2730 Adde
1560 2697 1634 2729 He-

929 2751 1051 2787 liodor.
1065 2751 1126 2786 lib.
1141 2759 1196 2785 rx.
1228 2749 1370 2782 Pindar.
1382 2747 1460 2781 Ode
1476 2757 1529 2781 rx.
1561 2747 1633 2780 He·
