1800 3060
144 240 231 283 574
648 249 687 278 P.
721 247 910 278 ΡΑΡιΝιι
946 248 1111 279 s'rA‘rn

145 347 223 389 Me
244 347 458 389 similem!
503 344 592 387 Sed
609 357 691 386 nec
709 344 785 386 leti
804 344 888 386 tibi
903 345 1040 400 janua
1059 344 1222 387 tristis:

145 415 332 470 Quippe
347 415 470 456 leves
488 426 665 466 causae3
697 426 782 455 nec
800 414 948 467 segnis
969 414 1072 455 tabe
1091 413 1220 454 senili

146 483 312 525 Exitus
331 482 513 524 instanti
532 481 752 535 praemisit
773 482 973 522 membra
993 481 1226 535 sepulcro3

146 551 237 594 Sed
257 555 298 593 te
319 555 470 605 torpor
490 550 622 600 inerS,
644 554 688 591 et
705 562 824 591 mors
844 550 1014 591 imitata
1031 550 1242 604 quietem,

146 619 394 673 Explicuit,
413 617 618 672 falsoque
640 617 736 659 tulit
755 618 837 659 sub
858 617 1047 659 Tartara
1068 630 1240 659 somno.

148 687 276 739 Quos
298 700 381 741 ego
401 690 507 728 tunc
527 687 750 740 gemitus‘t
782 686 992 728 comitum
1014 700 1170 728 manus
1191 686 1330 728 anxia
1349 686 1477 738 vidit,

145 754 275 797 Vidit
290 761 335 797 et
353 755 604 810 exemplum
625 754 832 808 genitriX‚
853 754 1094 809 gavisaque
1115 755 1241 797 vovit

148 822 266 874 Quae
285 823 479 865 lamenta
500 822 607 864 tuli:
638 822 813 864 veniam
835 822 1077 872 concedite,
1100 821 1284 875 Manes;

145 964 270 987 cernere
285 955 432 995 ejusdem,
448 965 486 986 ac
500 964 580 994 eras,
595 955 703 987 oetutis
715 953 732 986 !
774 954 838 986 Sed
853 955 962 986 mortis
973 957 1066 995 portu
1090 965 1150 987 non
1171 955 1232 987 tibi
1251 955 1321 994 suit
1342 959 1475 994 moesta‚·
1497 956 1609 998 quippe

146 999 222 1031 levis
236 1008 328 1031 causa
341 1010 352 1030 .·
374 1009 430 1030 nec
445 999 548 1030 lentus
560 1000 665 1030 exitus
677 997 770 1030 senili
785 998 855 1030 tabe
868 1001 899 1029 te
907 998 1062 1039 prcemisit
1078 998 1254 1031 imminenti
1267 1000 1403 1040 sepulcro
1411 1010 1425 1038 ;
1439 1000 1493 1031 sed
1503 1000 1610 1039 segnis

144 1045 303 1082 veternus,
323 1045 355 1073 et
378 1051 461 1073 mors
483 1041 581 1083 quieti
596 1042 709 1073 similis
725 1045 755 1073 te
769 1042 925 1080 extendit,
937 1044 969 1072 et
982 1042 1132 1073 simulato
1147 1051 1253 1083 sopore
1267 1046 1299 1074 te
1315 1042 1402 1074 misit
1416 1044 1458 1074 ud
1474 1041 1608 1081 Inserou.

149 1086 234 1122 Quos
260 1094 319 1125 ego
343 1085 497 1125 ejulatus?
542 1085 658 1116 Moesta
682 1085 774 1116 turba
799 1085 946 1116 comitum
969 1085 1063 1115 vidit.
1109 1084 1154 1115 Et
1170 1090 1269 1117 muter·
1279 1085 1361 1117 vidit
1375 1086 1560 1127 exemplum,
1579 1087 1610 1116 et

144 1128 220 1166 laeta
233 1130 410 1170 respectavit
422 1139 443 1160 α
458 1137 505 1160 me
526 1127 659 1160 similem
669 1129 796 1160 luctum.
841 1128 956 1159 Manes
970 1127 1146 1168 ignoscite5
1167 1128 1258 1160 liceat
1273 1129 1388 1170 dicere,
1399 1130 1537 1170 genitor,
1550 1137 1610 1159 mm

758 1234 1002 1248 000000000000

147 1314 376 1347 Marklandns
403 1314 515 1347 edidit
541 1314 773 1346 tristem—258
796 1313 886 1345 Edd.
911 1315 998 1345 vett.
1022 1311 1090 1344 labe
1114 1311 1217 1344 senili.
1261 1310 1479 1343 Parmensis:
1502 1320 1611 1352 segnes

145 1366 211 1399 pro
225 1359 342 1398 segnis.
375 1358 570 1390 Gronovius
582 1358 722 1390 Elench.
736 1357 924 1389 Antidiatr.
940 1366 1019 1398 cap.
1031 1358 1063 1388 ⁷.
1077 1356 1182 1397 legit:
1197 1354 1268 1386 tabe
1281 1355 1495 1386 senili—2⁵9
1509 1355 1609 1386 Idem

144 1409 210 1442 pro
223 1402 380 1442 proemisit
407 1402 479 1433 vult
501 1401 779 1442 promisit.—262.
801 1403 865 1433 263
887 1400 1012 1432 Totum
1037 1399 1127 1430 hunc
1151 1399 1261 1430 iocum
1288 1399 1338 1429 sic
1362 1398 1484 1430 scribit
1508 1402 1544 1429 et
1560 1398 1609 1428 dis

144 1443 293 1485 vstinguit
308 1445 474 1476 Heinsius
498 1445 532 1476 in
557 1443 703 1476 Advers.
729 1444 788 1476 lib.
812 1453 863 1474 lv.
889 1452 966 1484 cap.
981 1445 1013 1474 4.
1041 1451 1074 1483 p.
1093 1444 1167 1474 592.
1212 1442 1297 1477 Quos
1310 1451 1367 1481 ego
1382 1444 1447 1472 lum
1460 1441 1610 1481 gemitus,

146 1485 193 1528 (c.
207 1497 248 1520 m.
263 1497 295 1520 a.
310 1487 405 1528 vidit,
426 1488 464 1521 V.
478 1497 505 1520 e.
521 1498 549 1520 e.
562 1487 721 1528 genitrix,
732 1484 895 1528 g.sovit‚)
913 1487 954 1523 Q.
967 1486 990 1518 1.
1005 1484 1088 1517 tuli!
1110 1484 1198 1517 Edd.
1219 1489 1305 1517 vett.
1325 1484 1496 1525 gavisaque
1510 1485 1611 1525 novit,

805 1581 954 1616 NOTAE

908 1653 1082 1696 proverbii
1103 1652 1217 1695 specie
1233 1651 1404 1694 signifieat
1417 1651 1503 1684 mori
1519 1651 1611 1694 apud

907 1705 1122 1737 Martialem:
1136 1706 1146 1723 ¹
1154 1705 1204 1736 Tu
1213 1705 1376 1745 languore
1383 1703 1519 1746 quidem
1528 1703 1612 1736 falso

907 1755 1087 1798 subitoque
1114 1755 1271 1787 laboras:
1294 1754 1343 1786 At
1365 1763 1441 1786 mea
1457 1754 1613 1796 porrexit

908 1807 1076 1848 sportula,
1110 1806 1233 1846 Paule,
1272 1803 1400 1846 pedes?
1459 1804 1612 1836 Mortuis

145 1657 300 1698 thonum,
313 1657 370 1700 qui
386 1657 581 1699 longissime
595 1656 722 1688 vixisse
734 1655 854 1688 dicun-

145 1711 255 1790 πω2.5·“Ι
290 1758 346 1790 Me
374 1757 522 1799 similem]
557 1757 600 1790 Id
629 1762 694 1798 est,
723 1765 852 1788 senem.

149 1808 284 1849 Tristis]
308 1809 364 1841 Ob
380 1809 499 1841 nimios
511 1809 660 1849 dolores,
683 1807 742 1851 qui
765 1817 852 1840 mor-

148 1866 218 1892 tem
235 1861 456 1892 comitantur.

189 1914 256 1943 258
278 1911 392 1952 Leves]
425 1911 505 1944 Non
533 1911 764 1949 vehementes,
785 1919 852 1942 non

147 1961 322 1994 violentae.
357 1962 426 1993 Nec
436 1961 543 2002 segnis
552 1961 621 1992 tabe
631 1961 722 1992 senili
732 1960 852 2001 exitus]

145 2010 321 2043 Paulatim
338 2012 428 2043 enim
443 2022 541 2043 senes
567 2012 766 2052 plerumque
780 2019 851 2042 mo-

146 2062 294 2104 riuntur,
314 2062 502 2095 deficiente
518 2062 652 2094 scilicet
666 2065 801 2102 natura,
817 2065 853 2093 et

148 2113 222 2145 sine
238 2113 396 2154 gravibus
411 2112 594 2145 doloribus.

190 2167 256 2197 259
280 2164 438 2205 Instanti]
463 2164 630 2196 Omnibus
652 2163 853 2195 imminenti.

189 2217 255 2247 260
278 2214 342 2247 Sed
364 2218 396 2247 te
420 2218 526 2256 torpor
545 2214 647 2255 iners]
678 2214 770 2246 Hinc
796 2223 854 2246 ve-

148 2270 248 2297 terno
263 2265 437 2298 extinctus
459 2265 528 2297 fuit
554 2265 718 2307 Papinius
741 2270 854 2307 pater.

149 2317 240 2349 Mors
254 2316 380 2349 imitata
393 2315 543 2358 quietem]
563 2316 658 2359 AEgri
680 2316 771 2348 enim
790 2316 854 2348 hoc

147 2367 268 2400 morbo
283 2376 417 2409 semper
431 2366 617 2407 dormiunt,
628 2375 692 2398 nec
708 2365 854 2398 excitari

148 2422 306 2460 possunt,
318 2417 435 2459 sicque
450 2418 654 2449 moriuntur.

190 2470 254 2499 261
281 2466 462 2509 Explicuit]
503 2466 684 2499 Extendit.
727 2467 856 2499 Noster

149 2518 259 2550 Theb.
274 2526 311 2550 x-
340 2519 472 2560 ιΙΙΙίιιε,
498 2519 652 2561 [somni,]
677 2527 761 2549 aura
783 2517 854 2548 solo

152 2569 308 2606 volucres
325 2569 542 2612 pecudesque
558 2568 718 2610 ferasque
734 2567 853 2609 Expli-

151 2618 235 2653 cat!
277 2619 320 2652 Id
347 2624 413 2659 est,
440 2620 607 2652 extendit.
663 2619 854 2651 Morientes

150 2681 276 2714 corpus
293 2671 418 2712 solent,
430 2672 604 2713 praecipue
617 2670 723 2712 pedes
734 2680 856 2712 expor-

150 2723 276 2764 rigere.
320 2722 412 2755 Hinc
427 2731 518 2754 mors
539 2720 755 2763 ‘explicare'
778 2730 855 2762 pro-

150 2773 227 2815 prie
242 2772 380 2805 dicitur.
424 2772 612 2814 Sophocles
626 2770 761 2813 γέροντα,
773 2770 855 2813 μόρῳ

152 2823 315 2856 ἐντανύσω
332 2823 437 2864 dlxi13
465 2828 501 2857 et
515 2824 525 2843 ‘
536 2823 711 2867 porrigere
728 2822 853 2865 pedes’

907 1859 1010 1891 etiam
1026 1859 1134 1900 pedes
1148 1856 1436 1895 extendebantur,
1454 1865 1531 1887 cum
1548 1855 1613 1886 sci-

907 1908 991 1941 licet
1006 1918 1124 1940 eorum
1140 1917 1289 1948 corpora
1304 1905 1554 1944 formabantur,
1577 1909 1613 1936 et

907 1961 1211 2003 componebantur,
1227 1959 1317 2001 quod
1334 1956 1544 1998 σχηματίζειν
1556 1966 1612 1988 vo-

907 2017 963 2044 cat
975 2012 1019 2043 D.
1036 2011 1216 2052 chrysost.
1229 2010 1264 2042 in
1279 2017 1436 2040 sermone
1452 2007 1495 2039 de
1509 2007 1612 2041 Jobo.

907 2062 1018 2105 Falso]
1041 2063 1124 2095 Non
1139 2061 1229 2093 enim
1245 2065 1321 2092 erat
1341 2068 1441 2092 verus
1463 2069 1615 2098 somnus,

907 2115 968 2147 sed
982 2115 1128 2147 imitatio
1144 2112 1263 2145 somni.
1293 2112 1405 2144 Verus
1420 2111 1508 2143 enim
1525 2121 1613 2144 som-

908 2176 970 2198 nus
986 2165 1095 2197 oritur
1119 2174 1162 2196 ex
1186 2163 1260 2195 aliis
1289 2162 1416 2203 causis,
1437 2172 1537 2204 quam
1555 2171 1610 2194 ve-

909 2221 1040 2249 ternus.

950 2270 1015 2300 262
1040 2266 1126 2304 Quos
1139 2276 1195 2306 ego
1211 2268 1284 2297 tunc
1296 2262 1448 2305 gemitus]
1469 2263 1612 2309 Supple,

908 2318 1014 2351 edidi.

949 2372 1014 2403 263
1041 2368 1128 2400 Vidit
1145 2370 1177 2399 et
1192 2367 1363 2408 exemplum
1374 2365 1532 2406 genitrix,
1553 2374 1612 2405 gu-

908 2421 1034 2461 visaque
1049 2419 1135 2450 vovit
1152 2418 1231 2454 Quoe
1242 2418 1376 2448 lamenta
1390 2415 1466 2457 tuli]
1489 2415 1609 2447 Mens:

909 2471 1025 2503 Mater
1037 2469 1070 2501 in
1086 2469 1151 2501 hoc
1166 2476 1296 2499 summo
1311 2476 1388 2498 meo
1401 2474 1543 2498 moerore
1555 2474 1611 2506 gn-

908 2521 985 2553 visa
1000 2525 1065 2562 est,
1091 2523 1252 2562 quantum
1276 2521 1420 2558 possunt
1443 2517 1612 2556 lugentes,

909 2577 978 2605 tam
1003 2572 1060 2614 pio
1082 2570 1167 2611 filio,
1190 2574 1227 2601 et
1249 2568 1294 2601 ab
1319 2567 1440 2600 eodem
1465 2566 1540 2597 haec
1564 2565 1612 2597 la-

907 2628 1025 2655 menta
1041 2621 1118 2662 sibi,
1134 2631 1210 2654 cum
1222 2619 1308 2652 mori
1323 2617 1518 2658 contigerit,
1532 2625 1615 2648 con-

910 2673 994 2706 ferri
1007 2673 1123 2704 vovit:
1148 2681 1226 2703 nam
1241 2671 1307 2702 duo
1321 2672 1500 2710 parentum
1522 2675 1611 2698 sum-

909 2734 965 2756 ma
981 2728 1072 2764 vota,
1087 2721 1287 2764 superstites
1301 2719 1426 2751 liberos
1442 2717 1610 2759 relinque-

909 2784 959 2815 re,
971 2779 1007 2806 et
1021 2774 1064 2806 ab
1076 2774 1117 2805 iis
1130 2772 1187 2813 pie
1199 2769 1329 2803 defleri.
1358 2768 1540 2802 Gaudebat
1551 2777 1610 2800 ex-

909 2826 1035 2867 emplo,
1058 2822 1147 2866 quod
1164 2822 1197 2854 in
1214 2831 1250 2854 se
1265 2830 1399 2865 quoque
1415 2827 1609 2852 recasurum
