<?xml version="1.0" encoding="UTF-8"?>
<!DOCTYPE html PUBLIC "-//W3C//DTD XHTML 1.0 Transitional//EN"
    "http://www.w3.org/TR/xhtml1/DTD/xhtml1-transitional.dtd">
<html xmlns="http://www.w3.org/1999/xhtml" xml:lang="en" lang="en">
 <head>
  <title>
</title>
<meta http-equiv="Content-Type" content="text/html;charset=utf-8" />
  <meta name='ocr-system' content='tesseract 3.04.00' />
  <meta name='ocr-capabilities' content='ocr_page ocr_carea ocr_par ocr_line ocrx_word'/>
</head>
<body>
  <div class='ocr_page' id='page_1' title='image "./operaomniaexedit01statuoft_0102.png"; bbox 0 0 1800 3060; ppageno 0'>
   <div class='ocr_carea' id='block_1_1' title="bbox 203 186 262 229">
    <p class='ocr_par' dir='ltr' id='par_1_1' title="bbox 203 186 262 229">
     <span class='ocr_line' id='line_1_1' title="bbox 203 186 262 229; baseline 0.017 -1"><span class='ocrx_word' id='word_1_1' title='bbox 203 186 262 229; x_wconf 80' lang='lat'><strong>92</strong></span> 
     </span>
    </p>
   </div>
   <div class='ocr_carea' id='block_1_2' title="bbox 699 200 1164 234">
    <p class='ocr_par' dir='ltr' id='par_1_2' title="bbox 699 200 1164 234">
     <span class='ocr_line' id='line_1_2' title="bbox 699 200 1164 234; baseline 0.006 -3"><span class='ocrx_word' id='word_1_2' title='bbox 699 201 740 232; x_wconf 87' lang='lat' dir='ltr'><strong>P.</strong></span> <span class='ocrx_word' id='word_1_3' title='bbox 773 200 965 232; x_wconf 80' lang='lat' dir='ltr'><strong>PAPlNII</strong></span> <span class='ocrx_word' id='word_1_4' title='bbox 1000 202 1164 234; x_wconf 72' lang='lat' dir='ltr'>STATH</span> 
     </span>
    </p>
   </div>
   <div class='ocr_carea' id='block_1_3' title="bbox 203 293 1428 554">
    <p class='ocr_par' dir='ltr' id='par_1_3' title="bbox 203 293 1428 487">
     <span class='ocr_line' id='line_1_3' title="bbox 203 293 1428 352; baseline 0.008 -18"><span class='ocrx_word' id='word_1_5' title='bbox 203 293 345 347; x_wconf 88' lang='lat' dir='ltr'><strong>Virgo</strong></span> <span class='ocrx_word' id='word_1_6' title='bbox 364 293 539 348; x_wconf 85' lang='lat' dir='ltr'><strong>premit,</strong></span> <span class='ocrx_word' id='word_1_7' title='bbox 559 299 857 352; x_wconf 84' lang='lat' dir='ltr'><strong>quantumque</strong></span> <span class='ocrx_word' id='word_1_8' title='bbox 877 303 1048 352; x_wconf 82' lang='lat' dir='ltr'><strong>egomet</strong></span> <span class='ocrx_word' id='word_1_9' title='bbox 1070 299 1290 343; x_wconf 86' lang='lat' dir='ltr'><strong>Nereidas</strong></span> <span class='ocrx_word' id='word_1_10' title='bbox 1310 306 1428 344; x_wconf 81' lang='lat' dir='ltr'><strong>exto.</strong></span> 
     </span>
     <span class='ocr_line' id='line_1_4' title="bbox 206 361 1242 422; baseline 0.006 -18"><span class='ocrx_word' id='word_1_11' title='bbox 206 361 323 404; x_wconf 88' lang='lat' dir='ltr'><strong>Haec</strong></span> <span class='ocrx_word' id='word_1_12' title='bbox 342 365 384 404; x_wconf 89' lang='lat' dir='ltr'><strong>et</strong></span> <span class='ocrx_word' id='word_1_13' title='bbox 401 363 606 405; x_wconf 90' lang='lat' dir='ltr'><strong>coeruleis</strong></span> <span class='ocrx_word' id='word_1_14' title='bbox 628 378 800 407; x_wconf 91' lang='lat' dir='ltr'><strong>mecum</strong></span> <span class='ocrx_word' id='word_1_15' title='bbox 820 379 1086 420; x_wconf 83' lang='lat' dir='ltr'><strong>consurgere</strong></span> <span class='ocrx_word' id='word_1_16' title='bbox 1107 368 1242 422; x_wconf 83' lang='lat' dir='ltr'><strong>digna</strong></span> 
     </span>
     <span class='ocr_line' id='line_1_5' title="bbox 206 429 1330 487; baseline 0.006 -16"><span class='ocrx_word' id='word_1_17' title='bbox 206 429 456 482; x_wconf 87' lang='lat' dir='ltr'><strong>Fluctibus,</strong></span> <span class='ocrx_word' id='word_1_18' title='bbox 479 436 525 473; x_wconf 88' lang='lat' dir='ltr'><strong>et</strong></span> <span class='ocrx_word' id='word_1_19' title='bbox 545 435 695 474; x_wconf 85' lang='lat' dir='ltr'><strong>nostra</strong></span> <span class='ocrx_word' id='word_1_20' title='bbox 714 434 863 487; x_wconf 88' lang='lat' dir='ltr'><strong>potuit</strong></span> <span class='ocrx_word' id='word_1_21' title='bbox 882 435 1114 476; x_wconf 88' lang='lat' dir='ltr'><strong>considere</strong></span> <span class='ocrx_word' id='word_1_22' title='bbox 1135 437 1330 478; x_wconf 85' lang='lat' dir='ltr'><strong>concha:</strong></span> 
     </span>
    </p>

    <p class='ocr_par' dir='ltr' id='par_1_4' title="bbox 206 497 1272 554">
     <span class='ocr_line' id='line_1_6' title="bbox 206 497 1272 554; baseline 0.006 -15"><span class='ocrx_word' id='word_1_23' title='bbox 206 497 268 540; x_wconf 90' lang='lat' dir='ltr'><strong>Et</strong></span> <span class='ocrx_word' id='word_1_24' title='bbox 286 498 324 540; x_wconf 91' lang='lat' dir='ltr'><strong>si</strong></span> <span class='ocrx_word' id='word_1_25' title='bbox 343 498 627 542; x_wconf 82' lang='lat' dir='ltr'><strong>flammiferas</strong></span> <span class='ocrx_word' id='word_1_26' title='bbox 648 501 875 554; x_wconf 86' lang='lat' dir='ltr'><strong>potuisset</strong></span> <span class='ocrx_word' id='word_1_27' title='bbox 894 502 1105 543; x_wconf 81' lang='lat' dir='ltr'>scandere</span> <span class='ocrx_word' id='word_1_28' title='bbox 1126 503 1272 554; x_wconf 90' lang='lat' dir='ltr'><strong>sedes,</strong></span> 
     </span>
    </p>
   </div>
   <div class='ocr_carea' id='block_1_4' title="bbox 207 565 1341 623">
    <p class='ocr_par' dir='ltr' id='par_1_5' title="bbox 207 565 1341 623">
     <span class='ocr_line' id='line_1_7' title="bbox 207 565 1341 623; baseline 0.005 -15"><span class='ocrx_word' id='word_1_29' title='bbox 207 565 400 621; x_wconf 84' lang='lat' dir='ltr'><strong>Hasque</strong></span> <span class='ocrx_word' id='word_1_30' title='bbox 423 568 584 611; x_wconf 84' lang='lat' dir='ltr'><strong>intrare</strong></span> <span class='ocrx_word' id='word_1_31' title='bbox 606 569 776 620; x_wconf 88' lang='lat' dir='ltr'><strong>domos,</strong></span> <span class='ocrx_word' id='word_1_32' title='bbox 794 570 884 623; x_wconf 89' lang='lat' dir='ltr'><strong>ipsi</strong></span> <span class='ocrx_word' id='word_1_33' title='bbox 904 572 1117 622; x_wconf 84' lang='lat' dir='ltr'><strong>erraretis,</strong></span> <span class='ocrx_word' id='word_1_34' title='bbox 1134 571 1341 614; x_wconf 81' lang='lat' dir='ltr'><strong>Amores.</strong></span> 
     </span>
    </p>
   </div>
   <div class='ocr_carea' id='block_1_5' title="bbox 1563 573 1670 633">
    <p class='ocr_par' dir='ltr' id='par_1_6' title="bbox 1563 573 1670 633">
     <span class='ocr_line' id='line_1_8' title="bbox 1563 573 1670 633; baseline 0 -18"><span class='ocrx_word' id='word_1_35' title='bbox 1563 573 1670 633; x_wconf 64' lang='lat'><strong>„¹2⁰</strong></span> 
     </span>
    </p>
   </div>
   <div class='ocr_carea' id='block_1_6' title="bbox 207 634 1346 760">
    <p class='ocr_par' dir='ltr' id='par_1_7' title="bbox 207 634 1346 760">
     <span class='ocr_line' id='line_1_9' title="bbox 207 634 1321 692; baseline 0.006 -17"><span class='ocrx_word' id='word_1_36' title='bbox 207 634 332 676; x_wconf 90' lang='lat' dir='ltr'><strong>Huic</strong></span> <span class='ocrx_word' id='word_1_37' title='bbox 355 637 555 690; x_wconf 84' lang='lat' dir='ltr'><strong>quamvis</strong></span> <span class='ocrx_word' id='word_1_38' title='bbox 577 650 739 678; x_wconf 91' lang='lat' dir='ltr'><strong>census</strong></span> <span class='ocrx_word' id='word_1_39' title='bbox 761 637 954 679; x_wconf 89' lang='lat' dir='ltr'><strong>dederim</strong></span> <span class='ocrx_word' id='word_1_40' title='bbox 973 639 1129 692; x_wconf 85' lang='lat' dir='ltr'><strong>largita</strong></span> <span class='ocrx_word' id='word_1_41' title='bbox 1150 641 1321 690; x_wconf 84' lang='lat' dir='ltr'><strong>beatos,</strong></span> 
     </span>
     <span class='ocr_line' id='line_1_10' title="bbox 207 700 1346 760; baseline 0.005 -17"><span class='ocrx_word' id='word_1_42' title='bbox 207 700 361 744; x_wconf 87' lang='lat' dir='ltr'><strong>Vincit</strong></span> <span class='ocrx_word' id='word_1_43' title='bbox 378 715 488 756; x_wconf 89' lang='lat' dir='ltr'><strong>opes</strong></span> <span class='ocrx_word' id='word_1_44' title='bbox 509 704 681 745; x_wconf 83' lang='lat' dir='ltr'><strong>animo:</strong></span> <span class='ocrx_word' id='word_1_45' title='bbox 712 705 903 759; x_wconf 89' lang='lat' dir='ltr'><strong>queritur</strong></span> <span class='ocrx_word' id='word_1_46' title='bbox 915 706 1009 760; x_wconf 84' lang='lat' dir='ltr'><strong>jam</strong></span> <span class='ocrx_word' id='word_1_47' title='bbox 1032 706 1163 748; x_wconf 84' lang='lat' dir='ltr'><strong>Seras</strong></span> <span class='ocrx_word' id='word_1_48' title='bbox 1184 720 1346 749; x_wconf 83' lang='lat' dir='ltr'><strong>avaros</strong></span> 
     </span>
    </p>
   </div>
   <div class='ocr_carea' id='block_1_7' title="bbox 207 847 1677 1021">
    <p class='ocr_par' dir='ltr' id='par_1_8' title="bbox 207 847 1677 1021">
     <span class='ocr_line' id='line_1_11' title="bbox 208 847 1677 893; baseline 0.004 -14"><span class='ocrx_word' id='word_1_49' title='bbox 208 847 345 879; x_wconf 71' lang='lat' dir='ltr'><strong>Latonia</strong></span> <span class='ocrx_word' id='word_1_50' title='bbox 369 849 471 889; x_wconf 80' lang='lat' dir='ltr'><strong>puella</strong></span> <span class='ocrx_word' id='word_1_51' title='bbox 496 849 600 882; x_wconf 79' lang='lat' dir='ltr'><strong>obruit</strong></span> <span class='ocrx_word' id='word_1_52' title='bbox 624 850 801 892; x_wconf 81' lang='lat' dir='ltr'><strong>Nymphas,</strong></span> <span class='ocrx_word' id='word_1_53' title='bbox 818 853 850 881; x_wconf 84' lang='lat' dir='ltr'><strong>et</strong></span> <span class='ocrx_word' id='word_1_54' title='bbox 871 853 1019 892; x_wconf 75' lang='lat' dir='ltr'><strong>quantum</strong></span> <span class='ocrx_word' id='word_1_55' title='bbox 1043 861 1099 891; x_wconf 80' lang='lat' dir='ltr'><strong>ego</strong></span> <span class='ocrx_word' id='word_1_56' title='bbox 1119 852 1235 883; x_wconf 80' lang='lat' dir='ltr'><strong>emineo</strong></span> <span class='ocrx_word' id='word_1_57' title='bbox 1259 862 1353 891; x_wconf 81' lang='lat' dir='ltr'><strong>supra</strong></span> <span class='ocrx_word' id='word_1_58' title='bbox 1383 853 1541 885; x_wconf 81' lang='lat' dir='ltr'><strong>Nereides.</strong></span> <span class='ocrx_word' id='word_1_59' title='bbox 1587 853 1677 893; x_wconf 14' lang='lat' dir='ltr'><strong>Hoecr</strong></span> 
     </span>
     <span class='ocr_line' id='line_1_12' title="bbox 207 891 1673 937; baseline 0.005 -16"><span class='ocrx_word' id='word_1_60' title='bbox 207 891 323 922; x_wconf 80' lang='lat' dir='ltr'><strong>meruit</strong></span> <span class='ocrx_word' id='word_1_61' title='bbox 338 901 454 923; x_wconf 81' lang='lat' dir='ltr'><strong>mecum</strong></span> <span class='ocrx_word' id='word_1_62' title='bbox 469 893 547 924; x_wconf 82' lang='lat' dir='ltr'><strong>oriri</strong></span> <span class='ocrx_word' id='word_1_63' title='bbox 560 903 576 924; x_wconf 88' lang='lat' dir='ltr'><strong>e</strong></span> <span class='ocrx_word' id='word_1_64' title='bbox 590 894 730 925; x_wconf 80' lang='lat' dir='ltr'><strong>coernleis</strong></span> <span class='ocrx_word' id='word_1_65' title='bbox 745 894 846 932; x_wconf 82' lang='lat' dir='ltr'><strong>undis,</strong></span> <span class='ocrx_word' id='word_1_66' title='bbox 860 898 890 925; x_wconf 83' lang='lat' dir='ltr'><strong>et</strong></span> <span class='ocrx_word' id='word_1_67' title='bbox 906 894 978 925; x_wconf 78' lang='lat' dir='ltr'><strong>vehi</strong></span> <span class='ocrx_word' id='word_1_68' title='bbox 989 898 1095 925; x_wconf 81' lang='lat' dir='ltr'><strong>nostra</strong></span> <span class='ocrx_word' id='word_1_69' title='bbox 1115 896 1241 926; x_wconf 79' lang='lat' dir='ltr'><strong>concha.</strong></span> <span class='ocrx_word' id='word_1_70' title='bbox 1286 896 1332 927; x_wconf 79' lang='lat' dir='ltr'><strong>Et</strong></span> <span class='ocrx_word' id='word_1_71' title='bbox 1355 896 1383 927; x_wconf 82' lang='lat' dir='ltr'><strong>si</strong></span> <span class='ocrx_word' id='word_1_72' title='bbox 1401 897 1551 937; x_wconf 76' lang='lat' dir='ltr'><strong>potuisset</strong></span> <span class='ocrx_word' id='word_1_73' title='bbox 1565 907 1673 928; x_wconf 79' lang='lat' dir='ltr'><strong>ascen-</strong></span> 
     </span>
     <span class='ocr_line' id='line_1_13' title="bbox 207 934 1670 979; baseline 0.003 -15"><span class='ocrx_word' id='word_1_74' title='bbox 207 934 279 964; x_wconf 87' lang='lat' dir='ltr'><strong>dere</strong></span> <span class='ocrx_word' id='word_1_75' title='bbox 294 935 427 966; x_wconf 72' lang='lat' dir='ltr'><strong>coelestes</strong></span> <span class='ocrx_word' id='word_1_76' title='bbox 440 935 563 976; x_wconf 74' lang='lat' dir='ltr'><strong>plagas,</strong></span> <span class='ocrx_word' id='word_1_77' title='bbox 585 940 614 967; x_wconf 80' lang='lat' dir='ltr'><strong>el</strong></span> <span class='ocrx_word' id='word_1_78' title='bbox 640 937 764 976; x_wconf 79' lang='lat' dir='ltr'><strong>ingredi</strong></span> <span class='ocrx_word' id='word_1_79' title='bbox 789 937 845 968; x_wconf 78' lang='lat' dir='ltr'><strong>has</strong></span> <span class='ocrx_word' id='word_1_80' title='bbox 865 938 980 976; x_wconf 58' lang='lat' dir='ltr'><strong>domuit,</strong></span> <span class='ocrx_word' id='word_1_81' title='bbox 1003 938 1063 978; x_wconf 76' lang='lat' dir='ltr'><strong>ipsi</strong></span> <span class='ocrx_word' id='word_1_82' title='bbox 1084 947 1136 968; x_wconf 78' lang='lat' dir='ltr'><strong>tos</strong></span> <span class='ocrx_word' id='word_1_83' title='bbox 1163 938 1332 979; x_wconf 80' lang='lat' dir='ltr'><strong>Cupidines</strong></span> <span class='ocrx_word' id='word_1_84' title='bbox 1353 939 1387 970; x_wconf 83' lang='lat' dir='ltr'><strong>in</strong></span> <span class='ocrx_word' id='word_1_85' title='bbox 1402 939 1670 977; x_wconf 80' lang='lat' dir='ltr'><strong>illasulleremini.</strong></span> 
     </span>
     <span class='ocr_line' id='line_1_14' title="bbox 210 976 1671 1021; baseline 0.003 -13"><span class='ocrx_word' id='word_1_86' title='bbox 210 976 360 1012; x_wconf 75' lang='lat' dir='ltr'><strong>Quamvis</strong></span> <span class='ocrx_word' id='word_1_87' title='bbox 375 977 424 1009; x_wconf 83' lang='lat' dir='ltr'><strong>illi</strong></span> <span class='ocrx_word' id='word_1_88' title='bbox 443 979 563 1019; x_wconf 76' lang='lat' dir='ltr'><strong>largita</strong></span> <span class='ocrx_word' id='word_1_89' title='bbox 578 979 638 1010; x_wconf 85' lang='lat' dir='ltr'><strong>sim</strong></span> <span class='ocrx_word' id='word_1_90' title='bbox 648 979 854 1021; x_wconf 78' lang='lat' dir='ltr'><strong>amplissimas</strong></span> <span class='ocrx_word' id='word_1_91' title='bbox 871 990 953 1021; x_wconf 79' lang='lat' dir='ltr'><strong>opes,</strong></span> <span class='ocrx_word' id='word_1_92' title='bbox 973 990 1025 1012; x_wconf 83' lang='lat' dir='ltr'><strong>eas</strong></span> <span class='ocrx_word' id='word_1_93' title='bbox 1039 981 1136 1012; x_wconf 82' lang='lat' dir='ltr'><strong>vincit</strong></span> <span class='ocrx_word' id='word_1_94' title='bbox 1155 982 1270 1013; x_wconf 80' lang='lat' dir='ltr'><strong>animo.</strong></span> <span class='ocrx_word' id='word_1_95' title='bbox 1317 982 1470 1019; x_wconf 64' lang='lat' dir='ltr'><strong>Quen-itur</strong></span> <span class='ocrx_word' id='word_1_96' title='bbox 1484 983 1578 1015; x_wconf 84' lang='lat' dir='ltr'><strong>Seres</strong></span> <span class='ocrx_word' id='word_1_97' title='bbox 1590 992 1671 1014; x_wconf 85' lang='lat' dir='ltr'><strong>nunc</strong></span> 
     </span>
    </p>
   </div>
   <div class='ocr_carea' id='block_1_8' title="bbox 839 1094 938 1109">
    <p class='ocr_par' dir='ltr' id='par_1_9' title="bbox 839 1094 938 1109">
     <span class='ocr_line' id='line_1_15' title="bbox 839 1094 938 1109; baseline 0.02 -2"><span class='ocrx_word' id='word_1_98' title='bbox 839 1094 938 1109; x_wconf 55' lang='lat' dir='ltr'><strong>eeeee</strong></span> 
     </span>
    </p>
   </div>
   <div class='ocr_carea' id='block_1_9' title="bbox 941 1096 1039 1109">
    <p class='ocr_par' dir='ltr' id='par_1_10' title="bbox 941 1096 1039 1109">
     <span class='ocr_line' id='line_1_16' title="bbox 941 1096 1039 1109; baseline 0.01 -1"><span class='ocrx_word' id='word_1_99' title='bbox 941 1096 1039 1109; x_wconf 69' lang='lat' dir='ltr'><strong>ccccc</strong></span> 
     </span>
    </p>
   </div>
   <div class='ocr_carea' id='block_1_10' title="bbox 207 1181 1674 1400">
    <p class='ocr_par' dir='ltr' id='par_1_11' title="bbox 207 1181 1674 1400">
     <span class='ocr_line' id='line_1_17' title="bbox 207 1181 1671 1226; baseline 0.005 -15"><span class='ocrx_word' id='word_1_100' title='bbox 207 1181 307 1221; x_wconf 78' lang='lat' dir='ltr'><strong>ultra,</strong></span> <span class='ocrx_word' id='word_1_101' title='bbox 324 1181 537 1224; x_wconf 83' lang='lat' dir='ltr'><strong>improbante</strong></span> <span class='ocrx_word' id='word_1_102' title='bbox 553 1183 703 1217; x_wconf 87' lang='lat' dir='ltr'><strong>Handio.</strong></span> <span class='ocrx_word' id='word_1_103' title='bbox 725 1186 851 1217; x_wconf 82' lang='lat' dir='ltr'><strong>Venet.</strong></span> <span class='ocrx_word' id='word_1_104' title='bbox 869 1188 899 1217; x_wconf 80' lang='lat'><strong>1.</strong></span> <span class='ocrx_word' id='word_1_105' title='bbox 915 1195 976 1226; x_wconf 90' lang='lat' dir='ltr'><strong>pro</strong></span> <span class='ocrx_word' id='word_1_106' title='bbox 992 1186 1102 1218; x_wconf 68' lang='lat' dir='ltr'><strong>metire</strong></span> <span class='ocrx_word' id='word_1_107' title='bbox 1116 1186 1219 1218; x_wconf 88' lang='lat' dir='ltr'><strong>habet</strong></span> <span class='ocrx_word' id='word_1_108' title='bbox 1235 1186 1471 1220; x_wconf 53' lang='lat' dir='ltr'><strong>molire—116</strong></span> <span class='ocrx_word' id='word_1_109' title='bbox 1494 1187 1618 1219; x_wconf 87' lang='lat' dir='ltr'><strong>Venet.</strong></span> <span class='ocrx_word' id='word_1_110' title='bbox 1640 1191 1671 1219; x_wconf 93' lang='lat' dir='ltr'><strong>l.</strong></span> 
     </span>
     <span class='ocr_line' id='line_1_18' title="bbox 209 1228 1670 1270; baseline 0.005 -16"><span class='ocrx_word' id='word_1_111' title='bbox 209 1228 288 1255; x_wconf 75' lang='lat' dir='ltr'><strong>oestu</strong></span> <span class='ocrx_word' id='word_1_112' title='bbox 303 1234 365 1265; x_wconf 90' lang='lat' dir='ltr'><strong>pro</strong></span> <span class='ocrx_word' id='word_1_113' title='bbox 376 1229 570 1258; x_wconf 60' lang='lat' dir='ltr'><strong>exta—118</strong></span> <span class='ocrx_word' id='word_1_114' title='bbox 593 1228 804 1260; x_wconf 79' lang='lat' dir='ltr'><strong>Schraderus</strong></span> <span class='ocrx_word' id='word_1_115' title='bbox 820 1229 853 1259; x_wconf 91' lang='lat' dir='ltr'><strong>in</strong></span> <span class='ocrx_word' id='word_1_116' title='bbox 867 1229 1004 1261; x_wconf 85' lang='lat' dir='ltr'><strong>ineditis</strong></span> <span class='ocrx_word' id='word_1_117' title='bbox 1019 1229 1106 1270; x_wconf 86' lang='lat' dir='ltr'><strong>conj.</strong></span> <span class='ocrx_word' id='word_1_118' title='bbox 1123 1233 1230 1261; x_wconf 79' lang='lat' dir='ltr'><strong>nostra</strong></span> <span class='ocrx_word' id='word_1_119' title='bbox 1243 1230 1365 1270; x_wconf 79' lang='lat' dir='ltr'><strong>pariter</strong></span> <span class='ocrx_word' id='word_1_120' title='bbox 1376 1231 1532 1262; x_wconf 79' lang='lat' dir='ltr'><strong>considere</strong></span> <span class='ocrx_word' id='word_1_121' title='bbox 1547 1230 1670 1261; x_wconf 78' lang='lat' dir='ltr'><strong>concha.</strong></span> 
     </span>
     <span class='ocr_line' id='line_1_19' title="bbox 208 1269 1672 1311; baseline 0.004 -13"><span class='ocrx_word' id='word_1_122' title='bbox 208 1270 317 1298; x_wconf 82' lang='lat'>—119</span> <span class='ocrx_word' id='word_1_123' title='bbox 341 1269 386 1300; x_wconf 80' lang='lat' dir='ltr'><strong>Et</strong></span> <span class='ocrx_word' id='word_1_124' title='bbox 411 1270 670 1311; x_wconf 75' lang='lat' dir='ltr'><strong>sifiammz‘geras</strong></span> <span class='ocrx_word' id='word_1_125' title='bbox 694 1272 793 1304; x_wconf 79' lang='lat' dir='ltr'><strong>Urat.</strong></span> <span class='ocrx_word' id='word_1_126' title='bbox 821 1270 970 1303; x_wconf 84' lang='lat' dir='ltr'><strong>Cf.Val.</strong></span> <span class='ocrx_word' id='word_1_127' title='bbox 990 1273 1084 1303; x_wconf 87' lang='lat' dir='ltr'><strong>Flac.</strong></span> <span class='ocrx_word' id='word_1_128' title='bbox 1112 1281 1136 1304; x_wconf 87' lang='lat'><strong>1.</strong></span> <span class='ocrx_word' id='word_1_129' title='bbox 1157 1275 1189 1305; x_wconf 80' lang='lat'><strong>4.</strong></span> <span class='ocrx_word' id='word_1_130' title='bbox 1211 1273 1355 1304; x_wconf 86' lang='lat' dir='ltr'><strong>Theocr.</strong></span> <span class='ocrx_word' id='word_1_131' title='bbox 1382 1282 1485 1305; x_wconf 76' lang='lat' dir='ltr'><strong>xxiv.</strong></span> <span class='ocrx_word' id='word_1_132' title='bbox 1509 1275 1672 1306; x_wconf 80' lang='lat'><strong>⁷7.-120</strong></span> 
     </span>
     <span class='ocr_line' id='line_1_20' title="bbox 210 1309 1671 1356; baseline 0.003 -15"><span class='ocrx_word' id='word_1_133' title='bbox 210 1309 336 1342; x_wconf 87' lang='lat' dir='ltr'><strong>Morel.</strong></span> <span class='ocrx_word' id='word_1_134' title='bbox 366 1312 456 1354; x_wconf 89' lang='lat' dir='ltr'><strong>conj.</strong></span> <span class='ocrx_word' id='word_1_135' title='bbox 476 1314 538 1353; x_wconf 83' lang='lat' dir='ltr'><strong>ipsi</strong></span> <span class='ocrx_word' id='word_1_136' title='bbox 559 1314 834 1346; x_wconf 53' lang='lat' dir='ltr'><strong>arderetis—122</strong></span> <span class='ocrx_word' id='word_1_137' title='bbox 862 1315 968 1346; x_wconf 78' lang='lat' dir='ltr'><strong>Vincit</strong></span> <span class='ocrx_word' id='word_1_138' title='bbox 993 1325 1048 1356; x_wconf 82' lang='lat' dir='ltr'><strong>ope</strong></span> <span class='ocrx_word' id='word_1_139' title='bbox 1068 1319 1160 1356; x_wconf 79' lang='lat' dir='ltr'><strong>atque</strong></span> <span class='ocrx_word' id='word_1_140' title='bbox 1179 1316 1281 1347; x_wconf 80' lang='lat' dir='ltr'><strong>animo</strong></span> <span class='ocrx_word' id='word_1_141' title='bbox 1295 1317 1421 1348; x_wconf 88' lang='lat' dir='ltr'><strong>Venet.</strong></span> <span class='ocrx_word' id='word_1_142' title='bbox 1446 1319 1476 1347; x_wconf 81' lang='lat' dir='ltr'><strong>l.</strong></span> <span class='ocrx_word' id='word_1_143' title='bbox 1491 1321 1527 1348; x_wconf 89' lang='lat' dir='ltr'><strong>et</strong></span> <span class='ocrx_word' id='word_1_144' title='bbox 1550 1316 1598 1347; x_wconf 82' lang='lat' dir='ltr'><strong>ita</strong></span> <span class='ocrx_word' id='word_1_145' title='bbox 1615 1325 1671 1346; x_wconf 86' lang='lat' dir='ltr'><strong>vo-</strong></span> 
     </span>
     <span class='ocr_line' id='line_1_21' title="bbox 210 1353 1674 1400; baseline 0.004 -16"><span class='ocrx_word' id='word_1_146' title='bbox 210 1353 310 1385; x_wconf 79' lang='lat' dir='ltr'><strong>luisse</strong></span> <span class='ocrx_word' id='word_1_147' title='bbox 340 1354 522 1388; x_wconf 86' lang='lat' dir='ltr'><strong>Morellum</strong></span> <span class='ocrx_word' id='word_1_148' title='bbox 549 1357 687 1398; x_wconf 83' lang='lat' dir='ltr'><strong>putabis</strong></span> <span class='ocrx_word' id='word_1_149' title='bbox 717 1357 761 1389; x_wconf 84' lang='lat' dir='ltr'><strong>ob</strong></span> <span class='ocrx_word' id='word_1_150' title='bbox 787 1358 945 1399; x_wconf 80' lang='lat' dir='ltr'><strong>exempla</strong></span> <span class='ocrx_word' id='word_1_151' title='bbox 975 1358 1019 1390; x_wconf 83' lang='lat' dir='ltr'><strong>ab</strong></span> <span class='ocrx_word' id='word_1_152' title='bbox 1045 1368 1087 1390; x_wconf 87' lang='lat' dir='ltr'><strong>eo</strong></span> <span class='ocrx_word' id='word_1_153' title='bbox 1115 1363 1322 1400; x_wconf 81' lang='lat' dir='ltr'><strong>comparata.</strong></span> <span class='ocrx_word' id='word_1_154' title='bbox 1350 1369 1434 1395; x_wconf 78' lang='lat' dir='ltr'><strong>seres</strong></span> <span class='ocrx_word' id='word_1_155' title='bbox 1460 1359 1558 1391; x_wconf 84' lang='lat' dir='ltr'><strong>Urat.</strong></span> <span class='ocrx_word' id='word_1_156' title='bbox 1586 1368 1674 1390; x_wconf 82' lang='lat' dir='ltr'><strong>serus</strong></span> 
     </span>
    </p>
   </div>
   <div class='ocr_carea' id='block_1_11' title="bbox 866 1466 1012 1499">
    <p class='ocr_par' dir='ltr' id='par_1_12' title="bbox 866 1466 1012 1499">
     <span class='ocr_line' id='line_1_22' title="bbox 866 1466 1012 1499; baseline -0.007 0"><span class='ocrx_word' id='word_1_157' title='bbox 866 1466 1012 1499; x_wconf 85' lang='lat' dir='ltr'>NOTAE</span> 
     </span>
    </p>
   </div>
   <div class='ocr_carea' id='block_1_12' title="bbox 211 1549 925 2802">
    <p class='ocr_par' dir='ltr' id='par_1_13' title="bbox 212 1549 850 1591">
     <span class='ocr_line' id='line_1_23' title="bbox 212 1549 850 1591; baseline 0.009 -10"><span class='ocrx_word' id='word_1_158' title='bbox 212 1549 300 1591; x_wconf 73' lang='lat' dir='ltr'><strong>exto]</strong></span> <span class='ocrx_word' id='word_1_159' title='bbox 324 1550 470 1591; x_wconf 77' lang='lat' dir='ltr'><strong>Latonia,</strong></span> <span class='ocrx_word' id='word_1_160' title='bbox 486 1552 602 1584; x_wconf 84' lang='lat' dir='ltr'><strong>Diana</strong></span> <span class='ocrx_word' id='word_1_161' title='bbox 616 1553 755 1586; x_wconf 79' lang='lat' dir='ltr'><strong>Latonae</strong></span> <span class='ocrx_word' id='word_1_162' title='bbox 769 1553 850 1587; x_wconf 79' lang='lat' dir='ltr'><strong>tilia.</strong></span> 
     </span>
    </p>

    <p class='ocr_par' dir='ltr' id='par_1_14' title="bbox 213 1602 914 1695">
     <span class='ocr_line' id='line_1_24' title="bbox 255 1602 914 1644; baseline 0.008 -12"><span class='ocrx_word' id='word_1_163' title='bbox 255 1602 435 1643; x_wconf 73' lang='lat' dir='ltr'><strong>Nymphas]</strong></span> <span class='ocrx_word' id='word_1_164' title='bbox 460 1602 629 1644; x_wconf 77' lang='lat' dir='ltr'><strong>Nympliae</strong></span> <span class='ocrx_word' id='word_1_165' title='bbox 655 1606 743 1636; x_wconf 86' lang='lat' dir='ltr'><strong>Deae</strong></span> <span class='ocrx_word' id='word_1_166' title='bbox 767 1604 914 1637; x_wconf 83' lang='lat' dir='ltr'><strong>fontium</strong></span> 
     </span>
     <span class='ocr_line' id='line_1_25' title="bbox 213 1655 878 1695; baseline 0.008 -12"><span class='ocrx_word' id='word_1_167' title='bbox 213 1657 249 1684; x_wconf 91' lang='lat' dir='ltr'><strong>et</strong></span> <span class='ocrx_word' id='word_1_168' title='bbox 265 1661 443 1694; x_wconf 83' lang='lat' dir='ltr'><strong>aquarum,</strong></span> <span class='ocrx_word' id='word_1_169' title='bbox 456 1658 491 1685; x_wconf 87' lang='lat' dir='ltr'><strong>et</strong></span> <span class='ocrx_word' id='word_1_170' title='bbox 507 1655 671 1695; x_wconf 79' lang='lat' dir='ltr'><strong>praesides</strong></span> <span class='ocrx_word' id='word_1_171' title='bbox 689 1666 878 1688; x_wconf 83' lang='lat' dir='ltr'><strong>nemorum.</strong></span> 
     </span>
    </p>

    <p class='ocr_par' dir='ltr' id='par_1_15' title="bbox 211 1703 915 1786">
     <span class='ocr_line' id='line_1_26' title="bbox 258 1703 915 1746; baseline 0.006 -11"><span class='ocrx_word' id='word_1_172' title='bbox 258 1703 425 1746; x_wconf 74' lang='lat' dir='ltr'><strong>Nereidas]</strong></span> <span class='ocrx_word' id='word_1_173' title='bbox 448 1705 619 1738; x_wconf 85' lang='lat' dir='ltr'><strong>Nereides</strong></span> <span class='ocrx_word' id='word_1_174' title='bbox 634 1706 715 1738; x_wconf 89' lang='lat' dir='ltr'><strong>filiae</strong></span> <span class='ocrx_word' id='word_1_175' title='bbox 731 1706 837 1739; x_wconf 86' lang='lat' dir='ltr'><strong>Nerei</strong></span> <span class='ocrx_word' id='word_1_176' title='bbox 849 1707 915 1739; x_wconf 87' lang='lat' dir='ltr'><strong>Dei</strong></span> 
     </span>
     <span class='ocr_line' id='line_1_27' title="bbox 211 1755 344 1786; baseline 0 0"><span class='ocrx_word' id='word_1_177' title='bbox 211 1755 344 1786; x_wconf 87' lang='lat' dir='ltr'><strong>marini.</strong></span> 
     </span>
    </p>

    <p class='ocr_par' dir='ltr' id='par_1_16' title="bbox 213 1805 922 2358">
     <span class='ocr_line' id='line_1_28' title="bbox 259 1805 916 1846; baseline 0.006 -10"><span class='ocrx_word' id='word_1_178' title='bbox 259 1805 363 1846; x_wconf 70' lang='lat' dir='ltr'><strong>Exeo]</strong></span> <span class='ocrx_word' id='word_1_179' title='bbox 386 1805 522 1839; x_wconf 86' lang='lat' dir='ltr'><strong>Alludit</strong></span> <span class='ocrx_word' id='word_1_180' title='bbox 537 1806 627 1840; x_wconf 84' lang='lat' dir='ltr'><strong>forte</strong></span> <span class='ocrx_word' id='word_1_181' title='bbox 637 1808 679 1840; x_wconf 86' lang='lat' dir='ltr'><strong>ad</strong></span> <span class='ocrx_word' id='word_1_182' title='bbox 691 1812 837 1841; x_wconf 79' lang='lat' dir='ltr'><strong>statuam</strong></span> <span class='ocrx_word' id='word_1_183' title='bbox 849 1809 916 1840; x_wconf 88' lang='lat' dir='ltr'><strong>Ve-</strong></span> 
     </span>
     <span class='ocr_line' id='line_1_29' title="bbox 214 1856 918 1899; baseline 0.006 -13"><span class='ocrx_word' id='word_1_184' title='bbox 214 1856 322 1895; x_wconf 80' lang='lat' dir='ltr'><strong>neris,</strong></span> <span class='ocrx_word' id='word_1_185' title='bbox 347 1867 424 1899; x_wconf 83' lang='lat' dir='ltr'><strong>quae</strong></span> <span class='ocrx_word' id='word_1_186' title='bbox 455 1857 671 1890; x_wconf 87' lang='lat' dir='ltr'><strong>circumfusis</strong></span> <span class='ocrx_word' id='word_1_187' title='bbox 707 1859 918 1892; x_wconf 76' lang='lat' dir='ltr'><strong>Nereidibus</strong></span> 
     </span>
     <span class='ocr_line' id='line_1_30' title="bbox 213 1908 920 1950; baseline 0.006 -12"><span class='ocrx_word' id='word_1_188' title='bbox 213 1908 364 1948; x_wconf 76' lang='lat' dir='ltr'><strong>stipatur</strong></span> <span class='ocrx_word' id='word_1_189' title='bbox 386 1913 421 1939; x_wconf 91' lang='lat' dir='ltr'><strong>et</strong></span> <span class='ocrx_word' id='word_1_190' title='bbox 446 1908 510 1941; x_wconf 84' lang='lat' dir='ltr'><strong>hac</strong></span> <span class='ocrx_word' id='word_1_191' title='bbox 532 1911 652 1950; x_wconf 84' lang='lat' dir='ltr'><strong>specie</strong></span> <span class='ocrx_word' id='word_1_192' title='bbox 675 1909 791 1942; x_wconf 83' lang='lat' dir='ltr'><strong>efficta</strong></span> <span class='ocrx_word' id='word_1_193' title='bbox 803 1910 920 1942; x_wconf 81' lang='lat' dir='ltr'><strong>stabat</strong></span> 
     </span>
     <span class='ocr_line' id='line_1_31' title="bbox 214 1958 919 2000; baseline 0.004 -11"><span class='ocrx_word' id='word_1_194' title='bbox 214 1959 249 1989; x_wconf 87' lang='lat' dir='ltr'><strong>iu</strong></span> <span class='ocrx_word' id='word_1_195' title='bbox 265 1958 340 1990; x_wconf 79' lang='lat' dir='ltr'><strong>aede</strong></span> <span class='ocrx_word' id='word_1_196' title='bbox 354 1959 506 2000; x_wconf 80' lang='lat' dir='ltr'><strong>Neptuni</strong></span> <span class='ocrx_word' id='word_1_197' title='bbox 521 1960 564 1991; x_wconf 88' lang='lat' dir='ltr'><strong>ad</strong></span> <span class='ocrx_word' id='word_1_198' title='bbox 579 1960 758 1993; x_wconf 83' lang='lat' dir='ltr'><strong>Isthmum.</strong></span> <span class='ocrx_word' id='word_1_199' title='bbox 790 1961 919 1992; x_wconf 87' lang='lat' dir='ltr'><strong>Pausa-</strong></span> 
     </span>
     <span class='ocr_line' id='line_1_32' title="bbox 214 2009 918 2053; baseline 0.003 -12"><span class='ocrx_word' id='word_1_200' title='bbox 214 2009 288 2041; x_wconf 83' lang='lat' dir='ltr'><strong>nias</strong></span> <span class='ocrx_word' id='word_1_201' title='bbox 312 2010 468 2042; x_wconf 85' lang='lat' dir='ltr'><strong>Corinth.</strong></span> <span class='ocrx_word' id='word_1_202' title='bbox 514 2011 644 2043; x_wconf 83' lang='lat' dir='ltr'><strong>Eadem</strong></span> <span class='ocrx_word' id='word_1_203' title='bbox 660 2012 918 2053; x_wconf 87' lang='lat' dir='ltr'><strong>comparatione</strong></span> 
     </span>
     <span class='ocr_line' id='line_1_33' title="bbox 216 2060 918 2104; baseline 0.004 -13"><span class='ocrx_word' id='word_1_204' title='bbox 216 2069 298 2092; x_wconf 88' lang='lat' dir='ltr'><strong>usus</strong></span> <span class='ocrx_word' id='word_1_205' title='bbox 322 2060 488 2102; x_wconf 82' lang='lat' dir='ltr'><strong>Papinius</strong></span> <span class='ocrx_word' id='word_1_206' title='bbox 515 2062 638 2094; x_wconf 84' lang='lat' dir='ltr'><strong>Achill.</strong></span> <span class='ocrx_word' id='word_1_207' title='bbox 655 2071 682 2094; x_wconf 90' lang='lat'><strong>1.</strong></span> <span class='ocrx_word' id='word_1_208' title='bbox 704 2063 714 2080; x_wconf 89' lang='lat'>‘</span> <span class='ocrx_word' id='word_1_209' title='bbox 728 2063 795 2094; x_wconf 89' lang='lat' dir='ltr'><strong>Sed</strong></span> <span class='ocrx_word' id='word_1_210' title='bbox 815 2072 918 2104; x_wconf 82' lang='lat' dir='ltr'><strong>quan·</strong></span> 
     </span>
     <span class='ocr_line' id='line_1_34' title="bbox 216 2111 920 2153; baseline 0.003 -11"><span class='ocrx_word' id='word_1_211' title='bbox 216 2114 289 2142; x_wconf 86' lang='lat' dir='ltr'><strong>tum</strong></span> <span class='ocrx_word' id='word_1_212' title='bbox 313 2111 436 2152; x_wconf 83' lang='lat' dir='ltr'><strong>Pelagi</strong></span> <span class='ocrx_word' id='word_1_213' title='bbox 459 2112 575 2143; x_wconf 85' lang='lat' dir='ltr'><strong>venus</strong></span> <span class='ocrx_word' id='word_1_214' title='bbox 599 2112 717 2143; x_wconf 84' lang='lat' dir='ltr'><strong>addita</strong></span> <span class='ocrx_word' id='word_1_215' title='bbox 744 2112 920 2153; x_wconf 80' lang='lat' dir='ltr'><strong>Nymphas</strong></span> 
     </span>
     <span class='ocr_line' id='line_1_35' title="bbox 216 2160 922 2205; baseline 0.004 -13"><span class='ocrx_word' id='word_1_216' title='bbox 216 2160 358 2202; x_wconf 89' lang='lat' dir='ltr'><strong>Obruit,</strong></span> <span class='ocrx_word' id='word_1_217' title='bbox 381 2166 442 2194; x_wconf 90' lang='lat' dir='ltr'><strong>aut</strong></span> <span class='ocrx_word' id='word_1_218' title='bbox 463 2162 610 2194; x_wconf 87' lang='lat' dir='ltr'><strong>humeris</strong></span> <span class='ocrx_word' id='word_1_219' title='bbox 625 2168 788 2205; x_wconf 83' lang='lat' dir='ltr'><strong>quantum</strong></span> <span class='ocrx_word' id='word_1_220' title='bbox 810 2163 922 2195; x_wconf 77' lang='lat' dir='ltr'><strong>Diana</strong></span> 
     </span>
     <span class='ocr_line' id='line_1_36' title="bbox 215 2212 921 2254; baseline 0.004 -11"><span class='ocrx_word' id='word_1_221' title='bbox 215 2212 377 2254; x_wconf 81' lang='lat' dir='ltr'><strong>relinquit</strong></span> <span class='ocrx_word' id='word_1_222' title='bbox 401 2213 579 2246; x_wconf 73' lang='lat' dir='ltr'><strong>Naiadas.¹</strong></span> <span class='ocrx_word' id='word_1_223' title='bbox 631 2214 788 2246; x_wconf 81' lang='lat' dir='ltr'><strong>Ibidem:</strong></span> <span class='ocrx_word' id='word_1_224' title='bbox 811 2215 921 2246; x_wconf 86' lang='lat' dir='ltr'><strong>‘Tau-</strong></span> 
     </span>
     <span class='ocr_line' id='line_1_37' title="bbox 217 2264 919 2306; baseline 0.006 -13"><span class='ocrx_word' id='word_1_225' title='bbox 217 2268 359 2305; x_wconf 87' lang='lat' dir='ltr'><strong>tumque</strong></span> <span class='ocrx_word' id='word_1_226' title='bbox 376 2264 514 2296; x_wconf 83' lang='lat' dir='ltr'><strong>admota</strong></span> <span class='ocrx_word' id='word_1_227' title='bbox 525 2265 675 2306; x_wconf 85' lang='lat' dir='ltr'><strong>superbo</strong></span> <span class='ocrx_word' id='word_1_228' title='bbox 690 2265 848 2297; x_wconf 88' lang='lat' dir='ltr'><strong>Vincitur</strong></span> <span class='ocrx_word' id='word_1_229' title='bbox 863 2265 919 2297; x_wconf 82' lang='lat' dir='ltr'><strong>AE-</strong></span> 
     </span>
     <span class='ocr_line' id='line_1_38' title="bbox 220 2315 919 2358; baseline 0.006 -13"><span class='ocrx_word' id='word_1_230' title='bbox 220 2315 331 2354; x_wconf 78' lang='lat' dir='ltr'><strong>acide,</strong></span> <span class='ocrx_word' id='word_1_231' title='bbox 353 2321 521 2357; x_wconf 81' lang='lat' dir='ltr'><strong>quantum</strong></span> <span class='ocrx_word' id='word_1_232' title='bbox 534 2316 658 2357; x_wconf 88' lang='lat' dir='ltr'><strong>premit</strong></span> <span class='ocrx_word' id='word_1_233' title='bbox 673 2316 747 2358; x_wconf 88' lang='lat' dir='ltr'><strong>ipsa</strong></span> <span class='ocrx_word' id='word_1_234' title='bbox 762 2315 919 2349; x_wconf 64' lang='lat' dir='ltr'><strong>sorores!</strong></span> 
     </span>
    </p>

    <p class='ocr_par' dir='ltr' id='par_1_17' title="bbox 216 2366 925 2802">
     <span class='ocr_line' id='line_1_39' title="bbox 263 2366 920 2407; baseline 0.003 -11"><span class='ocrx_word' id='word_1_235' title='bbox 263 2368 325 2396; x_wconf 82' lang='lat'><strong>117</strong></span> <span class='ocrx_word' id='word_1_236' title='bbox 352 2366 503 2398; x_wconf 77' lang='lat' dir='ltr'><strong>Coeruleis</strong></span> <span class='ocrx_word' id='word_1_237' title='bbox 516 2376 634 2398; x_wconf 81' lang='lat' dir='ltr'><strong>mecum</strong></span> <span class='ocrx_word' id='word_1_238' title='bbox 649 2376 836 2407; x_wconf 79' lang='lat' dir='ltr'><strong>consurgere</strong></span> <span class='ocrx_word' id='word_1_239' title='bbox 849 2368 920 2407; x_wconf 75' lang='lat' dir='ltr'><strong>dig-</strong></span> 
     </span>
     <span class='ocr_line' id='line_1_40' title="bbox 220 2416 921 2460; baseline 0.004 -13"><span class='ocrx_word' id='word_1_240' title='bbox 220 2426 261 2447; x_wconf 84' lang='lat' dir='ltr'><strong>na</strong></span> <span class='ocrx_word' id='word_1_241' title='bbox 278 2416 453 2456; x_wconf 73' lang='lat' dir='ltr'><strong>fluctibus,</strong></span> <span class='ocrx_word' id='word_1_242' title='bbox 475 2421 506 2449; x_wconf 75' lang='lat' dir='ltr'><strong>et</strong></span> <span class='ocrx_word' id='word_1_243' title='bbox 520 2421 627 2450; x_wconf 78' lang='lat' dir='ltr'><strong>nostra</strong></span> <span class='ocrx_word' id='word_1_244' title='bbox 645 2417 750 2460; x_wconf 76' lang='lat' dir='ltr'><strong>potuit</strong></span> <span class='ocrx_word' id='word_1_245' title='bbox 764 2418 921 2450; x_wconf 77' lang='lat' dir='ltr'><strong>considere</strong></span> 
     </span>
     <span class='ocr_line' id='line_1_41' title="bbox 216 2467 920 2509; baseline 0 -11"><span class='ocrx_word' id='word_1_246' title='bbox 216 2467 345 2508; x_wconf 73' lang='lat' dir='ltr'><strong>eandm]</strong></span> <span class='ocrx_word' id='word_1_247' title='bbox 367 2468 523 2508; x_wconf 87' lang='lat' dir='ltr'><strong>Respicit</strong></span> <span class='ocrx_word' id='word_1_248' title='bbox 537 2468 702 2506; x_wconf 78' lang='lat' dir='ltr'><strong>fabulam,</strong></span> <span class='ocrx_word' id='word_1_249' title='bbox 719 2477 785 2509; x_wconf 83' lang='lat' dir='ltr'><strong>qna</strong></span> <span class='ocrx_word' id='word_1_250' title='bbox 802 2468 920 2500; x_wconf 74' lang='lat' dir='ltr'><strong>Venus</strong></span> 
     </span>
     <span class='ocr_line' id='line_1_42' title="bbox 219 2516 919 2550; baseline 0.003 -2"><span class='ocrx_word' id='word_1_251' title='bbox 219 2516 347 2549; x_wconf 81' lang='lat' dir='ltr'><strong>dicitur</strong></span> <span class='ocrx_word' id='word_1_252' title='bbox 371 2526 391 2548; x_wconf 84' lang='lat' dir='ltr'><strong>e</strong></span> <span class='ocrx_word' id='word_1_253' title='bbox 413 2517 498 2548; x_wconf 86' lang='lat' dir='ltr'><strong>mari</strong></span> <span class='ocrx_word' id='word_1_254' title='bbox 520 2519 701 2550; x_wconf 86' lang='lat' dir='ltr'><strong>emersisse</strong></span> <span class='ocrx_word' id='word_1_255' title='bbox 726 2518 760 2550; x_wconf 89' lang='lat' dir='ltr'><strong>in</strong></span> <span class='ocrx_word' id='word_1_256' title='bbox 781 2518 919 2550; x_wconf 82' lang='lat' dir='ltr'><strong>concha.</strong></span> 
     </span>
     <span class='ocr_line' id='line_1_43' title="bbox 220 2566 922 2609; baseline 0.003 -11"><span class='ocrx_word' id='word_1_257' title='bbox 220 2567 314 2599; x_wconf 85' lang='lat' dir='ltr'><strong>Hinc</strong></span> <span class='ocrx_word' id='word_1_258' title='bbox 331 2570 454 2599; x_wconf 81' lang='lat' dir='ltr'><strong>vocata</strong></span> <span class='ocrx_word' id='word_1_259' title='bbox 476 2566 678 2608; x_wconf 73' lang='grc' dir='ltr'><strong><em>ἆναδυομένη,</em></strong></span> <span class='ocrx_word' id='word_1_260' title='bbox 704 2570 922 2609; x_wconf 64' lang='lat' dir='ltr'><strong>unanimem,</strong></span> 
     </span>
     <span class='ocr_line' id='line_1_44' title="bbox 219 2619 920 2661; baseline 0.003 -12"><span class='ocrx_word' id='word_1_261' title='bbox 219 2619 254 2650; x_wconf 88' lang='lat' dir='ltr'><strong>id</strong></span> <span class='ocrx_word' id='word_1_262' title='bbox 272 2623 336 2659; x_wconf 89' lang='lat' dir='ltr'><strong>est,</strong></span> <span class='ocrx_word' id='word_1_263' title='bbox 350 2628 501 2659; x_wconf 71' lang='lat' dir='ltr'><strong>surgenS‚</strong></span> <span class='ocrx_word' id='word_1_264' title='bbox 516 2628 658 2661; x_wconf 86' lang='lat' dir='ltr'><strong>eamque</strong></span> <span class='ocrx_word' id='word_1_265' title='bbox 671 2620 720 2651; x_wconf 88' lang='lat' dir='ltr'><strong>sic</strong></span> <span class='ocrx_word' id='word_1_266' title='bbox 742 2620 853 2661; x_wconf 85' lang='lat' dir='ltr'><strong>pinxit</strong></span> <span class='ocrx_word' id='word_1_267' title='bbox 875 2619 920 2651; x_wconf 92' lang='grc' dir='ltr'><strong>Α-</strong></span> 
     </span>
     <span class='ocr_line' id='line_1_45' title="bbox 221 2667 922 2709; baseline 0.001 -10"><span class='ocrx_word' id='word_1_268' title='bbox 221 2669 343 2709; x_wconf 88' lang='lat' dir='ltr'><strong>pelles.</strong></span> <span class='ocrx_word' id='word_1_269' title='bbox 401 2667 494 2699; x_wconf 86' lang='lat' dir='ltr'><strong>Hinc</strong></span> <span class='ocrx_word' id='word_1_270' title='bbox 518 2668 623 2700; x_wconf 83' lang='lat' dir='ltr'><strong>etiam</strong></span> <span class='ocrx_word' id='word_1_271' title='bbox 649 2668 787 2700; x_wconf 83' lang='lat' dir='ltr'><strong>conchae</strong></span> <span class='ocrx_word' id='word_1_272' title='bbox 817 2678 922 2701; x_wconf 85' lang='lat' dir='ltr'><strong>sacrae</strong></span> 
     </span>
     <span class='ocr_line' id='line_1_46' title="bbox 219 2718 923 2756; baseline 0.003 -8"><span class='ocrx_word' id='word_1_273' title='bbox 219 2718 363 2756; x_wconf 81' lang='lat' dir='ltr'><strong>Veneri,</strong></span> <span class='ocrx_word' id='word_1_274' title='bbox 376 2722 413 2750; x_wconf 89' lang='lat' dir='ltr'><strong>et</strong></span> <span class='ocrx_word' id='word_1_275' title='bbox 431 2718 443 2737; x_wconf 86' lang='lat'><em>‘</em></span> <span class='ocrx_word' id='word_1_276' title='bbox 457 2718 625 2750; x_wconf 75' lang='lat' dir='ltr'><strong>Venereae</strong></span> <span class='ocrx_word' id='word_1_277' title='bbox 639 2718 648 2733; x_wconf 92' lang='lat'><em>’</em></span> <span class='ocrx_word' id='word_1_278' title='bbox 663 2719 834 2751; x_wconf 88' lang='lat' dir='ltr'><strong>dicuntur.</strong></span> <span class='ocrx_word' id='word_1_279' title='bbox 859 2719 923 2753; x_wconf 84' lang='lat' dir='ltr'><strong>Co-</strong></span> 
     </span>
     <span class='ocr_line' id='line_1_47' title="bbox 220 2767 925 2802; baseline -0.001 0"><span class='ocrx_word' id='word_1_280' title='bbox 220 2775 277 2802; x_wconf 81' lang='lat' dir='ltr'><strong>ma</strong></span> <span class='ocrx_word' id='word_1_281' title='bbox 300 2767 417 2800; x_wconf 83' lang='lat' dir='ltr'><strong>Earini</strong></span> <span class='ocrx_word' id='word_1_282' title='bbox 441 2767 485 2801; x_wconf 83' lang='lat' dir='ltr'><strong>de</strong></span> <span class='ocrx_word' id='word_1_283' title='bbox 508 2768 663 2802; x_wconf 82' lang='lat' dir='ltr'><strong>Venere:</strong></span> <span class='ocrx_word' id='word_1_284' title='bbox 686 2768 695 2786; x_wconf 93' lang='lat'>‘</span> <span class='ocrx_word' id='word_1_285' title='bbox 709 2769 792 2802; x_wconf 86' lang='lat' dir='ltr'><strong>Fors</strong></span> <span class='ocrx_word' id='word_1_286' title='bbox 816 2775 851 2802; x_wconf 87' lang='lat' dir='ltr'><strong>et</strong></span> <span class='ocrx_word' id='word_1_287' title='bbox 881 2768 925 2801; x_wconf 83' lang='lat' dir='ltr'><strong>de</strong></span> 
     </span>
    </p>
   </div>
   <div class='ocr_carea' id='block_1_13' title="bbox 969 1553 1682 2807">
    <p class='ocr_par' dir='ltr' id='par_1_18' title="bbox 970 1553 1675 1648">
     <span class='ocr_line' id='line_1_48' title="bbox 970 1553 1675 1597; baseline 0 -11"><span class='ocrx_word' id='word_1_288' title='bbox 970 1563 1086 1596; x_wconf 85' lang='lat' dir='ltr'><strong>puppe</strong></span> <span class='ocrx_word' id='word_1_289' title='bbox 1103 1554 1251 1587; x_wconf 81' lang='lat' dir='ltr'><strong>timenda</strong></span> <span class='ocrx_word' id='word_1_290' title='bbox 1266 1553 1479 1596; x_wconf 79' lang='lat' dir='ltr'><strong>Transferet,</strong></span> <span class='ocrx_word' id='word_1_291' title='bbox 1499 1554 1602 1597; x_wconf 85' lang='lat' dir='ltr'><strong>inque</strong></span> <span class='ocrx_word' id='word_1_292' title='bbox 1614 1564 1675 1586; x_wconf 76' lang='lat' dir='ltr'><strong>sua</strong></span> 
     </span>
     <span class='ocr_line' id='line_1_49' title="bbox 970 1604 1512 1648; baseline 0.002 -12"><span class='ocrx_word' id='word_1_293' title='bbox 970 1604 1076 1636; x_wconf 83' lang='lat' dir='ltr'><strong>ducet</strong></span> <span class='ocrx_word' id='word_1_294' title='bbox 1088 1615 1192 1646; x_wconf 78' lang='lat' dir='ltr'><strong>super</strong></span> <span class='ocrx_word' id='word_1_295' title='bbox 1206 1615 1343 1648; x_wconf 83' lang='lat' dir='ltr'><strong>aequora</strong></span> <span class='ocrx_word' id='word_1_296' title='bbox 1359 1605 1512 1640; x_wconf 59' lang='lat' dir='ltr'><strong>concha!</strong></span> 
     </span>
    </p>

    <p class='ocr_par' dir='ltr' id='par_1_19' title="bbox 969 1656 1677 1748">
     <span class='ocr_line' id='line_1_50' title="bbox 1015 1656 1677 1698; baseline 0.002 -11"><span class='ocrx_word' id='word_1_297' title='bbox 1015 1659 1078 1688; x_wconf 86' lang='lat'><strong>119</strong></span> <span class='ocrx_word' id='word_1_298' title='bbox 1104 1656 1327 1695; x_wconf 63' lang='lat' dir='ltr'><strong>Flammifera</strong></span> <span class='ocrx_word' id='word_1_299' title='bbox 1341 1657 1443 1698; x_wconf 78' lang='lat' dir='ltr'><strong>sedes]</strong></span> <span class='ocrx_word' id='word_1_300' title='bbox 1467 1657 1578 1689; x_wconf 81' lang='lat' dir='ltr'><strong>Coelos</strong></span> <span class='ocrx_word' id='word_1_301' title='bbox 1593 1657 1677 1689; x_wconf 85' lang='lat' dir='ltr'><strong>stel-</strong></span> 
     </span>
     <span class='ocr_line' id='line_1_51' title="bbox 969 1706 1244 1748; baseline 0.007 -10"><span class='ocrx_word' id='word_1_302' title='bbox 969 1706 1012 1738; x_wconf 92' lang='lat' dir='ltr'><strong>lis</strong></span> <span class='ocrx_word' id='word_1_303' title='bbox 1028 1717 1244 1748; x_wconf 83' lang='lat' dir='ltr'><strong>conspersos.</strong></span> 
     </span>
    </p>

    <p class='ocr_par' dir='ltr' id='par_1_20' title="bbox 971 1757 1681 2396">
     <span class='ocr_line' id='line_1_52' title="bbox 1013 1757 1676 1799; baseline -0.002 -9"><span class='ocrx_word' id='word_1_304' title='bbox 1013 1760 1076 1790; x_wconf 82' lang='lat'><strong>120</strong></span> <span class='ocrx_word' id='word_1_305' title='bbox 1099 1757 1188 1798; x_wconf 84' lang='lat' dir='ltr'><strong>Has]</strong></span> <span class='ocrx_word' id='word_1_306' title='bbox 1227 1759 1406 1790; x_wconf 73' lang='grc' dir='ltr'>Δεικτικῶς.</span> <span class='ocrx_word' id='word_1_307' title='bbox 1448 1758 1580 1799; x_wconf 86' lang='lat' dir='ltr'><strong>Supple</strong></span> <span class='ocrx_word' id='word_1_308' title='bbox 1610 1768 1676 1790; x_wconf 83' lang='lat' dir='ltr'><strong>coe·</strong></span> 
     </span>
     <span class='ocr_line' id='line_1_53' title="bbox 971 1808 1677 1849; baseline 0.001 -10"><span class='ocrx_word' id='word_1_309' title='bbox 971 1808 1052 1839; x_wconf 87' lang='lat' dir='ltr'><strong>lum.</strong></span> <span class='ocrx_word' id='word_1_310' title='bbox 1094 1808 1164 1849; x_wconf 81' lang='lat' dir='ltr'><strong>Ipsi</strong></span> <span class='ocrx_word' id='word_1_311' title='bbox 1191 1808 1514 1849; x_wconf 74' lang='lat' dir='ltr'><strong>erraretis,Amores]</strong></span> <span class='ocrx_word' id='word_1_312' title='bbox 1545 1808 1587 1840; x_wconf 88' lang='lat' dir='ltr'><strong>Id</strong></span> <span class='ocrx_word' id='word_1_313' title='bbox 1613 1814 1677 1847; x_wconf 82' lang='lat' dir='ltr'><strong>est,</strong></span> 
     </span>
     <span class='ocr_line' id='line_1_54' title="bbox 971 1858 1677 1900; baseline 0.001 -11"><span class='ocrx_word' id='word_1_314' title='bbox 971 1858 1208 1890; x_wconf 82' lang='lat' dir='ltr'><strong>Violantillam</strong></span> <span class='ocrx_word' id='word_1_315' title='bbox 1234 1868 1254 1889; x_wconf 84' lang='lat' dir='ltr'><strong>a</strong></span> <span class='ocrx_word' id='word_1_316' title='bbox 1286 1864 1396 1890; x_wconf 84' lang='lat' dir='ltr'><strong>matre</strong></span> <span class='ocrx_word' id='word_1_317' title='bbox 1430 1868 1498 1890; x_wconf 90' lang='lat' dir='ltr'><strong>non</strong></span> <span class='ocrx_word' id='word_1_318' title='bbox 1529 1860 1677 1900; x_wconf 86' lang='lat' dir='ltr'><strong>possetis</strong></span> 
     </span>
     <span class='ocr_line' id='line_1_55' title="bbox 973 1908 1679 1950; baseline 0.001 -11"><span class='ocrx_word' id='word_1_319' title='bbox 973 1908 1186 1950; x_wconf 83' lang='lat' dir='ltr'><strong>distinguere</strong></span> <span class='ocrx_word' id='word_1_320' title='bbox 1203 1909 1246 1941; x_wconf 91' lang='lat' dir='ltr'><strong>ob</strong></span> <span class='ocrx_word' id='word_1_321' title='bbox 1262 1908 1379 1940; x_wconf 78' lang='lat' dir='ltr'><strong>formae</strong></span> <span class='ocrx_word' id='word_1_322' title='bbox 1401 1919 1441 1940; x_wconf 82' lang='lat' dir='ltr'><strong>ac</strong></span> <span class='ocrx_word' id='word_1_323' title='bbox 1455 1909 1679 1950; x_wconf 86' lang='lat' dir='ltr'><strong>pulchritudi-</strong></span> 
     </span>
     <span class='ocr_line' id='line_1_56' title="bbox 973 1958 1677 2000; baseline 0.001 -10"><span class='ocrx_word' id='word_1_324' title='bbox 973 1959 1026 1990; x_wconf 85' lang='lat' dir='ltr'><strong>nis</strong></span> <span class='ocrx_word' id='word_1_325' title='bbox 1043 1958 1288 2000; x_wconf 76' lang='lat' dir='ltr'><strong>aeqnalitatem.</strong></span> <span class='ocrx_word' id='word_1_326' title='bbox 1317 1959 1482 2000; x_wconf 79' lang='lat' dir='ltr'><strong>Ejusdem</strong></span> <span class='ocrx_word' id='word_1_327' title='bbox 1493 1961 1677 1991; x_wconf 68' lang='lat' dir='ltr'><strong>sententiae</strong></span> 
     </span>
     <span class='ocr_line' id='line_1_57' title="bbox 974 2009 1678 2051; baseline 0.001 -11"><span class='ocrx_word' id='word_1_328' title='bbox 974 2015 1028 2040; x_wconf 85' lang='lat' dir='ltr'><strong>est</strong></span> <span class='ocrx_word' id='word_1_329' title='bbox 1043 2010 1171 2041; x_wconf 80' lang='lat' dir='ltr'><strong>veteris</strong></span> <span class='ocrx_word' id='word_1_330' title='bbox 1183 2009 1332 2042; x_wconf 80' lang='lat' dir='ltr'><strong>auctoris</strong></span> <span class='ocrx_word' id='word_1_331' title='bbox 1343 2010 1554 2050; x_wconf 79' lang='lat' dir='ltr'><strong>epigramma</strong></span> <span class='ocrx_word' id='word_1_332' title='bbox 1569 2010 1602 2041; x_wconf 90' lang='lat' dir='ltr'><strong>iu</strong></span> <span class='ocrx_word' id='word_1_333' title='bbox 1616 2020 1678 2051; x_wconf 89' lang='lat' dir='ltr'><strong>pu-</strong></span> 
     </span>
     <span class='ocr_line' id='line_1_58' title="bbox 973 2059 1679 2101; baseline 0.003 -11"><span class='ocrx_word' id='word_1_334' title='bbox 973 2059 1076 2091; x_wconf 86' lang='lat' dir='ltr'><strong>ellam</strong></span> <span class='ocrx_word' id='word_1_335' title='bbox 1092 2059 1294 2092; x_wconf 81' lang='lat' dir='ltr'><strong>formosam:</strong></span> <span class='ocrx_word' id='word_1_336' title='bbox 1318 2061 1329 2079; x_wconf 81' lang='lat'><strong><em>⁴</em></strong></span> <span class='ocrx_word' id='word_1_337' title='bbox 1343 2060 1435 2094; x_wconf 85' lang='lat' dir='ltr'><strong>Quid</strong></span> <span class='ocrx_word' id='word_1_338' title='bbox 1458 2065 1598 2101; x_wconf 80' lang='lat' dir='ltr'><strong>gustum</strong></span> <span class='ocrx_word' id='word_1_339' title='bbox 1614 2070 1679 2092; x_wconf 83' lang='lat' dir='ltr'><strong>cae·</strong></span> 
     </span>
     <span class='ocr_line' id='line_1_59' title="bbox 974 2109 1678 2151; baseline 0.006 -11"><span class='ocrx_word' id='word_1_340' title='bbox 974 2109 1026 2141; x_wconf 87' lang='lat' dir='ltr'><strong>dit</strong></span> <span class='ocrx_word' id='word_1_341' title='bbox 1047 2110 1189 2142; x_wconf 80' lang='lat' dir='ltr'><strong>Venus?</strong></span> <span class='ocrx_word' id='word_1_342' title='bbox 1212 2120 1327 2142; x_wconf 86' lang='lat' dir='ltr'><strong>arcum</strong></span> <span class='ocrx_word' id='word_1_343' title='bbox 1349 2111 1511 2151; x_wconf 78' lang='lat' dir='ltr'><strong>perdidit.</strong></span> <span class='ocrx_word' id='word_1_344' title='bbox 1549 2111 1678 2144; x_wconf 88' lang='lat' dir='ltr'><strong>Arcum</strong></span> 
     </span>
     <span class='ocr_line' id='line_1_60' title="bbox 975 2159 1678 2200; baseline 0.004 -8"><span class='ocrx_word' id='word_1_345' title='bbox 975 2159 1060 2192; x_wconf 84' lang='lat' dir='ltr'><strong>Quis</strong></span> <span class='ocrx_word' id='word_1_346' title='bbox 1074 2160 1214 2200; x_wconf 84' lang='lat' dir='ltr'><strong>rapuit?</strong></span> <span class='ocrx_word' id='word_1_347' title='bbox 1233 2160 1367 2192; x_wconf 83' lang='lat' dir='ltr'><strong>Thusco</strong></span> <span class='ocrx_word' id='word_1_348' title='bbox 1377 2161 1492 2192; x_wconf 82' lang='lat' dir='ltr'><strong>Flavia</strong></span> <span class='ocrx_word' id='word_1_349' title='bbox 1503 2166 1584 2193; x_wconf 83' lang='lat' dir='ltr'><strong>nata</strong></span> <span class='ocrx_word' id='word_1_350' title='bbox 1595 2163 1678 2195; x_wconf 86' lang='lat' dir='ltr'><strong>solo.</strong></span> 
     </span>
     <span class='ocr_line' id='line_1_61' title="bbox 976 2209 1678 2252; baseline 0.004 -9"><span class='ocrx_word' id='word_1_351' title='bbox 976 2210 1043 2243; x_wconf 82' lang='lat' dir='ltr'><strong>Qui</strong></span> <span class='ocrx_word' id='word_1_352' title='bbox 1071 2209 1223 2242; x_wconf 81' lang='lat' dir='ltr'><strong>factum?</strong></span> <span class='ocrx_word' id='word_1_353' title='bbox 1258 2211 1348 2251; x_wconf 88' lang='lat' dir='ltr'><strong>petit</strong></span> <span class='ocrx_word' id='word_1_354' title='bbox 1373 2211 1460 2252; x_wconf 82' lang='lat' dir='ltr'><strong>haec,</strong></span> <span class='ocrx_word' id='word_1_355' title='bbox 1486 2212 1584 2245; x_wconf 88' lang='lat' dir='ltr'><strong>dedit</strong></span> <span class='ocrx_word' id='word_1_356' title='bbox 1604 2213 1678 2246; x_wconf 81' lang='lat' dir='ltr'><strong>hic:</strong></span> 
     </span>
     <span class='ocr_line' id='line_1_62' title="bbox 973 2259 1681 2303; baseline 0.004 -11"><span class='ocrx_word' id='word_1_357' title='bbox 973 2269 1051 2292; x_wconf 88' lang='lat' dir='ltr'><strong>nam</strong></span> <span class='ocrx_word' id='word_1_358' title='bbox 1068 2260 1196 2292; x_wconf 88' lang='lat' dir='ltr'><strong>lumine</strong></span> <span class='ocrx_word' id='word_1_359' title='bbox 1220 2259 1340 2293; x_wconf 83' lang='lat' dir='ltr'><strong>formae</strong></span> <span class='ocrx_word' id='word_1_360' title='bbox 1366 2262 1558 2303; x_wconf 78' lang='lat' dir='ltr'><strong>Deceptus,</strong></span> <span class='ocrx_word' id='word_1_361' title='bbox 1578 2265 1681 2295; x_wconf 84' lang='lat' dir='ltr'><strong>matri</strong></span> 
     </span>
     <span class='ocr_line' id='line_1_63' title="bbox 974 2311 1679 2355; baseline 0.004 -13"><span class='ocrx_word' id='word_1_362' title='bbox 974 2320 1011 2343; x_wconf 86' lang='lat' dir='ltr'><strong>se</strong></span> <span class='ocrx_word' id='word_1_363' title='bbox 1034 2311 1116 2343; x_wconf 81' lang='lat' dir='ltr'><strong>dare</strong></span> <span class='ocrx_word' id='word_1_364' title='bbox 1140 2311 1363 2344; x_wconf 59' lang='lat' dir='ltr'><strong>crediderat?</strong></span> <span class='ocrx_word' id='word_1_365' title='bbox 1406 2311 1552 2353; x_wconf 71' lang='lat' dir='ltr'><strong>Amores]</strong></span> <span class='ocrx_word' id='word_1_366' title='bbox 1576 2313 1679 2355; x_wconf 89' lang='lat' dir='ltr'><strong>Cupi-</strong></span> 
     </span>
     <span class='ocr_line' id='line_1_64' title="bbox 974 2362 1084 2396; baseline 0.018 -2"><span class='ocrx_word' id='word_1_367' title='bbox 974 2362 1084 2396; x_wconf 86' lang='lat' dir='ltr'><strong>dines.</strong></span> 
     </span>
    </p>

    <p class='ocr_par' dir='ltr' id='par_1_21' title="bbox 972 2412 1682 2807">
     <span class='ocr_line' id='line_1_65' title="bbox 1018 2412 1680 2454; baseline 0.005 -9"><span class='ocrx_word' id='word_1_368' title='bbox 1018 2416 1081 2445; x_wconf 85' lang='lat'><strong>122</strong></span> <span class='ocrx_word' id='word_1_369' title='bbox 1109 2412 1216 2445; x_wconf 77' lang='lat' dir='ltr'><strong>Vincit</strong></span> <span class='ocrx_word' id='word_1_370' title='bbox 1238 2421 1310 2453; x_wconf 77' lang='lat' dir='ltr'><strong>opes</strong></span> <span class='ocrx_word' id='word_1_371' title='bbox 1335 2412 1455 2454; x_wconf 76' lang='lat' dir='ltr'><strong>animo]</strong></span> <span class='ocrx_word' id='word_1_372' title='bbox 1476 2412 1622 2447; x_wconf 79' lang='lat' dir='ltr'><strong>Animus</strong></span> <span class='ocrx_word' id='word_1_373' title='bbox 1643 2421 1680 2449; x_wconf 87' lang='lat' dir='ltr'><strong>et</strong></span> 
     </span>
     <span class='ocr_line' id='line_1_66' title="bbox 974 2463 1680 2506; baseline 0.006 -10"><span class='ocrx_word' id='word_1_374' title='bbox 974 2473 1058 2506; x_wconf 86' lang='lat' dir='ltr'><strong>opes</strong></span> <span class='ocrx_word' id='word_1_375' title='bbox 1072 2473 1139 2496; x_wconf 88' lang='lat' dir='ltr'><strong>non</strong></span> <span class='ocrx_word' id='word_1_376' title='bbox 1161 2463 1267 2494; x_wconf 82' lang='lat' dir='ltr'><strong>semel</strong></span> <span class='ocrx_word' id='word_1_377' title='bbox 1276 2463 1402 2503; x_wconf 84' lang='lat' dir='ltr'><strong>juncta</strong></span> <span class='ocrx_word' id='word_1_378' title='bbox 1414 2473 1434 2495; x_wconf 80' lang='lat' dir='ltr'>a</span> <span class='ocrx_word' id='word_1_379' title='bbox 1449 2463 1607 2506; x_wconf 82' lang='lat' dir='ltr'><strong>Papinio.</strong></span> <span class='ocrx_word' id='word_1_380' title='bbox 1622 2476 1680 2500; x_wconf 82' lang='lat'>1¹1.</span> 
     </span>
     <span class='ocr_line' id='line_1_67' title="bbox 972 2513 1681 2556; baseline 0.004 -9"><span class='ocrx_word' id='word_1_381' title='bbox 972 2515 1164 2556; x_wconf 74' lang='lat' dir='ltr'><strong>Syhrarum,</strong></span> <span class='ocrx_word' id='word_1_382' title='bbox 1196 2513 1292 2544; x_wconf 90' lang='lat' dir='ltr'><strong>Surr.</strong></span> <span class='ocrx_word' id='word_1_383' title='bbox 1327 2514 1503 2548; x_wconf 86' lang='lat' dir='ltr'><strong>Hercule:</strong></span> <span class='ocrx_word' id='word_1_384' title='bbox 1535 2517 1545 2534; x_wconf 93' lang='lat'><em>‘</em></span> <span class='ocrx_word' id='word_1_385' title='bbox 1560 2517 1681 2550; x_wconf 82' lang='lat' dir='ltr'><strong>Macte</strong></span> 
     </span>
     <span class='ocr_line' id='line_1_68' title="bbox 976 2563 1680 2608; baseline 0 -10"><span class='ocrx_word' id='word_1_386' title='bbox 976 2565 1096 2599; x_wconf 87' lang='lat' dir='ltr'><strong>animis</strong></span> <span class='ocrx_word' id='word_1_387' title='bbox 1112 2563 1326 2605; x_wconf 66' lang='lat' dir='ltr'><strong>opibusque!</strong></span> <span class='ocrx_word' id='word_1_388' title='bbox 1371 2564 1440 2596; x_wconf 89' lang='lat' dir='ltr'><strong>Hic</strong></span> <span class='ocrx_word' id='word_1_389' title='bbox 1455 2566 1571 2606; x_wconf 82' lang='lat' dir='ltr'><strong>arguit</strong></span> <span class='ocrx_word' id='word_1_390' title='bbox 1587 2577 1680 2608; x_wconf 80' lang='lat' dir='ltr'><strong>mag·</strong></span> 
     </span>
     <span class='ocr_line' id='line_1_69' title="bbox 973 2614 1679 2654; baseline 0.001 -6"><span class='ocrx_word' id='word_1_391' title='bbox 973 2615 1186 2650; x_wconf 79' lang='lat' dir='ltr'><strong>nificentiam</strong></span> <span class='ocrx_word' id='word_1_392' title='bbox 1211 2619 1246 2645; x_wconf 87' lang='lat' dir='ltr'><strong>et</strong></span> <span class='ocrx_word' id='word_1_393' title='bbox 1271 2614 1542 2654; x_wconf 80' lang='lat' dir='ltr'><strong>magnitudinem</strong></span> <span class='ocrx_word' id='word_1_394' title='bbox 1577 2617 1679 2649; x_wconf 79' lang='lat' dir='ltr'><strong>animi</strong></span> 
     </span>
     <span class='ocr_line' id='line_1_70' title="bbox 975 2663 1681 2708; baseline 0.001 -10"><span class='ocrx_word' id='word_1_395' title='bbox 975 2666 1201 2700; x_wconf 75' lang='lat' dir='ltr'><strong>Violantillae.</strong></span> <span class='ocrx_word' id='word_1_396' title='bbox 1264 2663 1378 2705; x_wconf 74' lang='lat' dir='ltr'><strong>Seras]</strong></span> <span class='ocrx_word' id='word_1_397' title='bbox 1421 2664 1523 2697; x_wconf 84' lang='lat' dir='ltr'><strong>Seres</strong></span> <span class='ocrx_word' id='word_1_398' title='bbox 1563 2668 1681 2708; x_wconf 85' lang='lat' dir='ltr'><strong>populi</strong></span> 
     </span>
     <span class='ocr_line' id='line_1_71' title="bbox 976 2715 1682 2759; baseline 0.001 -9"><span class='ocrx_word' id='word_1_399' title='bbox 976 2717 1130 2759; x_wconf 82' lang='lat' dir='ltr'><strong>Scythiae</strong></span> <span class='ocrx_word' id='word_1_400' title='bbox 1159 2715 1332 2748; x_wconf 76' lang='lat' dir='ltr'><strong>Asiaticae.</strong></span> <span class='ocrx_word' id='word_1_401' title='bbox 1375 2715 1464 2748; x_wconf 90' lang='lat' dir='ltr'><strong>Sunt</strong></span> <span class='ocrx_word' id='word_1_402' title='bbox 1481 2717 1537 2759; x_wconf 91' lang='lat' dir='ltr'><strong>qui</strong></span> <span class='ocrx_word' id='word_1_403' title='bbox 1561 2718 1682 2751; x_wconf 83' lang='lat' dir='ltr'><strong>dicunt</strong></span> 
     </span>
     <span class='ocr_line' id='line_1_72' title="bbox 976 2766 1394 2807; baseline -0.007 -5"><span class='ocrx_word' id='word_1_404' title='bbox 976 2769 1078 2802; x_wconf 81' lang='lat' dir='ltr'><strong>hodie</strong></span> <span class='ocrx_word' id='word_1_405' title='bbox 1095 2768 1212 2802; x_wconf 85' lang='lat' dir='ltr'><strong>vocari</strong></span> <span class='ocrx_word' id='word_1_406' title='bbox 1227 2766 1394 2807; x_wconf 69' lang='lat' dir='ltr'><strong>Kathnjoc.</strong></span> 
     </span>
    </p>
   </div>
  </div>
 </body>
</html>
