1800 3060
638 147 703 180 DE
736 145 941 179 PAPnno
971 143 1164 177 STATIO.
1562 134 1620 178 ὦ

175 252 275 301 dos,
302 247 380 304 qui
397 244 522 289 libris
540 243 588 288 in
605 242 721 299 ipsis
740 240 935 284 Poetica
960 240 1070 295 lege,
1090 239 1147 281 de
1167 239 1339 293 magnis
1358 240 1528 295 majora
1547 255 1621 285 ca-

175 322 296 370 nunt,
309 317 390 359 διο.

287 404 525 448 Ordericus
537 401 706 445 vitalis
721 399 892 442 Histor.
913 397 1089 440 Eccles.
1108 397 1185 439 lib.
1206 407 1280 438 111.
1299 397 1344 439 in
1362 396 1508 440 finem.

231 483 397 534 Gnido,
427 481 598 524 Praesul
636 477 964 528 AmbianensiS,
998 476 1227 519 metricum
1258 489 1434 518 carmen
1466 476 1621 527 edidit,

176 565 266 608 quo
285 551 515 594 Maronem
533 554 579 591 et
599 547 852 603 Papinium,
881 552 1008 599 gesta
1037 544 1238 588 Heroum
1258 549 1506 600 pangentes
1525 544 1623 586 imi-

176 623 314 669 tatus,
330 617 578 660 Senliacum
597 615 765 657 bellum
783 612 1038 667 descripsit.

175 705 347 749 Auctor
363 705 417 748 de
437 705 689 760 Disciplina
708 703 995 753 Scholarium,
1009 714 1113 755 cap.
1134 700 1175 742 1.
1192 699 1409 742 Boethius
1429 699 1622 755 quidam.

231 784 416 826 Senecae
443 783 641 834 traditio,
671 782 839 824 Lucani
868 780 1132 834 inexpletio,
1162 778 1340 833 Virgilii
1371 778 1624 834 prolixitaS,

177 856 223 894 et
242 851 373 894 Statii
392 849 635 892 Urbanitas
654 852 756 892 sunt
774 847 1042 903 indaganda.

272 949 422 993 Guido
439 948 749 991 Adduanensis
768 949 813 990 in
829 947 1038 990 Historia
1058 947 1320 997 Palaestina,
1341 959 1442 1001 cap.
1464 945 1534 987 12.

235 1025 349 1069 Cum
368 1027 511 1068 nuntii
531 1026 701 1068 Salutis
731 1026 979 1076 adveniant,
1009 1025 1188 1068 sinistra
1209 1026 1459 1079 praenuntia
1480 1027 1492 1045 ‘
1514 1023 1626 1065 Pes-

181 1095 319 1138 simus
336 1095 384 1136 in
403 1094 549 1136 dubiis
568 1107 706 1148 augur
724 1093 881 1136 timor?
938 1092 1101 1147 Papin.
1122 1092 1246 1133 initio
1261 1092 1360 1133 libri
1379 1091 1495 1133 tertii
1509 1091 1627 1132 The-

179 1162 350 1204 baidos.

336 1250 367 1292 J
369 1263 495 1292 oann.
517 1249 859 1292 Saresberiensis
880 1249 1096 1292 Policrat.
1117 1248 1196 1291 lib.
1220 1259 1254 1290 1.
1275 1260 1377 1302 cap.
1402 1247 1466 1290 13.

238 1331 457 1373 Potuerat
486 1329 605 1384 apud
638 1329 828 1371 Statium
858 1329 1080 1385 praesagio
1109 1328 1340 1370 volucrum
1372 1326 1628 1369 Graecorum

185 1397 402 1440 exercitus
421 1396 666 1439 confortari.

532 1484 662 1527 Idem
683 1484 899 1539 Metalog.
918 1485 995 1527 lib.
1019 1496 1096 1526 111.
1118 1496 1218 1538 cap.
1233 1484 1277 1525 1.

241 1563 484 1618 Polynices
504 1564 560 1605 ab
582 1562 778 1605 Adrasto
799 1577 937 1618 genus
966 1564 1276 1616 interrogatus,
1296 1562 1360 1602 ait
1387 1560 1631 1615 Utrumque

185 1630 515 1685 complectens:
560 1632 575 1651 ‘
608 1629 804 1672 Cadmus
842 1630 964 1685 origo
1002 1634 1190 1684 patrum,
1227 1628 1365 1670 tellus
1406 1627 1631 1670 Mavortia

187 1696 382 1740 Thebas?
399 1696 539 1738 Theb.
559 1707 593 1739 1.
611 1696 711 1739 680.

184 1784 357 1827 Auctor
375 1782 581 1825 chronici
602 1783 999 1834 Laurishamensis,
1013 1795 1041 1825 a
1057 1782 1122 1824 M.
1141 1782 1330 1824 Frebero
1342 1781 1484 1824 editus
1501 1796 1544 1836 p.
1558 1781 1631 1823 92.

241 1862 349 1916 Ipse
370 1874 546 1916 quoque
566 1861 801 1903 Palatinus
823 1860 971 1902 Rheni
999 1860 1176 1912 Comes,
1194 1861 1328 1902 frater
1348 1846 1634 1914 Imperatoris

185 1929 382 1972 Gonradi
401 1929 655 1983 praesentia,
682 1928 879 1982 ejusdem
909 1927 1129 1970 Ecclesiae
1160 1927 1419 1978 advocatuS‚
1440 1926 1634 1969 divinam

188 1996 611 2039 animadversionem
632 1996 768 2037 sensit
788 2001 834 2038 et
852 1998 1063 2050 expertus
1080 1998 1172 2037 est:

356 2063 594 2105 Fraternas
612 2063 750 2114 acies,
772 2067 1048 2118 cognataque
1067 2076 1205 2117 regna
1225 2063 1425 2118 profanis

358 2130 604 2172 Decertata
626 2130 757 2172 odiis.

593 2217 830 2260 Gerbertus
850 2217 996 2272 Epist.
1018 2227 1239 2259 cxxxiv.

245 2295 295 2337 Si
313 2306 417 2348 ergo
446 2296 491 2335 te
525 2307 631 2336 cura
659 2298 874 2337 tantarum
905 2296 1064 2338 retinet
1083 2308 1240 2346 rerum,
1260 2294 1464 2335 volumen
1484 2291 1639 2335 Achil-

187 2362 332 2404 leidos
346 2361 477 2404 Statii
493 2361 726 2416 diligenter
741 2363 1034 2418 compositum
1051 2363 1182 2405 nobis
1202 2361 1353 2415 dirige.

190 2426 196 2431 .
621 2450 748 2492 Idem
769 2451 960 2506 Epistol.
978 2461 1196 2515 cxnvui.

246 2526 502 2581 Praegravat
520 2526 703 2570 affectus
721 2533 840 2581 tuus,
861 2529 1163 2572 amantissime
1182 2527 1330 2577 frater,
1347 2538 1462 2580 opus
1486 2524 1640 2567 Achil-

188 2592 349 2644 leidoS,
370 2594 491 2648 quod
509 2595 619 2636 bene
646 2596 826 2651 quidem
860 2596 1082 2652 incepisti,
1109 2595 1189 2638 sed
1211 2594 1411 2637 defecisti
1433 2592 1538 2634 dum
1560 2606 1640 2635 ex-

191 2661 357 2714 emplar
375 2661 551 2703 defecit.

244 2735 358 2778 Daph.
374 2740 405 2769 et
424 2738 498 2771 ναν.
509 2739 592 2770 ctas.
873 2738 958 2769 scae.
1526 2736 1555 2768 c
