1800 3060
197 195 284 238 348
699 208 739 238 P.
773 208 964 239 ΡΛΡιΝη
999 209 1164 240 s'rA'ru

196 302 524 358 Immanemque
546 302 656 353 suis,
677 307 727 346 ut
747 303 824 358 qui
846 305 1080 347 metuenda
1099 305 1294 348 ferarum

196 370 347 413 Corda
365 371 565 421 domant,
587 384 845 425 mersasque
858 372 1015 426 jubent
1038 372 1132 427 jam
1154 374 1366 427 sanguine
1387 378 1508 418 tacto

225 439 407 480 Reddere
430 439 486 480 ab
509 452 584 480 ore
603 452 778 490 manuS,
800 444 847 481 et
865 440 1158 482 nullavivere
1179 442 1349 495 praeda.
1599 445 1658 486 75

197 506 463 561 l’raecipuos
485 507 566 548 sed
587 508 702 548 enim
723 508 875 550 merito
894 509 1106 551 subvexit
1124 509 1170 550 in
1190 515 1320 552 actus

198 573 410 616 Nondum
429 574 702 628 stelligerum
724 576 874 618 senior
894 576 1110 619 dimissus
1130 578 1175 619 in
1195 591 1328 620 axem

196 641 428 693 Claudius,
449 646 492 684 et
510 643 644 697 longo
664 645 913 687 transmisit
932 644 1095 688 habere
1116 646 1300 688 Neroni.

195 763 334 801 aspectu,
346 770 383 792 ac
397 761 552 792 crudelem
566 770 643 800 erga
656 770 738 800 suos,
755 764 791 793 ut
807 761 860 802 qui
874 761 1023 803 subigant
1036 763 1256 802 formidabiles
1265 763 1370 802 seras,
1383 766 1414 795 et
1428 763 1492 796 illis
1505 763 1659 805 imperant

195 804 354 835 dimittere
368 813 476 834 manus
483 804 617 835 insertas
621 804 783 843 saucibus,
789 805 859 843 J'am
867 809 996 845 gustato
1007 816 1124 846 cruore,
1139 810 1170 838 et
1179 807 1281 839 vivere
1295 807 1381 838 nulla
1390 807 1513 848 rapina.
1537 807 1660 840 Deinde

195 847 354 886 longoevua
371 847 523 878 Claudius
538 848 672 878 nondum
687 848 815 879 emissus
829 848 865 879 in
879 849 1060 887 astriferum
1071 848 1272 888 coelum,jure
1287 853 1319 882 te
1332 850 1436 882 evexit
1450 852 1491 882 ad
1499 851 1665 891 proecipua‘

196 900 336 931 munera,
350 892 381 922 et
396 893 426 921 te
448 891 574 932 reliquit
590 891 645 921 diu
659 890 831 923 habendum
845 901 899 923 suo
915 892 1029 933 nepoti.
1077 893 1157 929 Quis
1171 892 1315 924 minister
1329 892 1528 935 Super-orum,
1541 894 1660 925 dicitur

812 981 1050 994 mmm

191 1043 402 1084 putam—76
423 1041 541 1073 Parm.
557 1042 699 1074 Venett.
714 1042 856 1075 VIcent.
881 1042 987 1075 Aldd.
1013 1042 1125 1075 Colin.
1155 1043 1290 1085 Gryph.
1318 1042 1426 1075 Basil.
1454 1043 1570 1075 Plant.
1593 1046 1658 1077 ὅτε.

194 1085 335 1117 surrexit
347 1085 381 1117 in
395 1087 508 1123 actum
531 1085 629 1116 Rom.
644 1086 784 1117 surrexit
800 1087 832 1117 in
848 1095 939 1117 arcus
947 1097 960 1124 ;
983 1091 1054 1118 vet.
1064 1085 1304 1128 Lindenbrogii
1316 1097 1327 1118 t
1343 1087 1483 1118 surrexit
1494 1087 1529 1119 in
1538 1091 1662 1126 arctus,-

195 1129 337 1167 Gevart.
364 1128 520 1160 Grasser.
546 1127 694 1160 Amstel.
722 1129 877 1162 Gronov.
904 1131 970 1161 &c.
996 1129 1138 1161 subrexit
1164 1130 1198 1161 in
1222 1132 1329 1167 actm
1351 1139 1451 1172 quam
1475 1129 1660 1163 lectionem

194 1171 354 1204 defendit
371 1171 563 1203 Gronovius
579 1171 694 1203 Diatr.
710 1182 787 1212 cap.
804 1175 858 1204 38.
903 1172 1068 1204 Heinsius
1084 1182 1163 1204 vero
1178 1173 1220 1204 ad
1238 1172 1361 1204 Claud.
1390 1173 1542 1214 Epithal.
1569 1174 1660 1206 Pau.

194 1219 232 1247 et
247 1215 360 1246 Celer.
377 1217 430 1247 83.
447 1214 552 1255 legit:
576 1215 722 1246 subvexit
737 1216 769 1246 in
784 1218 894 1253 adas,-
917 1215 1007 1257 quod
1022 1216 1055 1247 in
1073 1220 1204 1247 textum
1227 1215 1360 1256 recepit
1372 1215 1659 1248 Marklandns.—

193 1261 235 1290 77
258 1258 347 1290 Edd.
362 1263 448 1290 vett.
463 1259 633 1295 demissus5
649 1258 841 1290 Gronovius
853 1259 996 1291 Elench.
1010 1258 1200 1291 Antidiatr.
1217 1268 1250 1300 p.
1263 1259 1515 1297 105.dimissus;
1537 1265 1660 1299 postea

194 1310 275 1332 vero
291 1301 326 1332 in
340 1301 451 1342 Reliq.
469 1300 512 1332 ad
527 1301 620 1342 Sylv.
638 1311 671 1342 p.
687 1304 762 1333 371.
777 1302 1017 1343 suspicabatur
1031 1302 1257 1333 emissus.—78
1281 1301 1372 1333 Edd.
1398 1306 1487 1334 vett.
1514 1306 1545 1333 et
1566 1304 1658 1343 longo

192 1345 383 1376 transmittit
410 1344 521 1375 habere
546 1344 662 1384 nepoti.
707 1344 894 1376 Gevartius
922 1345 1014 1385 conj.
1044 1346 1169 1385 longum
1192 1344 1368 1376 transmisit
1378 1355 1392 1382 ;
1424 1345 1525 1377 Cruc.
1556 1346 1658 1385 largo.

191 1387 202 1405 ‘
216 1388 439 1419 Successores
454 1387 589 1419 Claudii
607 1387 745 1418 videtur
758 1391 885 1429 nepotes
899 1387 1098 1429 appellare:
1125 1388 1271 1429 alioquin
1298 1397 1410 1429 neque
1436 1388 1523 1420 Nero
1548 1397 1658 1429 nepos

194 1430 341 1470 Claudii,
363 1429 422 1462 sed
439 1429 636 1470 privignus!
658 1431 776 1463 Barth.
822 1432 831 1448 ‘
846 1431 916 1462 Pro
932 1431 1122 1462 transmittit
1145 1431 1253 1472 primo
1273 1430 1454 1471 legendum
1479 1435 1534 1462 est
1554 1434 1659 1462 trans-

191 1474 293 1513 misit,
316 1479 463 1505 sumtum
488 1482 611 1513 nempe
637 1483 680 1504 ex
708 1473 829 1514 Virgil-
857 1475 933 1506 AEn.
957 1483 1017 1506 ln.
1043 1477 1118 1506 329.
1163 1473 1232 1505 Sed
1261 1474 1336 1515 quis
1363 1477 1418 1505 est
1441 1474 1551 1513 longus
1563 1483 1659 1515 nepos

193 1517 342 1557 Claudii,
365 1517 421 1548 cui
445 1515 747 1548 transmittebatur
763 1518 951 1549 Etruscus?
975 1517 1084 1549 nullos
1112 1516 1215 1556 enim,
1234 1525 1319 1559 quos
1347 1517 1432 1554 scio,
1453 1520 1577 1557 nepotes
1601 1518 1659 1549 ha-

190 1560 268 1591 buit
285 1560 471 1598 Claudius3
495 1560 559 1590 nisi
576 1559 604 1590 si
619 1558 691 1591 filia
707 1559 859 1592 Antonia
874 1570 951 1602 quae
975 1561 1038 1592 Cn.
1061 1559 1244 1600 Pompeio,
1267 1559 1391 1591 deinde
1406 1560 1536 1592 Fausto
1551 1559 1657 1601 8511ae

191 1610 299 1644 nupta
313 1609 403 1643 erat,
424 1603 557 1644 aliquos
574 1603 713 1634 tulerit:
739 1603 890 1635 Octavia
906 1604 1121 1645 enim,quam
1140 1603 1235 1634 Nero
1250 1602 1284 1633 in
1299 1602 1516 1640 matrimonio
1527 1603 1660 1644 habuit,

193 1647 237 1677 ab
258 1646 375 1677 eodem
393 1651 431 1677 ut
444 1647 570 1677 sterilis
586 1645 836 1686 dimittebatur,
851 1646 894 1677 de
909 1656 976 1687 quo
991 1646 1068 1677 vide
1082 1646 1320 1678 Sueton.Ner.
1332 1654 1410 1686 cap.
1425 1648 1477 1677 35.
1495 1650 1533 1678 et
1545 1646 1658 1678 Tacit.

192 1688 260 1722 An.
277 1699 355 1721 x1v.
370 1693 425 1721 60.
470 1690 581 1730 Lege:
607 1689 652 1720 Et
667 1690 757 1729 longo
770 1690 943 1721 transmisit
959 1689 1071 1722 habere
1085 1689 1229 1721 Neroni:
1252 1694 1290 1721 et
1316 1687 1360 1720 de
1378 1689 1503 1720 Nerone
1517 1689 1656 1732 quidem

854 1776 998 1808 NOTAE

232 1844 274 1874 '13
294 1842 522 1883 lmmanemque
534 1841 614 1883 suis]
634 1841 791 1873 Fratrem
805 1841 897 1872 enim
953 1840 1057 1872 illud:
1082 1840 1135 1872 ‘in
1161 1840 1283 1872 coelum
1298 1839 1510 1872 descendere
1527 1840 1660 1882 jussit,'

191 1892 424 1934 plurimosque
459 1893 728 1934 propinquorum
757 1891 895 1923 interfe-

189 1943 253 1984 cit,
267 1952 470 1984 sororesque
487 1943 590 1974 exilio
608 1942 796 1974 mulctavit.

232 1996 276 2026 ⁷4
296 1994 373 2025 Jam
393 1994 546 2033 sanguine
569 1992 668 2034 tacto]
690 1991 792 2026 Quod
809 1991 895 2024 diffi-

189 2044 300 2077 cilius.
334 2044 383 2076 Ut
397 2045 485 2076 enim
501 2045 606 2075 semel
622 2043 706 2076 ferae
721 2043 895 2075 hominum

189 2095 451 2137 degustaverint
484 2095 693 2136 sanguinem,
722 2094 896 2127 difficilius

189 2151 444 2186 mansuescunt,
458 2151 497 2178 ut
512 2147 601 2178 canit
619 2147 723 2178 etiam
736 2146 894 2178 Lucanus

188 2197 247 2229 lib.
272 2207 321 2230 xv.
343 2197 424 2229 ‘Sic
455 2197 511 2229 nbi
541 2197 693 2229 desuetae
726 2197 831 2238 sylvis
857 2197 894 2228 in

189 2257 331 2280 carcere
357 2249 473 2280 clauso
493 2248 720 2280 Mansuevere
742 2247 837 2289 ferae,
858 2253 894 2280 et

189 2296 304 2330 vultus
319 2308 464 2340 posuere
479 2299 644 2338 minaces,
659 2297 773 2340 Atque
788 2298 893 2330 homi-

189 2358 267 2380 nem
283 2349 438 2381 didicere
460 2350 556 2391 pati:
577 2350 605 2380 si
624 2349 755 2381 torrida
770 2359 893 2391 parvus

190 2400 296 2431 Venit
312 2402 346 2432 in
363 2411 422 2432 ora
439 2411 551 2441 cruor,
566 2400 779 2443 redeuntque
802 2401 892 2432 rabi-

188 2461 295 2494 esque
339 2452 516 2494 furorque,
540 2453 806 2495 Admonitaeque
841 2458 894 2485 tu-

187 2508 284 2535 ment
300 2508 439 2545 gustato
462 2505 629 2546 sanguine
650 2504 786 2538 fauces:
813 2506 894 2537 Fer·

188 2560 259 2592 vet,
276 2559 312 2587 et
327 2565 346 2587 a
361 2555 498 2597 trepido
515 2556 572 2588 vix
592 2557 742 2589 abstinet
759 2557 809 2588 ira
824 2567 893 2588 ma-

189 2604 326 2648 gistro.’

231 2658 275 2688 76
305 2655 459 2689 Subvexit
489 2657 661 2700 [surrexit]
691 2658 723 2691 A
748 2660 895 2703 surrigo,

186 2716 250 2750 pro
279 2708 417 2742 extulit.

231 2761 273 2791 77
295 2759 409 2793 Senior
428 2758 743 2804 dimi-istisin1axem]
767 2762 897 2795 Notum

951 1891 1112 1933 quodque
1142 1891 1223 1923 huic
1252 1891 1423 1932 geminum
1450 1901 1494 1922 ex
1523 1892 1657 1924 Seneca

950 1941 1106 1974 affertur.
1149 1941 1218 1973 Sed
1243 1941 1357 1974 satira
1378 1941 1522 1973 multum
1543 1941 1655 1973 aliena

951 1993 994 2025 ab
1009 1991 1145 2034 ingenio
1160 1991 1318 2033 Papinii:
1337 2001 1405 2023 non
1425 1991 1514 2022 enim
1529 1990 1656 2023 decen-

952 2051 1006 2079 ter
1015 2045 1196 2087 jocaretur
1211 2045 1254 2077 de
1278 2044 1438 2085 Claudio,
1453 2044 1512 2087 qui
1534 2046 1656 2078 Etrus-

951 2108 1028 2130 cum
1045 2097 1213 2139 dignitate
1226 2101 1395 2136 auxerat;
1417 2106 1495 2128 nam
1506 2097 1598 2140 quod
1613 2097 1656 2129 de

949 2148 1088 2181 feritate
1104 2148 1269 2189 Caligulae
1285 2147 1432 2188 dixerat,
1444 2147 1479 2179 in
1493 2157 1536 2179 eo
1550 2147 1657 2179 maxi·

949 2210 1004 2232 me
1019 2199 1277 2231 commendatur
1299 2197 1437 2230 Etrusci
1460 2198 1656 2239 prudentia.

949 2251 1075 2282 Posset
1103 2255 1140 2281 et
1164 2250 1232 2290 legi
1260 2249 1402 2281 emissus.
1437 2247 1654 2289 Epicedioin

949 2306 1106 2343 patrem:
1132 2301 1224 2333 ‘Seu
1254 2299 1417 2332 membris
1445 2299 1588 2331 emissus
1618 2299 1654 2331 in

948 2353 1056 2384 ardua
1071 2350 1241 2384 tendens!
1275 2351 1351 2383 Nec
1366 2350 1454 2383 ratio
1467 2359 1585 2382 versus
1601 2359 1654 2382 re-

949 2408 1091 2445 pugnat.
1135 2402 1318 2443 Virgilius:
1354 2401 1515 2444 ‘Ubiqne
1546 2410 1653 2442 pavor

949 2461 987 2487 et
1012 2455 1157 2496 plurima
1179 2455 1296 2486 mortis
1314 2452 1449 2495 imago!
1490 2453 1653 2485 Rursum-

949 2516 1040 2550 que:
1068 2507 1078 2523 ‘
1095 2507 1142 2537 Et
1171 2505 1267 2537 furiis
1298 2505 1448 2547 agitatus
1476 2511 1583 2542 amor,
1614 2506 1652 2534 et

949 2556 1086 2588 conscia
1102 2555 1232 2586 virtus.'

992 2610 1034 2639 78
1058 2605 1223 2646 Claudius]
1258 2604 1420 2637 Claudius
1450 2603 1651 2636 Germanici

947 2656 1068 2698 frater,
1081 2665 1258 2689 successor
1270 2655 1432 2696 Caligulae
1446 2655 1481 2687 in
1494 2654 1654 2696 imperio.

948 2707 1074 2749 Longo]
1116 2707 1302 2741 Gevartius
1335 2705 1488 2738 correxit
1512 2706 1652 2746 longum,

951 2759 1071 2802 supple
1083 2762 1231 2802 tempus,
1243 2760 1280 2790 et
1288 2755 1409 2799 ,iunxit
1419 2765 1495 2790 cum
1509 2755 1650 2789 habere.

1779 1343 1800 1576 few·1c⁴iu*4r'‘tw''·‘⁵
1790 1288 1796 1300 »η
1778 1251 1797 1260 ⁸-
1787 1181 1798 1199 ¹·
