1800 3060
233 197 292 240 68
732 207 775 238 r.
807 206 1001 239 nemu
1036 205 1202 241 srAru

235 304 390 357 Longo
414 301 561 344 Marte
581 301 768 344 domas:
798 302 921 357 quod
943 302 984 344 si
1005 307 1050 345 te
1069 302 1441 346 nostratulissent

237 371 418 415 Saecula
435 384 447 424 3
479 375 720 420 tentasseS,
740 383 812 412 me
831 383 921 412 non
942 369 1144 421 audente,
1168 371 1413 424 profundos

236 440 311 482 Ire
331 440 480 482 lacus:
512 439 592 481 sed
614 439 764 481 Roma
785 443 892 480 tuas
914 438 1127 480 tenuisset
1145 439 1356 480 habenas.

236 506 384 550 Cedat
401 519 555 562 equus,
577 506 718 549 Latiae
740 506 819 561 qui
840 510 1000 549 contra
1019 507 1184 561 templa
1202 506 1391 557 Diones,

235 574 438 618 Caesarei
456 578 545 616 stat
564 574 672 616 sede
690 573 798 626 fori3
828 574 981 628 [quem
1000 573 1172 615 tradere
1192 587 1240 615 es
1262 586 1403 616 ausus
1642 574 1702 617 85

237 705 332 735 endas
344 706 415 734 tuas
428 703 522 742 leges.
569 701 660 738 Quod
683 701 712 733 si
725 703 832 733 nostra
845 704 923 733 aetas
937 705 969 733 te
985 701 1119 741 tulisset,
1134 703 1166 733 te
1179 700 1337 741 injecisses
1351 700 1386 732 in
1402 700 1591 743 profundam
1611 712 1701 735 vora·

234 746 355 785 ginem,
372 755 421 777 me
434 754 496 776 non
510 746 643 776 audente
657 747 756 776 tecum
781 745 964 776 contendere
978 746 1016 776 de
1038 744 1095 775 Ιιαι·
1114 744 1231 784 gloria,
1243 745 1298 775 secl
1320 744 1422 776 Roma
1435 744 1618 777 inhibuisset
1632 748 1703 777 tuos

229 788 366 827 fraenos.
411 787 500 820 Huic
513 789 603 820 cedat
618 797 724 829 equus,
739 787 793 829 qui
809 791 854 819 est
870 797 911 819 ex
932 788 1060 819 adverso
1086 788 1164 819 aedis
1188 786 1316 819 Latina.»
1335 786 1464 820 Veneris
1476 787 1511 820 in
1525 788 1623 820 medio
1638 789 1702 821 loco

1028 888 1088 900 ‘00

239 955 353 988 Poeta
373 955 424 988 illi
441 955 578 988 videtur
593 955 862 988 indicasse—82
887 953 1024 995 Lipsius
1039 954 1174 986 emend.
1191 964 1238 987 me
1251 955 1492 995 nongaudente.
1529 955 1633 988 Cruc.
1650 964 1703 987 re-

241 999 354 1031 tinet:
378 1009 427 1031 me
440 1010 500 1031 non
515 1001 659 1037 audente,
675 1000 739 1030 hoc
751 1007 848 1029 sensu
862 1008 871 1028 ε
893 997 929 1028 Si
945 1006 1009 1038 ego
1027 1007 1094 1029 non
1108 1007 1208 1029 ausus
1232 1007 1343 1029 essem
1353 1010 1362 1038 3
1386 998 1554 1039 probante
1576 998 1703 1030 Μαι-Η.

240 1041 527 1079 Emendationem
547 1042 655 1083 Lipsii
677 1042 784 1072 Bern.
809 1045 846 1072 et
861 1039 987 1071 Behot.
1005 1040 1205 1081 probarunt.
1233 1040 1322 1073 Edd.
1337 1049 1452 1072 omnes
1463 1040 1634 1082 profundos
1648 1042 1703 1073 Ire

239 1085 345 1119 lacus:
368 1084 497 1117 Markl.
512 1084 600 1126 conj.
615 1084 768 1127 profundo
792 1083 846 1114 Ire
868 1084 949 1122 lucu,
973 1082 1062 1124 quod
1079 1083 1234 1124 reposuit
1256 1083 1373 1116 Hand.
1395 1082 1705 1124 namfconfirmatur

239 1128 447 1160 auctoritate
471 1127 546 1160 cod.
569 1127 671 1159 Urat.
694 1126 729 1158 in
753 1135 820 1169 quo
844 1126 1030 1166 scriptum:
1050 1125 1207 1166 profundo
1224 1126 1276 1158 Ire
1291 1127 1500 1169 lacuscin—84
1524 1127 1622 1158 Cedet
1635 1126 1704 1158 Ve-

239 1175 311 1203 net.
336 1173 368 1203 1.
393 1171 493 1202 Cedat
515 1180 609 1211 equus
630 1170 754 1201 Latiae:
776 1178 845 1210 quae
869 1171 990 1208 contra,
1004 1170 1142 1210 &cn—85
1166 1166 1248 1201 Par.
1263 1172 1327 1200 stat
1349 1170 1415 1208 ede,
1433 1166 1457 1201 i.
1469 1178 1501 1201 e.
1515 1170 1592 1201 oede.
1629 1168 1704 1201 Hos

240 1223 362 1245 versus
380 1223 465 1256 quos
480 1213 611 1244 uncinis
627 1213 776 1244 inclusos
793 1211 903 1250 vides,
926 1216 965 1242 ut
991 1211 1125 1252 spurios
1146 1211 1310 1243 damnant
1329 1212 1377 1244 D.
1393 1210 1516 1243 Heius.
1537 1211 1648 1244 Scriv.
1664 1216 1702 1244 et

241 1256 368 1288 Markl.
399 1257 554 1290 Gronov.
570 1255 728 1291 delinitus
743 1255 858 1296 phrasi
869 1254 1003 1286 traderis
1016 1263 1120 1293 ausus,
1131 1263 1230 1296 quam
1247 1263 1291 1287 ex
1307 1255 1428 1286 codice
1440 1255 1593 1287 Floreat.
1608 1255 1705 1287 Rom.

241 1303 282 1332 et
303 1300 428 1332 Venet.
449 1302 483 1331 2.
508 1299 720 1338 restituerat,
744 1307 814 1333 non
837 1297 974 1329 omnino
990 1297 1181 1338 ejiciendos
1198 1301 1310 1338 putat,
1323 1298 1384 1329 sed
1400 1298 1443 1329 de
1465 1298 1706 1330 conciliatione

240 1342 384 1375 ulterius
396 1342 630 1384 cogitandum.
676 1342 850 1374 Punctum
869 1345 945 1382 post
953 1340 1026 1379 sori
1041 1340 1223 1373 sustulerit
1237 1339 1378 1373 Gruter.
1417 1341 1427 1358 ‘
1444 1340 1627 1381 Ejicienda
1641 1341 1706 1372 sal·

903 1436 1048 1471 NOTAE

284 1506 325 1536 81
359 1502 468 1543 Longo
497 1502 749 1544 Murte]lEg1-e
779 1501 884 1543 enim,
912 1506 950 1533 et
1002 1502 1205 1536 mutatione.
1259 1502 1346 1537 Quae
1383 1503 1553 1535 sententia
1585 1502 1708 1535 conflr-

241 1563 313 1586 non
327 1553 391 1585 nisi
407 1554 508 1594 longo
531 1552 622 1585 bello
644 1553 736 1585 Daci
753 1551 834 1585 victi
849 1561 868 1584 a
886 1552 950 1584 Ro-

241 1603 363 1636 manis.

285 1657 328 1686 82
352 1654 408 1688 Me
431 1663 492 1686 non
516 1652 664 1694 audente]
685 1653 822 1694 Lipsius
853 1652 950 1694 legit,

241 1715 291 1736 me
304 1714 366 1740 non
376 1705 547 1744 gaudente,
572 1703 689 1745 aitque
705 1703 866 1734 decorum
882 1711 950 1734 non

242 1765 332 1796 esse,
355 1760 392 1787 ut
419 1754 558 1787 Curtius
582 1754 732 1794 seipsum
757 1753 950 1784 timiditatis

243 1809 376 1847 arguat.
432 1804 609 1842 Emer-icus
625 1804 777 1835 Cruceus
792 1803 890 1842 dicit,
903 1811 951 1834 me

242 1866 303 1893 non
310 1857 443 1889 audente
458 1855 625 1896 explicari
637 1854 765 1886 debere
778 1864 817 1885 eo
827 1863 948 1886 sensu:

243 1907 361 1942 Sinon
377 1916 478 1938 ausus
495 1904 647 1946 fuissem,
662 1905 751 1937 Galli
774 1905 946 1936 dicerent:

241 1957 297 1990 Au
311 1967 364 1989 cas
378 1956 477 1998 queje
490 1955 610 1995 n‘eusse
623 1966 661 1988 eu
670 1957 697 1987 le
710 1965 855 1996 courage.
879 1954 950 1993 No-

243 2009 350 2048 tanda
379 2013 415 2041 et
438 2009 553 2050 gratia
588 2009 768 2041 antithesis
806 2009 843 2041 in
883 2007 950 2041 illis

243 2059 398 2100 vocibus,
440 2061 594 2096 tentasses
635 2063 673 2090 et
711 2068 759 2091 me
795 2068 856 2090 non
894 2068 949 2090 au-

242 2111 347 2143 dente.

277 2162 327 2194 ,83
355 2160 439 2201 Tuas,
449 2159 599 2201 habenas]
622 2159 761 2197 Curtius
783 2158 874 2196 enim
896 2168 949 2190 ar-

243 2215 355 2253 matus
381 2210 532 2248 insidens
554 2220 644 2252 equo
661 2210 748 2243 sein
764 2210 874 2243 lacum
889 2209 950 2242 im·

243 2262 397 2301 miserat,
413 2266 452 2293 ut
468 2261 574 2295 tradit
587 2261 831 2306 supraffLivius.

287 2316 330 2344 84
366 2313 465 2345 Cedat
494 2322 598 2354 equus,
626 2311 732 2346 Latioe
761 2311 814 2352 qui
843 2314 952 2343 contra

244 2364 358 2403 templa
378 2363 511 2402 Diones,
533 2361 604 2403 δμκ]
625 2361 812 2394 Probabile
827 2366 882 2393 est
895 2361 951 2393 hic

245 2412 390 2453 Eo'e'tam
414 2412 609 2453 intelligere
619 2444 622 2448 ,
633 2416 782 2446 statuam
804 2412 952 2454 aliquam

248 2467 441 2505 equestrem
461 2462 652 2500 Alexandr-i
667 2463 780 2505 magni
793 2463 919 2503 factam
934 2473 954 2495 a

246 2514 412 2555 Lysippo,
429 2523 528 2555 quam
547 2513 825 2548 fortasseVCaesar
843 2519 954 2547 muta-

245 2569 346 2596 verat
373 2565 407 2595 in
434 2563 635 2605 quibusda-m
665 2565 834 2605 partibus,
854 2565 955 2606 eique

246 2624 344 2647 suum
373 2619 479 2657 caput
507 2614 689 2647 addiderat
717 2614 824 2657 (quod
842 2613 952 2652 *facti-

246 2669 339 2697 tasse
352 2665 480 2708 saepius
500 2669 636 2706 veteres
657 2664 815 2707 legimus)
837 2675 878 2698 ac
893 2675 952 2707 po-

247 2720 365 2747 suerat
379 2716 412 2746 in
428 2724 488 2747 sno
503 2714 579 2746 foro
592 2725 602 2754 ;
626 2715 709 2747 licet
723 2716 844 2749 sileant
852 2716 954 2748 histo.

249 2766 312 2798 rici
324 2766 367 2798 de
381 2767 445 2799 hac
457 2766 646 2800 Alexandri
657 2766 690 2798 in
704 2766 830 2800 Julium
844 2772 953 2800 trans·

1002 1557 1127 1593 matur,
1142 1552 1234 1596 quod
1245 1553 1359 1586 Poeta
1369 1563 1436 1586 non
1447 1554 1555 1585 solum
1569 1562 1706 1594 compa-

1003 1608 1058 1635 rat
1073 1613 1191 1645 equos,
1205 1603 1267 1635 sed
1282 1604 1375 1645 ipsos
1388 1604 1535 1646 equites,
1545 1607 1583 1636 et
1597 1607 1637 1635 ut
1647 1611 1706 1634 ex-

1005 1654 1096 1686 tollit
1110 1664 1236 1696 equum
1257 1654 1447 1686 Domitiani
1461 1663 1566 1695 supra
1584 1662 1707 1695 equum

1005 1705 1083 1745 Lysi
1088 1714 1235 1745 ppaeum,
1249 1704 1299 1736 sic
1323 1704 1460 1736 extollit
1469 1703 1708 1736 Domitianum

1004 1764 1108 1795 supra
1132 1755 1303 1787 Caesarem
1326 1755 1458 1796 ipsum;
1487 1753 1578 1795 quod
1600 1753 1708 1785 mani-

1002 1803 1126 1837 festum
1142 1810 1196 1836 est
1209 1804 1260 1836 his
1276 1804 1430 1836 versibus
1444 1815 1453 1834 :
1482 1803 1493 1821 ⁴
1504 1803 1589 1838 Quia
1612 1802 1709 1834 rudis

1003 1864 1110 1896 usque
1119 1854 1216 1896 adeo,
1231 1855 1378 1896 quinon,
1388 1859 1428 1887 ut
1438 1854 1564 1887 viderit
1578 1854 1708 1894 ambos,

1003 1905 1148 1936 Tantum
1165 1905 1260 1937 dicat
1271 1915 1388 1946 equos,
1401 1909 1566 1947 quantum
1577 1904 1708 1937 distare

1005 1955 1187 1995 regentes?
1232 1956 1356 1996 Templa
1371 1955 1506 1998 Diones]
1534 1955 1710 1997 Intelligit

1004 2006 1114 2040 aedem
1127 2006 1271 2038 Veneris
1284 2006 1470 2047 genitricis,
1481 2014 1582 2047 quam
1594 2005 1710 2037 Caesar

1004 2062 1146 2090 voverat
1171 2058 1205 2088 in
1230 2056 1303 2089 acie
1317 2057 1528 2096 Pharsalica,
1542 2065 1711 2098 quamque

1004 2115 1123 2151 postea
1138 2109 1342 2141 construxit.
1384 2108 1474 2140 Vide
1488 2107 1637 2140 Dionem
1653 2106 1711 2138 lib.

1003 2168 1108 2193 xnur.
1137 2164 1174 2191 et
1197 2159 1344 2192 Plinium
1365 2157 1425 2190 lib.
1451 2166 1570 2189 xxxv.
1586 2167 1662 2199 cap.
1674 2160 1709 2190 4.

1003 2210 1134 2244 Omnes
1158 2214 1274 2242 autem
1288 2209 1402 2241 sciunt
1415 2208 1588 2241 Venerem
1607 2207 1712 2240 etiam

1003 2260 1140 2293 Dionem
1155 2260 1280 2293 vocari.
1322 2259 1452 2291 Latiam
1465 2263 1580 2298 vocat,
1593 2258 1627 2290 id
1643 2263 1711 2299 est,

1006 2311 1206 2350 Romanam,
1220 2309 1339 2342 eadem
1354 2309 1499 2349 ratione,
1516 2318 1583 2350 qua
1607 2318 1712 2349 supra

1007 2362 1118 2395 forum
1143 2363 1273 2394 Latium
1309 2361 1411 2402 dixit,
1429 2360 1474 2392 <id
1501 2364 1566 2402 est,
1592 2361 1715 2392 Roman

1007 2425 1100 2447 num.

1049 2468 1090 2498 85
1117 2465 1255 2498 Coesarei
1274 2463 1362 2505 sori]
1384 2463 1474 2495 Illud
1503 2462 1615 2495 forum
1638 2463 1713 2496 Cae-

1007 2525 1062 2548 sar
1098 2525 1142 2547 ex
1175 2514 1345 2546 manubiis
1379 2513 1572 2546 inchoavit:
1613 2513 1712 2554 hujus

1009 2575 1090 2599 area
1105 2574 1207 2606 super
1222 2564 1293 2599 Hs.
1307 2564 1429 2597 millies
1441 2564 1607 2604 constitit,
1621 2568 1712 2596 erat-

1008 2626 1073 2659 que
1101 2614 1294 2656 proximum
1322 2614 1389 2647 aedi
1414 2614 1573 2648 veneris.
1621 2614 1712 2646 Vide

1006 2668 1149 2702 Sueton.
1178 2665 1274 2698 Julio
1303 2675 1381 2706 cap.
1412 2667 1467 2697 26.
1521 2665 1621 2701 Quem
1647 2668 1712 2697 tra-

1007 2718 1081 2750 dere
1095 2726 1126 2748 es
1139 2715 1246 2756 ausus]
1276 2715 1346 2748 Ms.
1369 2715 1405 2748 in
1420 2714 1637 2747 Bibliotheca
1650 2715 1713 2746 du-

1009 2767 1058 2802 cis
1075 2767 1251 2804 Hetruciae
1273 2769 1309 2799 et
1323 2766 1494 2800 Romanus
1509 2765 1631 2808 codex,
1644 2766 1714 2798 Ve-
