1800 3060
209 194 296 237 106
707 205 749 235 P.
782 205 973 237 PAP1N11
1005 206 1171 237 STATH

191 299 300 352 Qui
321 300 475 342 durum
494 312 749 354 permensus
771 300 855 343 iter
874 305 1139 355 coeptosque
1157 302 1351 352 labores,

209 368 432 410 Prendisti
451 371 607 422 portus
624 381 636 410 ε
666 368 852 410 tumidae
873 369 940 410 sic
962 369 1188 423 transfuga
1209 369 1330 411 Pisae

208 435 384 487 Amnis,
404 435 450 476 in
471 441 676 477 externos
695 436 822 490 longe
843 436 1096 478 flammatus
1118 451 1302 488 amores,

212 504 417 546 Flumina
437 504 637 545 demerso
665 504 802 545 trahit
824 505 1084 546 intemerata
1102 506 1274 557 canali3

211 573 371 614 Donec
393 571 604 613 Sicanios
624 571 804 612 tandem
823 572 1028 625 prolatus
1050 572 1209 614 anhelo

213 640 302 682 Ore
323 640 447 681 bibat
467 639 634 680 fontes:
655 639 839 681 miratur
858 640 1007 681 dulcia
1028 640 1147 682 Nais

212 707 400 758 Oscula,
420 720 503 749 nec
522 706 664 749 credit
682 708 840 762 pelago
861 709 1036 751 venisse
1055 708 1272 750 maritum.

211 856 291 886 sime
304 853 388 885 inter
404 852 521 885 Paetus
537 853 705 892 Romanos,
722 853 802 894 quod
815 851 978 892 confecisti
999 863 1142 895 asperam
1157 855 1253 894 viam,
1275 857 1307 887 et
1326 858 1398 896 post
1419 857 1466 886 tot
1489 854 1606 887 labores
1620 865 1674 896 up-

211 898 324 937 pulisti
335 900 470 938 portum.
518 895 574 927 Sic
581 895 704 938 fluvius
719 895 886 936 transfuga
900 897 1040 937 superba
1057 897 1154 936 Pisoe,
1174 898 1262 929 valde
1286 908 1430 930 accensus
1443 898 1478 930 in
1496 899 1677 940 peregrinos

214 950 348 980 amores,
363 940 458 971 volvit
473 940 590 970 occulto
617 942 721 970 meatu
744 939 963 980 impermixtos
985 950 1094 981 aquas,
1119 941 1212 972 donec
1227 942 1352 973 tandem
1366 950 1512 982 emersus,
1523 945 1607 983 potet
1623 950 1676 972 ore

214 983 324 1015 anhelo
341 982 463 1015 Siculos
469 982 598 1022 sontes:
623 982 773 1024 Nympha
795 985 899 1024 stupet
920 983 1025 1015 dulcia
1048 984 1160 1021 oscula,
1175 994 1230 1016 nec
1251 987 1346 1025 putat
1357 985 1518 1026 conjugem
1538 994 1594 1027 per
1614 993 1678 1016 me-

830 1099 1068 1113 “OOOOOmOO

218 1186 274 1220 Cf.
290 1186 404 1220 Theb.
420 1196 488 1220 xu.
506 1189 707 1220 soz—202.
724 1190 787 1220 203
806 1188 897 1224 Quod
911 1189 1023 1220 durum
1031 1198 1066 1230 p.
1078 1188 1102 1220 i.
1117 1191 1289 1229 coeptusque
1298 1187 1411 1220 laboris
1425 1187 1553 1220 habent
1562 1197 1678 1220 omnes

216 1229 320 1262 codd.
337 1236 373 1262 et
389 1230 469 1263 edd.
482 1235 569 1262 vett.
617 1231 681 1267 Qui
696 1253 703 1261 .
719 1254 728 1263 .
741 1254 749 1262 .
764 1231 883 1263 labores
898 1237 952 1263 est
967 1232 1137 1263 correctio
1153 1232 1365 1271 Marklandi,
1380 1232 1437 1274 qui
1453 1231 1544 1272 conj.
1560 1231 1678 1271 etiam,

214 1283 372 1315 meosque
387 1274 516 1305 labores.
535 1273 671 1305 Wakef.
686 1274 720 1305 in
734 1274 844 1315 Sylvis
863 1274 949 1306 Crit.
965 1275 1060 1306 Tom.
1075 1283 1130 1306 iv.
1146 1284 1181 1316 p.
1196 1278 1272 1307 235.
1284 1278 1447 1316 captosque
1457 1274 1559 1306 labore
1574 1274 1679 1306 Pren-

217 1316 295 1348 d‘zsti
306 1321 417 1358 portus
431 1316 582 1349 tumidus.
604 1315 710 1349 Aldd.
735 1317 842 1349 Rern.
859 1322 894 1349 et
916 1318 984 1350 Til.
1003 1318 1223 1350 Praehendisti.
1246 1317 1355 1350 Codd.
1370 1319 1467 1350 voss.
1485 1318 1565 1349 Par.
1581 1317 1679 1349 Vatt.

217 1362 249 1392 1.
267 1363 300 1392 2.
316 1362 349 1392 3.
366 1362 398 1391 4.
423 1360 523 1392 Rom.
548 1360 690 1392 vicent.
706 1361 847 1392 Venett.
869 1363 902 1392 2.
919 1363 950 1392 3.
964 1363 997 1393 4.
1023 1360 1127 1393 Aldd.
1155 1361 1290 1402 Gryph.
1312 1361 1419 1392 Basil.
1436 1362 1500 1392 διε.
1528 1360 1680 1397 tumim,-

217 1403 328 1436 Coun.
353 1403 494 1441 tumide;
516 1403 644 1435 Venet.
663 1406 692 1434 1.
718 1403 801 1441 mie,·
825 1404 938 1435 Rhod.
961 1404 1100 1442 miadae5
1123 1404 1246 1436 Salisb.
1273 1403 1408 1441 iuliade,-
1432 1403 1560 1435 Markl.
1585 1403 1679 1444 conj.

216 1446 352 1482 ‚sitiam
373 1446 495 1478 Heius.
517 1450 642 1487 portum
660 1447 789 1487 Eliacae,
803 1447 857 1478 vel
871 1447 1008 1486 Eliadis,
1032 1457 1059 1478 s.
1082 1450 1108 1479 t.
1138 1447 1250 1484 Piae,-
1276 1447 1416 1479 Triller.
1431 1446 1555 1486 nitidoe,
1571 1445 1680 1488 (quod

218 1489 376 1531 reposuit
392 1487 579 1531 Handius,)
603 1489 658 1521 vel
674 1490 779 1522 etiam
800 1490 961 1529 madiam
985 1489 1101 1522 Hand.
1126 1491 1214 1550 conj.
1235 1493 1362 1532 panum
1387 1491 1468 1529 ndae,
1498 1490 1552 1521 vel
1571 1492 1682 1530 portus

220 1543 311 1580 καὶαπ
332 1542 475 1575 Jacobs.
487 1546 601 1574 uncte.
645 1542 768 1575 Lectio
783 1544 910 1575 Venet.
928 1546 958 1575 1.
972 1543 1041 1585 legi
1055 1543 1162 1575 debet
1177 1554 1247 1585 vae,
1269 1544 1293 1575 i.
1309 1553 1341 1576 e.
1367 1545 1594 1575 cmm—204
1613 1542 1681 1575 Διι-

219 1595 278 1617 nus
293 1586 392 1618 Urat.
406 1590 442 1618 et
455 1586 583 1618 Venet.
599 1588 630 1618 1.
645 1585 824 1627 flammatis
842 1586 941 1619 Rom.
956 1589 1113 1618 extremos
1127 1587 1148 1619 1.
1166 1587 1352 1628 flammatus
1378 1596 1498 1618 umores
1511 1587 1637 1618 venet.
1650 1588 1681 1617 l.

220 1631 328 1660 -205
354 1630 363 1646 ‘
375 1629 451 1660 Vox
469 1629 573 1660 canali
597 1635 761 1661 contenta
777 1630 823 1661 sit
852 1635 1033 1662 commate.
1059 1639 1125 1661 vox
1143 1639 1223 1661 vero
1235 1629 1344 1669 fontes
1367 1630 1532 1661 terminet
1545 1632 1682 1660 senten-

222 1671 329 1704 tiam!
356 1673 491 1704 Gruter.
515 1672 592 1703 Hoc
608 1673 725 1713 placet
738 1672 999 1705 Handio.—206
1021 1673 1123 1705 Urat.
1134 1673 1298 1715 ploratum,-
1321 1673 1447 1704 Venet.
1467 1676 1496 1703 1.
1507 1672 1681 1712 populatus.

220 1718 329 1748 —207
356 1716 422 1747 Ore
437 1714 517 1747 bibit
532 1715 610 1747 cod.
627 1716 727 1748 Voss.
753 1716 919 1757 probante
936 1716 1098 1756 Handio;
1121 1717 1186 1748 Ore
1203 1717 1305 1748 inhiat
1319 1715 1456 1748 Wakef.
1475 1715 1570 1758 Sylv.
1594 1714 1680 1747 Crit.

877 1821 1020 1854 NOTAE

261 1913 326 1943 202
360 1911 541 1951 Coeptosque
568 1909 701 1952 labores]
736 1910 808 1942 Pro
834 1909 922 1942 obti-

219 1961 332 1992 nenda
346 1960 558 1991 Violantilla.

261 2013 326 2043 203
345 2010 486 2042 Tumidae
504 2009 603 2051 Pisae]
621 2009 705 2042 Pisa
719 2009 801 2041 urbs
814 2010 923 2043 Elidis

220 2062 411 2101 notissima,
431 2060 536 2101 juxta
551 2069 652 2101 quam
669 2059 823 2101 Alpheus
838 2060 924 2093 flue·

221 2115 295 2154 bat,
308 2117 346 2145 et
358 2112 429 2144 ludi
445 2111 618 2152 Olympici
629 2112 836 2144 edebantur.
863 2112 925 2144 Tu-

219 2165 314 2196 rm'doe
336 2174 432 2205 vero,
454 2163 500 2196 ob
515 2163 788 2195 celebrationem
803 2164 924 2196 horum

193 2231 195 2233 ·
218 2214 391 2255 ludorum,
415 2214 474 2256 qui
500 2218 599 2246 tanto
626 2222 795 2245 concursu
820 2214 926 2246 totius

221 2265 370 2298 Graeciae
391 2265 533 2297 fiebant.
576 2264 769 2305 Transfuga]
801 2265 926 2306 Desig-

221 2320 283 2348 nat
306 2315 477 2357 Alpheum
498 2314 608 2347 Elidis
622 2314 774 2355 fluvium,
788 2316 847 2357 qui
867 2325 928 2357 per

222 2367 377 2399 occultos
394 2370 523 2398 meatus
539 2365 722 2407 pervenire
744 2365 874 2398 dicitur
892 2366 926 2397 in

220 2417 374 2450 Siciliam
389 2417 431 2448 ad
447 2417 657 2450 Arethusam
673 2416 816 2457 fontem,
826 2417 926 2458 cujus

224 2477 340 2500 amore
371 2468 519 2509 capitur.
563 2467 656 2500 Vide
679 2477 755 2510 quse
779 2467 927 2499 diximus

224 2519 268 2551 ad
283 2518 390 2551 Theb.
407 2527 431 2550 ι.
448 2521 524 2550 272.

267 2572 332 2602 204
355 2570 515 2601 Externos
536 2568 725 2610 anzores]1d
753 2573 819 2609 est,
842 2567 928 2601 Are-

224 2621 337 2653 thusae
363 2619 467 2652 fontis
491 2619 526 2650 in
549 2620 675 2652 Sicilia.
709 2620 767 2651 Sic
781 2619 890 2652 Theb.
904 2627 930 2651 1.

223 2672 452 2714 ‘Fluctivaga
465 2682 532 2714 qua
559 2671 815 2712 praeterlabitur
840 2670 932 2703 unda
984 2682 1083 2711 cetm-
1112 2675 1200 2708 fonti
1228 2674 1422 2712 Arethnsoe,

227 2725 380 2757 Sicanios
411 2725 514 2767 longe
534 2724 692 2770 relegens
720 2724 874 2766 Alpheus
897 2734 933 2756 a·

227 2776 359 2808 mores.'

1018 1913 1081 1942 205
1106 1910 1255 1942 Flumina
1279 1911 1416 1942 demeno
1439 1909 1540 1940 trahit
1552 1907 1683 1940 inlune-

976 1965 1050 1994 rata
1085 1962 1201 2002 canali]
1234 1961 1390 2002 Alpheus
1426 1961 1517 1992 enim
1554 1959 1682 1991 dicitur

978 2022 1082 2054 aquas
1109 2021 1176 2044 non
1200 2012 1344 2043 miscere
1369 2020 1446 2042 cum
1473 2009 1572 2049 mari,
1598 2008 1683 2041 licet

977 2072 1040 2104 per
1055 2062 1203 2095 medium
1219 2065 1382 2102 trauseat,
1392 2061 1579 2102 dulcesque
1595 2069 1683 2091 sem-

977 2123 1041 2155 per
1067 2122 1228 2145 servare:
1251 2112 1439 2157 desseodem
1456 2110 1592 2151 Alpheo
1614 2109 1683 2143 Pa-

980 2164 1093 2205 pinius
1106 2164 1212 2196 Theb.
1233 2172 1286 2195 iv.
1333 2163 1423 2196 ‘Qui
1439 2168 1487 2202 te,
1507 2161 1610 2202 ssave,
1623 2171 1682 2193 nn-

982 2220 1058 2248 tant
1084 2216 1200 2257 terris,
1216 2215 1362 2258 Alphee,
1381 2214 1513 2246 Sicanis
1526 2213 1686 2253 Advena,

982 2270 1051 2298 tam
1075 2267 1178 2308 longo
1204 2276 1272 2298 uon
1300 2274 1447 2307 uuquam
1463 2263 1592 2296 infecte
1606 2272 1686 2304 pro·

982 2317 1111 2350 fundo!

1023 2372 1086 2402 207
1111 2368 1211 2409 Nais]
1235 2367 1409 2408 Nympha,
1421 2374 1497 2408 quae
1518 2363 1685 2406 praesidet

981 2420 1165 2453 Arethusae
1188 2418 1303 2457 fonti3
1327 2417 1504 2459 Nymphas
1519 2416 1608 2448 enim
1624 2425 1687 2447 seu

982 2470 1139 2503 Naiades
1169 2469 1311 2511 singulis
1336 2466 1491 2500 fontibus
1520 2465 1684 2499 attribue-

980 2522 1064 2555 bant
1082 2526 1232 2553 veteres.

1023 2575 1089 2606 208
1110 2570 1246 2612 Pelago]
1261 2571 1351 2603 Nam
1366 2570 1458 2602 inter
1467 2568 1617 2608 Elidem,
1628 2577 1687 2599 un-

983 2625 1027 2658 de
1041 2623 1120 2656 fluit
1132 2622 1301 2664 Alpheus,
1313 2625 1350 2652 et
1364 2619 1529 2659 Siciliam,
1541 2617 1599 2650 ubi
1608 2618 1687 2650 mis-

1469 2681 1564 2704 mare
1594 2670 1687 2703 Ioni-

984 2739 1041 2762 um
1071 2725 1270 2760 intercedit.
1303 2724 1477 2766 Maritum]
1505 2722 1688 2766 Alpheum.
