1800 3060
178 191 263 232 200

674 201 714 231 P.
750 199 938 230 PAPlNll
975 199 1140 230 STA‘rll

179 295 330 336 Altius
353 295 416 335 ire
439 295 546 335 suis.
587 294 644 336 Et
665 298 707 347 te
720 295 815 349 jam
837 296 1002 336 fecerat
1022 296 1088 336 illi

181 361 311 403 Mens
334 362 593 415 animusque
613 365 807 416 patrem3
838 362 1026 404 necdum
1044 370 1263 414 moresve,
1285 362 1475 404 decorve
1493 376 1503 404 :

179 429 251 470 Tu
274 434 421 470 tamen
443 435 490 470 et
509 435 652 471 motas
673 431 806 472 etiam
828 438 920 472 tum
941 431 986 471 in
1011 443 1234 472 murmura
1255 443 1406 480 voces,

178 496 479 549 Vagitumque
494 496 662 547 rudem,
683 497 903 551 fletusque
920 497 1102 539 infantis
1123 498 1328 541 amabas.

1560 497 1646 540 105

180 563 277 611 Ille,
300 563 421 604 velut
440 564 607 617 primos
628 564 910 617 expiraturus
927 564 985 605 ad
1002 563 1214 615 Austros,

179 630 400 671 Mollibus
421 631 464 671 in
485 630 623 684 pratis
644 631 731 672 alte
751 631 838 672 fios
859 631 1086 685 improbus
1106 636 1244 682 extat,

180 698 257 739 Sic
280 703 413 749 tener,
434 701 535 739 ante
556 698 691 749 diem,
713 700 831 741 vultu
853 712 1098 753 gressuque
1122 701 1317 754 superbo

179 766 365 807 Vicerat
385 767 596 820 aequales,
615 766 892 820 multumque
913 766 1154 820 reliquerat
1175 780 1334 808 annos.

181 833 286 875 Sive
304 834 519 875 catenatis
538 833 731 874 nudatus
752 834 948 874 membra
968 834 1197 887 palaestris

1561 834 1645 876 110
1663 873 1666 875 .

182 901 342 950 Staret,
364 899 598 955 Amyclaea
618 905 888 954 conceptum
909 908 1049 942 matre
1070 906 1279 956 putares;

179 1013 299 1052 arbore,
313 1023 447 1044 crescere
466 1014 578 1045 celsius
596 1014 741 1055 propriis.
788 1013 832 1045 Ee
855 1023 941 1045 mens
962 1023 999 1044 ac
1023 1014 1166 1044 voluntas
1187 1013 1365 1046 reddiderat
1388 1017 1418 1046 te
1443 1013 1492 1045 illi
1511 1016 1647 1054 patrem,

179 1057 307 1087 necdum
331 1057 455 1096 cognita
477 1057 543 1094 ejus
556 1057 657 1088 indole
682 1061 712 1088 et
729 1057 847 1095 fomur.
897 1056 942 1087 Tu
965 1060 1068 1087 tamen
1089 1057 1185 1088 etiam
1209 1061 1275 1088 tum
1296 1056 1448 1096 diligebas
1473 1066 1645 1095 mur-mma,

179 1109 247 1139 quoe
261 1108 348 1130 voces
361 1099 560 1140 inexpliaeitas
581 1100 778 1141 effingebant,
799 1103 831 1131 et
854 1099 962 1130 rudem
985 1098 1127 1138 cogitans
1151 1109 1188 1130 ac
1212 1101 1366 1142 lacrymas
1387 1099 1528 1138 infantis.
1574 1099 1647 1137 Ille,

180 1142 260 1172 sicut
267 1141 331 1182 flos
347 1142 517 1173 moriturus
531 1143 572 1172 ad
583 1142 699 1182 primos
714 1142 827 1173 Austri
841 1141 955 1182 flatus,
970 1141 1100 1173 nimium
1114 1152 1263 1183 crescens,
1278 1142 1392 1174 eminet
1409 1143 1487 1173 celse
1501 1142 1535 1172 in
1550 1151 1646 1172 amae-

180 1185 231 1214 m's
246 1183 379 1225 corrept-u
405 1185 449 1214 sic
472 1188 558 1216 tener
580 1188 652 1216 unte
676 1189 794 1225 tempus
817 1186 933 1215 vicerat
947 1184 1056 1222 forma
1077 1188 1106 1216 et
1121 1185 1252 1223 fmiaem'
1275 1185 1395 1216 incessu
1418 1190 1600 1221 coa-taneos,
1614 1187 1646 1214 et

180 1228 310 1258 multum
323 1231 521 1268 superaverat
536 1231 659 1259 oetatem
672 1238 770 1259 suam.
814 1227 888 1259 Sive
910 1230 1012 1259 staret
1034 1228 1152 1269 inflexo
1175 1238 1299 1270 corpore
1315 1228 1350 1260 in
1364 1227 1524 1269 implicitis
1534 1227 1646 1268 palas-

788 1323 1031 1336 ‘eeaeaeeembo

179 1387 349 1428 scriptura
364 1388 475 1420 teneri
503 1388 628 1420 debet:
654 1392 824 1422 transertos
845 1389 947 1422 alieno
962 1389 995 1421 in
1017 1389 1125 1421 robore
1147 1388 1272 1421 ramos!
1318 1388 1419 1420 Hanc
1437 1387 1643 1427 scripturam

181 1436 353 1462 testantur
368 1441 485 1462 omnes
512 1431 614 1463 codd.
631 1436 666 1462 et
688 1432 768 1465 edd.
792 1435 987 1464 vem—104
1012 1434 1022 1450 ⁶
1038 1431 1261 1472 Legendum:
1287 1441 1357 1463 cum
1377 1439 1533 1463 murmure
1548 1438 1646 1460 rocee.

179 1473 283 1504 Mutoe
307 1483 406 1515 voce-3,
431 1475 512 1505 nihil
541 1474 790 1515 significantes,
804 1480 840 1507 et
855 1485 1013 1506 murmura
1029 1479 1106 1506 sunt
1126 1473 1320 1513 infantium,
1339 1474 1534 1515 priusquam
1554 1471 1648 1513 loqui

183 1526 245 1556 per
258 1522 398 1548 aetatem
416 1517 578 1550 valeant!
600 1518 719 1549 Barth.
756 1518 843 1550 Edd.
863 1523 948 1550 vett.
965 1517 1112 1549 habent:
1135 1520 1165 1548 et
1179 1520 1281 1548 mutas
1294 1516 1390 1548 etiam
1404 1519 1472 1547 tum
1486 1523 1645 1547 murmure

180 1568 280 1590 voces.
327 1564 334 1577 ⁴
354 1559 478 1592 Nullus
505 1561 537 1591 in
566 1560 615 1591 liis
643 1570 784 1592 sensns:
809 1561 836 1592 si
862 1561 950 1592 enim
978 1564 1092 1596 onutas,
1118 1559 1286 1601 quomodo
1311 1556 1491 1590 murmure?
1535 1558 1649 1597 Lege:

183 1602 232 1633 Tu
247 1605 350 1634 tamen
364 1606 394 1633 et
407 1606 508 1634 motas
522 1602 616 1634 etium
631 1607 697 1634 tum
713 1604 747 1634 in
762 1613 922 1635 rnurmura
936 1602 1047 1634 voces!
1064 1603 1190 1634 Markl.
1220 1602 1311 1634 Vide
1328 1601 1449 1633 Heim.
1465 1601 1507 1632 ad
1525 1599 1647 1632 Claud.

182 1644 294 1676 Rufi-1.
312 1654 337 1676 1.
357 1647 429 1677 152.
455 1645 509 1678 Cf.
525 1647 629 1677 etiam
647 1655 703 1677 in.
722 1647 817 1687 Sylv.
832 1650 863 1677 5.
878 1648 1039 1677 34.-105
1057 1645 1183 1676 Markl.
1199 1644 1484 1685 iegit:fletumque
1497 1642 1649 1680 infantie,-

180 1688 278 1719 etita
291 1688 516 1721 Parn1.——110
530 1689 618 1720 Edd.
632 1694 716 1721 vett.
731 1699 864 1721 omnes:
879 1692 1027 1720 curvatus
1037 1688 1172 1720 membra
1182 1688 1359 1729 palmeti-iu
1374 1686 1520 1718 mutavit
1532 1685 1649 1718 Mark-

843 1780 987 1813 NOTAE

180 1855 256 1886 cap.
280 1847 333 1876 14.
377 1844 492 1876 Aliena
513 1845 546 1876 in
571 1844 696 1887 robora]
733 1845 887 1877 Pruden-

180 1896 249 1927 tius
270 1895 304 1926 in
328 1894 536 1936 Apotheosi:
563 1896 572 1913 ‘
590 1896 669 1928 Non
695 1905 731 1927 se
759 1896 887 1937 sylves-

179 1946 239 1978 tris
255 1946 336 1978 olivi
351 1946 516 1978 Surculus
533 1947 691 1978 exultans
715 1947 829 1978 alieno
851 1947 887 1978 in

177 1995 448 2039 stipitejactatss

223 2050 286 2079 103
309 2047 414 2087 Mens,
423 2047 619 2088 animusque]
643 2049 724 2079 Duo
735 2047 809 2079 ha’c
819 2047 887 2078 dis-

178 2100 381 2141 tinguuntur
406 2108 474 2130 non
499 2098 601 2130 modo
616 2099 706 2140 apud
732 2099 886 2130 Philoso-

179 2150 279 2191 phos,
295 2148 356 2181 sed
372 2149 476 2180 etiam
491 2149 584 2190 apud
601 2149 742 2181 Poetas.
764 2150 886 2190 virgil.

179 2200 254 2232 AEn.
272 2209 322 2231 w.
369 2199 378 2217 ‘
396 2200 560 2240 Magnam
577 2199 633 2231 cui
645 2204 795 2231 mentem
812 2200 883 2231 ani-

177 2250 362 2292 mumque.'
406 2251 549 2282 Necdum
571 2260 717 2288 nwrewe,
743 2252 885 2292 decor-ve]

177 2301 321 2342 Supple,
337 2305 570 2342 accesserant,
585 2302 658 2332 sive
673 2301 744 2332 noti
762 2307 872 2333 erant.

223 2354 284 2383 104
308 2352 416 2383 Motus
439 2352 473 2383 in
496 2362 655 2383 murmura
669 2352 788 2393 [mutas
799 2362 883 2384 mur-

178 2401 281 2442 mure]
304 2402 346 2433 Id
372 2406 437 2443 est,
460 2411 644 2444 murmura,
666 2413 743 2444 quae
771 2409 883 2436 mutas

177 2462 236 2485 seu
250 2462 315 2483 non
332 2451 516 2484 distinctas
531 2463 634 2485 voces
649 2453 869 2496 effingebant.

222 2507 286 2536 106
309 2503 379 2543 Ille,
391 2504 474 2535 velut
498 2505 616 2544 primos
629 2506 831 2546 expiraturus
844 2508 885 2538 ad

178 2556 324 2595 Austros,
339 2554 490 2585 Mollibus
506 2556 538 2586 in
551 2556 655 2595 pratis
667 2558 730 2588 alte
747 2557 813 2599 flos
826 2557 885 2589 im-

175 2605 290 2646 probus
303 2605 408 2646 extat]
419 2604 573 2637 Imitatio
585 2607 737 2648 Virgilii,
747 2618 824 2639 cum
842 2607 885 2639 de

178 2655 329 2696 Euryalo
345 2654 513 2696 loquitur:
538 2657 547 2673 ‘
565 2655 765 2697 Purpureus
777 2657 883 2689 veluti

179 2715 256 2737 cum
281 2704 343 2736 flos
358 2703 510 2736 succisus
535 2709 651 2737 aratro
676 2707 885 2748 Languescit

179 2755 350 2788 moriens!
398 2755 492 2790 Quin
522 2756 626 2789 etiam
654 2756 747 2790 idem
771 2759 885 2800 Virgi-

942 1844 1019 1885 lius,
1035 1843 1241 1885 proverbiali
1267 1842 1389 1884 fignra,
1405 1842 1492 1873 dixit
1516 1842 1648 1883 Ecloga

940 1904 982 1927 ιι.
1026 1897 1036 1913 ‘
1054 1893 1255 1936 Ehe-¹,quid
1283 1894 1373 1925 volui
1397 1894 1522 1925 misero
1544 1894 1649 1925 mihi?

941 1944 1082 1977 floribus
1108 1943 1274 1976 Austrum
1295 1943 1472 1983 Perditas,
1489 1947 1523 1975 et
1549 1943 1648 1984 liqui-

942 1995 995 2027 dis
1017 1995 1141 2027 immisi
1165 1993 1316 2026 fontibus
1340 1993 1468 2034 apros!
1511 1993 1646 2025 Ventus

941 2046 1031 2078 enim
1047 2046 1105 2077 ille
1121 2045 1264 2077 multum
1290 2042 1430 2076 floribus
1453 2043 1646 2075 contrarius

940 2101 1004 2129 est.
1049 2095 1183 2128 Plinius
1199 2094 1259 2126 lib.
1276 2102 1354 2126 xxi.
1375 2103 1451 2134 cap.
1467 2096 1499 2124 1.
1543 2095 1552 2111 ‘
1571 2094 1646 2125 Flo-

940 2157 992 2179 res
1009 2147 1202 2188 odoresque
1218 2145 1252 2176 in
1275 2144 1366 2176 diem
1383 2144 1492 2185 gignit
1511 2148 1647 2183 natura,

938 2207 1074 2239 magna,
1087 2202 1124 2228 ut
1141 2196 1255 2237 palam
1265 2199 1328 2235 est,
1340 2194 1573 2226 admonitione
1588 2194 1647 2226 bo-

937 2249 1077 2285 minum,
1102 2256 1179 2289 quae
1211 2245 1464 2287 spectatissime
1490 2243 1644 2281 floreant,

937 2298 1117 2330 celerrime
1133 2295 1366 2328 marcessere-⁹
1387 2295 1559 2336 Improba-3.
1583 2295 1645 2327 Ni·

937 2349 1040 2380 mium
1054 2356 1226 2380 crescens.

939 2423 942 2426 .
981 2401 1044 2430 108
1066 2396 1220 2438 Superbo]
1241 2395 1282 2427 Id
1307 2398 1372 2435 est,
1387 2393 1572 2435 grandiori.

981 2453 1044 2481 110
1066 2449 1140 2480 Sive
1154 2446 1306 2478 catenatis
1318 2446 1454 2476 nudatus
1469 2443 1646 2484 [curvatae]

937 2498 1074 2531 membra
1087 2497 1244 2538 palaestris
1258 2496 1382 2535 Staret,
1395 2494 1558 2536 Amyclam
1573 2505 1644 2527 con-

937 2553 1060 2590 ceptum
1087 2551 1187 2579 matre
1210 2545 1354 2587 putares]
1385 2545 1509 2576 Mens:
1533 2545 1645 2576 Tanta

941 2606 1030 2641 arte,
1055 2599 1212 2639 gratiave
1239 2595 1435 2628 luctabatur
1463 2594 1640 2636 Glaucias,

937 2659 975 2687 ut
990 2653 1149 2685 crederes
1161 2659 1237 2682 eum
1251 2647 1402 2689 genitum
1418 2651 1527 2677 matre
1540 2645 1644 2686 Spar-

938 2714 1030 2740 tana.
1076 2705 1228 2735 Lacones
1268 2699 1359 2731 enim
1390 2707 1450 2729 seu
1479 2697 1643 2738 Spartani

937 2759 1042 2790 luctoe
1065 2753 1179 2787 studio
1199 2749 1382 2784 admodum
1404 2747 1514 2781 dediti
1530 2753 1642 2789 erant,
