<?xml version="1.0" encoding="UTF-8"?>
<!DOCTYPE html PUBLIC "-//W3C//DTD XHTML 1.0 Transitional//EN"
    "http://www.w3.org/TR/xhtml1/DTD/xhtml1-transitional.dtd">
<html xmlns="http://www.w3.org/1999/xhtml" xml:lang="en" lang="en">
 <head>
  <title>
</title>
<meta http-equiv="Content-Type" content="text/html;charset=utf-8" />
  <meta name='ocr-system' content='tesseract 3.04.00' />
  <meta name='ocr-capabilities' content='ocr_page ocr_carea ocr_par ocr_line ocrx_word'/>
</head>
<body>
  <div class='ocr_page' id='page_1' title='image "./operaomniaexedit01statuoft_0252.png"; bbox 0 0 1800 3060; ppageno 0'>
   <div class='ocr_carea' id='block_1_1' title="bbox 240 214 1204 264">
    <p class='ocr_par' dir='ltr' id='par_1_1' title="bbox 240 214 1204 264">
     <span class='ocr_line' id='line_1_1' title="bbox 240 214 1204 264; baseline 0.004 -4"><span class='ocrx_word' id='word_1_1' title='bbox 240 214 327 261; x_wconf 80' lang='lat'>242</span> <span class='ocrx_word' id='word_1_2' title='bbox 740 230 779 259; x_wconf 84' lang='lat' dir='ltr'>P.</span> <span class='ocrx_word' id='word_1_3' title='bbox 812 229 1003 262; x_wconf 69' lang='lat' dir='ltr'>PAiuNn</span> <span class='ocrx_word' id='word_1_4' title='bbox 1039 231 1204 264; x_wconf 78' lang='lat' dir='ltr'>S&#39;I&#39;A&#39;rn</span> 
     </span>
    </p>
   </div>
   <div class='ocr_carea' id='block_1_2' title="bbox 235 324 1697 920">
    <p class='ocr_par' dir='ltr' id='par_1_2' title="bbox 238 324 1376 378">
     <span class='ocr_line' id='line_1_2' title="bbox 238 324 1376 378; baseline 0.004 -8"><span class='ocrx_word' id='word_1_5' title='bbox 238 329 295 370; x_wconf 81' lang='lat' dir='ltr'>Et</span> <span class='ocrx_word' id='word_1_6' title='bbox 313 327 343 370; x_wconf 85' lang='lat' dir='ltr'><strong>J</strong></span> <span class='ocrx_word' id='word_1_7' title='bbox 346 326 460 376; x_wconf 87' lang='lat' dir='ltr'>ovis,</span> <span class='ocrx_word' id='word_1_8' title='bbox 480 328 522 368; x_wconf 88' lang='lat' dir='ltr'>et</span> <span class='ocrx_word' id='word_1_9' title='bbox 542 325 702 367; x_wconf 86' lang='lat' dir='ltr'>Phoebi</span> <span class='ocrx_word' id='word_1_10' title='bbox 721 324 916 378; x_wconf 86' lang='lat' dir='ltr'>frondes,</span> <span class='ocrx_word' id='word_1_11' title='bbox 939 330 983 369; x_wconf 91' lang='lat' dir='ltr'>et</span> <span class='ocrx_word' id='word_1_12' title='bbox 1004 327 1199 371; x_wconf 86' lang='lat' dir='ltr'><strong>discolor</strong></span> <span class='ocrx_word' id='word_1_13' title='bbox 1220 333 1376 374; x_wconf 87' lang='lat' dir='ltr'>umbra</span> 
     </span>
    </p>

    <p class='ocr_par' dir='ltr' id='par_1_3' title="bbox 238 395 1406 452">
     <span class='ocr_line' id='line_1_3' title="bbox 238 395 1406 452; baseline 0.003 -14"><span class='ocrx_word' id='word_1_14' title='bbox 238 396 458 450; x_wconf 90' lang='lat' dir='ltr'>Populus,</span> <span class='ocrx_word' id='word_1_15' title='bbox 479 397 521 435; x_wconf 85' lang='lat' dir='ltr'>et</span> <span class='ocrx_word' id='word_1_16' title='bbox 540 395 702 434; x_wconf 82' lang='lat' dir='ltr'>nostrae</span> <span class='ocrx_word' id='word_1_17' title='bbox 725 397 930 448; x_wconf 84' lang='lat' dir='ltr'><strong>stupeant</strong></span> <span class='ocrx_word' id='word_1_18' title='bbox 949 398 1025 436; x_wconf 84' lang='lat' dir='ltr'>tua</span> <span class='ocrx_word' id='word_1_19' title='bbox 1045 397 1239 448; x_wconf 85' lang='lat' dir='ltr'>germina</span> <span class='ocrx_word' id='word_1_20' title='bbox 1259 400 1406 452; x_wconf 86' lang='lat' dir='ltr'>pinus.</span> 
     </span>
    </p>

    <p class='ocr_par' dir='ltr' id='par_1_4' title="bbox 239 461 1252 515">
     <span class='ocr_line' id='line_1_4' title="bbox 239 461 1252 515; baseline 0.001 -10"><span class='ocrx_word' id='word_1_21' title='bbox 239 463 315 505; x_wconf 92' lang='lat' dir='ltr'>Sic</span> <span class='ocrx_word' id='word_1_22' title='bbox 333 464 408 505; x_wconf 88' lang='lat' dir='ltr'>ait.</span> <span class='ocrx_word' id='word_1_23' title='bbox 470 462 554 503; x_wconf 90' lang='lat' dir='ltr'>Illa</span> <span class='ocrx_word' id='word_1_24' title='bbox 573 461 659 502; x_wconf 91' lang='lat' dir='ltr'>Dei</span> <span class='ocrx_word' id='word_1_25' title='bbox 680 463 852 502; x_wconf 86' lang='lat' dir='ltr'>veteres</span> <span class='ocrx_word' id='word_1_26' title='bbox 872 462 1043 503; x_wconf 84' lang='lat' dir='ltr'>imitata</span> <span class='ocrx_word' id='word_1_27' title='bbox 1065 463 1252 515; x_wconf 87' lang='lat' dir='ltr'>calores,</span> 
     </span>
    </p>

    <p class='ocr_par' dir='ltr' id='par_1_5' title="bbox 236 528 1248 582">
     <span class='ocr_line' id='line_1_5' title="bbox 236 528 1248 582; baseline 0.001 -10"><span class='ocrx_word' id='word_1_28' title='bbox 236 530 458 572; x_wconf 84' lang='lat' dir='ltr'><strong>Uberibus</strong></span> <span class='ocrx_word' id='word_1_29' title='bbox 479 529 648 582; x_wconf 84' lang='lat' dir='ltr'>stagnis</span> <span class='ocrx_word' id='word_1_30' title='bbox 669 528 852 582; x_wconf 90' lang='lat' dir='ltr'>obliquo</span> <span class='ocrx_word' id='word_1_31' title='bbox 873 529 1072 582; x_wconf 89' lang='lat' dir='ltr'>pendula</span> <span class='ocrx_word' id='word_1_32' title='bbox 1092 533 1248 573; x_wconf 89' lang='lat' dir='ltr'>trunco</span> 
     </span>
    </p>

    <p class='ocr_par' dir='ltr' id='par_1_6' title="bbox 235 596 1697 720">
     <span class='ocr_line' id='line_1_6' title="bbox 235 596 1697 651; baseline 0.001 -11"><span class='ocrx_word' id='word_1_33' title='bbox 235 598 437 647; x_wconf 87' lang='lat' dir='ltr'>Incubat,</span> <span class='ocrx_word' id='word_1_34' title='bbox 460 600 595 651; x_wconf 85' lang='lat' dir='ltr'>atque</span> <span class='ocrx_word' id='word_1_35' title='bbox 615 596 783 637; x_wconf 88' lang='lat' dir='ltr'>umbris</span> <span class='ocrx_word' id='word_1_36' title='bbox 805 599 970 637; x_wconf 82' lang='lat' dir='ltr'>tutatur</span> <span class='ocrx_word' id='word_1_37' title='bbox 989 598 1243 640; x_wconf 85' lang='lat' dir='ltr'>amantibus</span> <span class='ocrx_word' id='word_1_38' title='bbox 1263 599 1423 641; x_wconf 86' lang='lat' dir='ltr'>undas.</span> <span class='ocrx_word' id='word_1_39' title='bbox 1638 604 1697 646; x_wconf 81' lang='grc'>55</span> 
     </span>
     <span class='ocr_line' id='line_1_7' title="bbox 237 663 1449 720; baseline 0.002 -14"><span class='ocrx_word' id='word_1_40' title='bbox 237 665 399 720; x_wconf 82' lang='lat' dir='ltr'>Sperat</span> <span class='ocrx_word' id='word_1_41' title='bbox 420 669 466 706; x_wconf 86' lang='lat' dir='ltr'>et</span> <span class='ocrx_word' id='word_1_42' title='bbox 485 665 744 718; x_wconf 82' lang='lat' dir='ltr'>amplexus3</span> <span class='ocrx_word' id='word_1_43' title='bbox 777 663 855 705; x_wconf 88' lang='lat' dir='ltr'>sed</span> <span class='ocrx_word' id='word_1_44' title='bbox 878 677 1090 719; x_wconf 86' lang='lat' dir='ltr'>aquarum</span> <span class='ocrx_word' id='word_1_45' title='bbox 1113 665 1298 719; x_wconf 89' lang='lat' dir='ltr'>spiritus</span> <span class='ocrx_word' id='word_1_46' title='bbox 1318 671 1449 718; x_wconf 82' lang='lat' dir='ltr'>arcet,</span> 
     </span>
    </p>

    <p class='ocr_par' dir='ltr' id='par_1_7' title="bbox 237 732 1416 786">
     <span class='ocr_line' id='line_1_8' title="bbox 237 732 1416 786; baseline 0.002 -12"><span class='ocrx_word' id='word_1_47' title='bbox 237 733 336 774; x_wconf 87' lang='lat' dir='ltr'>Nec</span> <span class='ocrx_word' id='word_1_48' title='bbox 358 733 527 786; x_wconf 84' lang='lat' dir='ltr'>patitur</span> <span class='ocrx_word' id='word_1_49' title='bbox 548 736 719 773; x_wconf 88' lang='lat' dir='ltr'>tactus:</span> <span class='ocrx_word' id='word_1_50' title='bbox 749 732 927 774; x_wconf 86' lang='lat' dir='ltr'>tandem</span> <span class='ocrx_word' id='word_1_51' title='bbox 948 733 1144 774; x_wconf 81' lang='lat' dir='ltr'>eluctata</span> <span class='ocrx_word' id='word_1_52' title='bbox 1164 735 1248 775; x_wconf 88' lang='lat' dir='ltr'>sub</span> <span class='ocrx_word' id='word_1_53' title='bbox 1270 747 1416 785; x_wconf 85' lang='lat' dir='ltr'>auraS,</span> 
     </span>
    </p>

    <p class='ocr_par' dir='ltr' id='par_1_8' title="bbox 235 799 1276 853">
     <span class='ocr_line' id='line_1_9' title="bbox 235 799 1276 853; baseline 0.002 -12"><span class='ocrx_word' id='word_1_54' title='bbox 235 800 441 842; x_wconf 87' lang='lat' dir='ltr'>Libratur</span> <span class='ocrx_word' id='word_1_55' title='bbox 460 799 612 848; x_wconf 89' lang='lat' dir='ltr'>fundo,</span> <span class='ocrx_word' id='word_1_56' title='bbox 629 812 872 853; x_wconf 85' lang='lat' dir='ltr'>rursusque</span> <span class='ocrx_word' id='word_1_57' title='bbox 897 800 1038 841; x_wconf 82' lang='lat' dir='ltr'>enode</span> <span class='ocrx_word' id='word_1_58' title='bbox 1059 813 1276 843; x_wconf 81' lang='lat' dir='ltr'>cacumen</span> 
     </span>
    </p>

    <p class='ocr_par' dir='ltr' id='par_1_9' title="bbox 235 865 1250 920">
     <span class='ocr_line' id='line_1_10' title="bbox 235 865 1250 920; baseline 0.001 -11"><span class='ocrx_word' id='word_1_59' title='bbox 235 867 476 920; x_wconf 83' lang='lat' dir='ltr'>Ingeniosa</span> <span class='ocrx_word' id='word_1_60' title='bbox 495 866 625 916; x_wconf 84' lang='lat' dir='ltr'>levat,</span> <span class='ocrx_word' id='word_1_61' title='bbox 646 865 786 908; x_wconf 90' lang='lat' dir='ltr'>veluti</span> <span class='ocrx_word' id='word_1_62' title='bbox 810 866 1052 909; x_wconf 84' lang='lat' dir='ltr'>descendat</span> <span class='ocrx_word' id='word_1_63' title='bbox 1072 867 1115 908; x_wconf 90' lang='lat' dir='ltr'>in</span> <span class='ocrx_word' id='word_1_64' title='bbox 1136 868 1250 910; x_wconf 90' lang='lat' dir='ltr'>imos</span> 
     </span>
    </p>
   </div>
   <div class='ocr_carea' id='block_1_3' title="bbox 229 1010 1693 1267">
    <p class='ocr_par' dir='ltr' id='par_1_10' title="bbox 229 1010 1693 1267">
     <span class='ocr_line' id='line_1_11' title="bbox 232 1010 1693 1056; baseline 0.003 -13"><span class='ocrx_word' id='word_1_65' title='bbox 232 1014 265 1044; x_wconf 81' lang='lat' dir='ltr'>te</span> <span class='ocrx_word' id='word_1_66' title='bbox 279 1022 316 1044; x_wconf 89' lang='lat' dir='ltr'>ac</span> <span class='ocrx_word' id='word_1_67' title='bbox 329 1012 415 1045; x_wconf 80' lang='lat' dir='ltr'>illam</span> <span class='ocrx_word' id='word_1_68' title='bbox 430 1022 450 1043; x_wconf 85' lang='lat' dir='ltr'>a</span> <span class='ocrx_word' id='word_1_69' title='bbox 464 1015 630 1043; x_wconf 77' lang='lat' dir='ltr'>senectute.</span> <span class='ocrx_word' id='word_1_70' title='bbox 678 1011 723 1042; x_wconf 86' lang='lat' dir='ltr'>Et</span> <span class='ocrx_word' id='word_1_71' title='bbox 737 1010 863 1043; x_wconf 83' lang='lat' dir='ltr'>arbores</span> <span class='ocrx_word' id='word_1_72' title='bbox 877 1011 980 1052; x_wconf 66' lang='lat' dir='ltr'>donis,</span> <span class='ocrx_word' id='word_1_73' title='bbox 995 1010 1176 1052; x_wconf 70' lang='lat' dir='ltr'>Phoebique,</span> <span class='ocrx_word' id='word_1_74' title='bbox 1198 1022 1236 1043; x_wconf 84' lang='lat' dir='ltr'>ac</span> <span class='ocrx_word' id='word_1_75' title='bbox 1260 1014 1391 1054; x_wconf 76' lang='lat' dir='ltr'>populus</span> <span class='ocrx_word' id='word_1_76' title='bbox 1415 1014 1496 1046; x_wconf 74' lang='lat' dir='ltr'>narii</span> <span class='ocrx_word' id='word_1_77' title='bbox 1519 1016 1641 1056; x_wconf 74' lang='lat' dir='ltr'>coloris,</span> <span class='ocrx_word' id='word_1_78' title='bbox 1661 1020 1693 1048; x_wconf 80' lang='lat' dir='ltr'>et</span> 
     </span>
     <span class='ocr_line' id='line_1_12' title="bbox 231 1053 1692 1100; baseline 0.003 -14"><span class='ocrx_word' id='word_1_79' title='bbox 231 1059 348 1087; x_wconf 76' lang='lat' dir='ltr'>nostrae</span> <span class='ocrx_word' id='word_1_80' title='bbox 361 1056 455 1096; x_wconf 80' lang='lat' dir='ltr'>pinus</span> <span class='ocrx_word' id='word_1_81' title='bbox 477 1055 670 1087; x_wconf 80' lang='lat' dir='ltr'>admirentur</span> <span class='ocrx_word' id='word_1_82' title='bbox 697 1058 766 1085; x_wconf 84' lang='lat' dir='ltr'>tuos</span> <span class='ocrx_word' id='word_1_83' title='bbox 789 1054 937 1085; x_wconf 80' lang='lat' dir='ltr'>surculos.</span> <span class='ocrx_word' id='word_1_84' title='bbox 983 1053 1039 1085; x_wconf 85' lang='lat' dir='ltr'>Sic</span> <span class='ocrx_word' id='word_1_85' title='bbox 1054 1054 1165 1095; x_wconf 76' lang='lat' dir='ltr'>inquit.</span> <span class='ocrx_word' id='word_1_86' title='bbox 1211 1055 1294 1087; x_wconf 84' lang='lat' dir='ltr'>Hoec</span> <span class='ocrx_word' id='word_1_87' title='bbox 1314 1058 1470 1097; x_wconf 82' lang='lat' dir='ltr'>platanus,</span> <span class='ocrx_word' id='word_1_88' title='bbox 1485 1063 1627 1100; x_wconf 85' lang='lat' dir='ltr'>concepto</span> <span class='ocrx_word' id='word_1_89' title='bbox 1642 1061 1692 1091; x_wconf 68' lang='grc' dir='ltr'>τὲ·</span> 
     </span>
     <span class='ocr_line' id='line_1_13' title="bbox 231 1097 1691 1142; baseline 0.003 -14"><span class='ocrx_word' id='word_1_90' title='bbox 231 1098 294 1128; x_wconf 80' lang='lat' dir='ltr'>teri</span> <span class='ocrx_word' id='word_1_91' title='bbox 309 1099 372 1130; x_wconf 83' lang='lat' dir='ltr'>Dei</span> <span class='ocrx_word' id='word_1_92' title='bbox 396 1108 511 1138; x_wconf 86' lang='lat' dir='ltr'>amore,</span> <span class='ocrx_word' id='word_1_93' title='bbox 538 1098 715 1139; x_wconf 78' lang='lat' dir='ltr'>impendens</span> <span class='ocrx_word' id='word_1_94' title='bbox 742 1097 863 1138; x_wconf 77' lang='lat' dir='ltr'>obliquo</span> <span class='ocrx_word' id='word_1_95' title='bbox 890 1100 1011 1133; x_wconf 77' lang='lat' dir='ltr'>trunco,</span> <span class='ocrx_word' id='word_1_96' title='bbox 1035 1097 1163 1128; x_wconf 79' lang='lat' dir='ltr'>incubat</span> <span class='ocrx_word' id='word_1_97' title='bbox 1178 1098 1338 1136; x_wconf 81' lang='lat' dir='ltr'>soecundis</span> <span class='ocrx_word' id='word_1_98' title='bbox 1361 1101 1495 1140; x_wconf 80' lang='lat' dir='ltr'>stagnis,</span> <span class='ocrx_word' id='word_1_99' title='bbox 1518 1104 1551 1132; x_wconf 86' lang='lat' dir='ltr'>et</span> <span class='ocrx_word' id='word_1_100' title='bbox 1576 1102 1691 1142; x_wconf 67' lang='lat' dir='ltr'>qaaerit</span> 
     </span>
     <span class='ocr_line' id='line_1_14' title="bbox 230 1139 1693 1184; baseline 0.003 -13"><span class='ocrx_word' id='word_1_101' title='bbox 230 1149 326 1181; x_wconf 84' lang='lat' dir='ltr'>aquas</span> <span class='ocrx_word' id='word_1_102' title='bbox 339 1141 515 1172; x_wconf 78' lang='lat' dir='ltr'>amantibus</span> <span class='ocrx_word' id='word_1_103' title='bbox 528 1141 635 1173; x_wconf 75' lang='lat' dir='ltr'>ramis.</span> <span class='ocrx_word' id='word_1_104' title='bbox 679 1139 795 1180; x_wconf 81' lang='lat' dir='ltr'><strong><em>Sperat</em></strong></span> <span class='ocrx_word' id='word_1_105' title='bbox 819 1143 850 1171; x_wconf 86' lang='lat' dir='ltr'>et</span> <span class='ocrx_word' id='word_1_106' title='bbox 875 1149 928 1171; x_wconf 86' lang='lat' dir='ltr'>eas</span> <span class='ocrx_word' id='word_1_107' title='bbox 952 1139 1106 1180; x_wconf 80' lang='lat' dir='ltr'>amplecti,</span> <span class='ocrx_word' id='word_1_108' title='bbox 1131 1143 1186 1171; x_wconf 79' lang='lat' dir='ltr'>sed</span> <span class='ocrx_word' id='word_1_109' title='bbox 1208 1151 1312 1173; x_wconf 85' lang='lat' dir='ltr'>earum</span> <span class='ocrx_word' id='word_1_110' title='bbox 1327 1142 1444 1174; x_wconf 77' lang='lat' dir='ltr'>halitus</span> <span class='ocrx_word' id='word_1_111' title='bbox 1458 1144 1544 1175; x_wconf 78' lang='lat' dir='ltr'>illam</span> <span class='ocrx_word' id='word_1_112' title='bbox 1558 1144 1693 1184; x_wconf 81' lang='lat' dir='ltr'>repellit,</span> 
     </span>
     <span class='ocr_line' id='line_1_15' title="bbox 229 1182 1691 1226; baseline 0.003 -12"><span class='ocrx_word' id='word_1_113' title='bbox 229 1192 285 1214; x_wconf 83' lang='lat' dir='ltr'>nec</span> <span class='ocrx_word' id='word_1_114' title='bbox 296 1184 460 1224; x_wconf 80' lang='lat' dir='ltr'>patiuntur</span> <span class='ocrx_word' id='word_1_115' title='bbox 475 1193 506 1214; x_wconf 81' lang='lat' dir='ltr'>se</span> <span class='ocrx_word' id='word_1_116' title='bbox 528 1183 630 1222; x_wconf 82' lang='lat' dir='ltr'>tangi.</span> <span class='ocrx_word' id='word_1_117' title='bbox 679 1183 814 1214; x_wconf 83' lang='lat' dir='ltr'>Tandem</span> <span class='ocrx_word' id='word_1_118' title='bbox 828 1182 922 1213; x_wconf 73' lang='lat' dir='ltr'>enixa</span> <span class='ocrx_word' id='word_1_119' title='bbox 937 1182 993 1213; x_wconf 82' lang='lat' dir='ltr'>sub</span> <span class='ocrx_word' id='word_1_120' title='bbox 1006 1182 1109 1213; x_wconf 85' lang='lat' dir='ltr'>a&#39;e&#39;rem</span> <span class='ocrx_word' id='word_1_121' title='bbox 1123 1192 1156 1214; x_wconf 85' lang='lat' dir='ltr'>se</span> <span class='ocrx_word' id='word_1_122' title='bbox 1171 1186 1285 1223; x_wconf 80' lang='lat' dir='ltr'>mergit</span> <span class='ocrx_word' id='word_1_123' title='bbox 1308 1184 1342 1215; x_wconf 80' lang='lat' dir='ltr'>in</span> <span class='ocrx_word' id='word_1_124' title='bbox 1357 1185 1494 1223; x_wconf 77' lang='lat' dir='ltr'>fundum</span> <span class='ocrx_word' id='word_1_125' title='bbox 1515 1187 1637 1226; x_wconf 77' lang='lat' dir='ltr'>stagni,</span> <span class='ocrx_word' id='word_1_126' title='bbox 1659 1191 1691 1217; x_wconf 83' lang='lat' dir='ltr'>et</span> 
     </span>
     <span class='ocr_line' id='line_1_16' title="bbox 230 1225 1691 1267; baseline 0.003 -10"><span class='ocrx_word' id='word_1_127' title='bbox 230 1236 340 1258; x_wconf 78' lang='lat' dir='ltr'>rursus</span> <span class='ocrx_word' id='word_1_128' title='bbox 353 1227 515 1266; x_wconf 74' lang='lat' dir='ltr'>ingeniosa</span> <span class='ocrx_word' id='word_1_129' title='bbox 539 1226 622 1258; x_wconf 84' lang='lat' dir='ltr'>tollit</span> <span class='ocrx_word' id='word_1_130' title='bbox 648 1227 771 1257; x_wconf 80' lang='lat' dir='ltr'>enodem</span> <span class='ocrx_word' id='word_1_131' title='bbox 796 1225 966 1266; x_wconf 79' lang='lat' dir='ltr'>caudicem,</span> <span class='ocrx_word' id='word_1_132' title='bbox 990 1226 1072 1256; x_wconf 74' lang='lat' dir='ltr'>velut</span> <span class='ocrx_word' id='word_1_133' title='bbox 1096 1229 1173 1267; x_wconf 86' lang='lat' dir='ltr'>agat</span> <span class='ocrx_word' id='word_1_134' title='bbox 1196 1227 1290 1258; x_wconf 84' lang='lat' dir='ltr'>aliam</span> <span class='ocrx_word' id='word_1_135' title='bbox 1304 1227 1451 1260; x_wconf 81' lang='lat' dir='ltr'>radicem.</span> <span class='ocrx_word' id='word_1_136' title='bbox 1497 1229 1592 1261; x_wconf 82' lang='lat' dir='ltr'>Nunc</span> <span class='ocrx_word' id='word_1_137' title='bbox 1607 1230 1691 1261; x_wconf 70' lang='lat' dir='ltr'>Nais</span> 
     </span>
    </p>
   </div>
   <div class='ocr_carea' id='block_1_4' title="bbox 844 1331 1079 1345">
    <p class='ocr_par' dir='ltr' id='par_1_11' title="bbox 844 1331 1079 1345">
     <span class='ocr_line' id='line_1_17' title="bbox 844 1331 1079 1345; baseline 0.004 -2"><span class='ocrx_word' id='word_1_138' title='bbox 844 1331 1079 1345; x_wconf 59' lang='grc' dir='ltr'>ΙΙΙΟΟΙΙΙΟΟΙῺ</span> 
     </span>
    </p>
   </div>
   <div class='ocr_carea' id='block_1_5' title="bbox 224 1407 1687 2048">
    <p class='ocr_par' dir='ltr' id='par_1_12' title="bbox 224 1407 1687 2048">
     <span class='ocr_line' id='line_1_18' title="bbox 229 1407 1687 1450; baseline 0.003 -11"><span class='ocrx_word' id='word_1_139' title='bbox 229 1407 345 1440; x_wconf 81' lang='lat' dir='ltr'>Parm.</span> <span class='ocrx_word' id='word_1_140' title='bbox 378 1408 475 1441; x_wconf 85' lang='lat' dir='ltr'>Rom.</span> <span class='ocrx_word' id='word_1_141' title='bbox 501 1408 598 1440; x_wconf 83' lang='lat' dir='ltr'>Brix.</span> <span class='ocrx_word' id='word_1_142' title='bbox 635 1407 773 1440; x_wconf 73' lang='lat' dir='ltr'>vicent.</span> <span class='ocrx_word' id='word_1_143' title='bbox 813 1407 919 1439; x_wconf 85' lang='lat' dir='ltr'>Aldd.</span> <span class='ocrx_word' id='word_1_144' title='bbox 950 1407 1062 1439; x_wconf 89' lang='lat' dir='ltr'>Colin.</span> <span class='ocrx_word' id='word_1_145' title='bbox 1091 1408 1222 1450; x_wconf 87' lang='lat' dir='ltr'>Gryph.</span> <span class='ocrx_word' id='word_1_146' title='bbox 1261 1409 1369 1441; x_wconf 88' lang='lat' dir='ltr'>Basil.</span> <span class='ocrx_word' id='word_1_147' title='bbox 1407 1410 1513 1442; x_wconf 85' lang='lat' dir='ltr'>Bern.</span> <span class='ocrx_word' id='word_1_148' title='bbox 1544 1410 1687 1444; x_wconf 83' lang='lat' dir='ltr'>Gevart.</span> 
     </span>
     <span class='ocr_line' id='line_1_19' title="bbox 229 1451 1685 1492; baseline 0.003 -10"><span class='ocrx_word' id='word_1_149' title='bbox 229 1451 307 1483; x_wconf 87' lang='lat' dir='ltr'>Till.</span> <span class='ocrx_word' id='word_1_150' title='bbox 345 1451 465 1484; x_wconf 87' lang='lat' dir='ltr'>Heius.</span> <span class='ocrx_word' id='word_1_151' title='bbox 505 1451 658 1483; x_wconf 84' lang='lat' dir='ltr'>Gronov.</span> <span class='ocrx_word' id='word_1_152' title='bbox 697 1451 817 1482; x_wconf 83' lang='lat' dir='ltr'>Barth.</span> <span class='ocrx_word' id='word_1_153' title='bbox 856 1451 965 1482; x_wconf 88' lang='lat' dir='ltr'>Veen.</span> <span class='ocrx_word' id='word_1_154' title='bbox 1002 1456 1038 1482; x_wconf 90' lang='lat' dir='ltr'>et</span> <span class='ocrx_word' id='word_1_155' title='bbox 1074 1451 1199 1492; x_wconf 78' lang='lat' dir='ltr'>Delpli.</span> <span class='ocrx_word' id='word_1_156' title='bbox 1234 1455 1353 1484; x_wconf 78' lang='lat' dir='ltr'>veteres</span> <span class='ocrx_word' id='word_1_157' title='bbox 1384 1453 1523 1485; x_wconf 82' lang='lat' dir='ltr'>animata</span> <span class='ocrx_word' id='word_1_158' title='bbox 1556 1456 1685 1486; x_wconf 83' lang='lat' dir='ltr'>calores.</span> 
     </span>
     <span class='ocr_line' id='line_1_20' title="bbox 228 1493 1687 1535; baseline 0 -9"><span class='ocrx_word' id='word_1_159' title='bbox 228 1494 474 1526; x_wconf 85' lang='lat' dir='ltr'>‘Latinitatem</span> <span class='ocrx_word' id='word_1_160' title='bbox 510 1494 545 1525; x_wconf 90' lang='lat' dir='ltr'>in</span> <span class='ocrx_word' id='word_1_161' title='bbox 581 1494 632 1525; x_wconf 88' lang='lat' dir='ltr'>bis</span> <span class='ocrx_word' id='word_1_162' title='bbox 671 1503 808 1535; x_wconf 77' lang='lat' dir='ltr'>quaero:</span> <span class='ocrx_word' id='word_1_163' title='bbox 834 1493 973 1528; x_wconf 66' lang='lat' dir='ltr'>„dixisse</span> <span class='ocrx_word' id='word_1_164' title='bbox 1009 1493 1098 1525; x_wconf 89' lang='lat' dir='ltr'>enim</span> <span class='ocrx_word' id='word_1_165' title='bbox 1134 1494 1255 1526; x_wconf 85' lang='lat' dir='ltr'>debuit</span> <span class='ocrx_word' id='word_1_166' title='bbox 1289 1495 1356 1534; x_wconf 88' lang='lat' dir='ltr'>vel,</span> <span class='ocrx_word' id='word_1_167' title='bbox 1386 1495 1523 1527; x_wconf 81' lang='lat' dir='ltr'>animata</span> <span class='ocrx_word' id='word_1_168' title='bbox 1551 1495 1586 1527; x_wconf 80' lang='lat' dir='ltr'>in</span> <span class='ocrx_word' id='word_1_169' title='bbox 1605 1498 1687 1529; x_wconf 86' lang='lat' dir='ltr'>calo-</span> 
     </span>
     <span class='ocr_line' id='line_1_21' title="bbox 228 1535 1686 1577; baseline 0.003 -11"><span class='ocrx_word' id='word_1_170' title='bbox 228 1545 290 1577; x_wconf 84' lang='lat' dir='ltr'>res,</span> <span class='ocrx_word' id='word_1_171' title='bbox 320 1538 388 1576; x_wconf 87' lang='lat' dir='ltr'>vel,</span> <span class='ocrx_word' id='word_1_172' title='bbox 421 1537 561 1568; x_wconf 82' lang='lat' dir='ltr'>animata</span> <span class='ocrx_word' id='word_1_173' title='bbox 588 1536 753 1568; x_wconf 76' lang='lat' dir='ltr'>caloribus.</span> <span class='ocrx_word' id='word_1_174' title='bbox 798 1536 926 1568; x_wconf 80' lang='lat' dir='ltr'>Noster</span> <span class='ocrx_word' id='word_1_175' title='bbox 957 1535 1063 1567; x_wconf 84' lang='lat' dir='ltr'>Theb.</span> <span class='ocrx_word' id='word_1_176' title='bbox 1088 1545 1137 1568; x_wconf 76' lang='lat' dir='ltr'>vt.</span> <span class='ocrx_word' id='word_1_177' title='bbox 1160 1540 1235 1568; x_wconf 83' lang='grc'><strong>268.</strong></span> <span class='ocrx_word' id='word_1_178' title='bbox 1274 1537 1378 1570; x_wconf 88' lang='lat' dir='ltr'>Ovid.</span> <span class='ocrx_word' id='word_1_179' title='bbox 1407 1539 1495 1570; x_wconf 87' lang='lat' dir='ltr'>Met.</span> <span class='ocrx_word' id='word_1_180' title='bbox 1524 1547 1575 1570; x_wconf 85' lang='grc' dir='ltr'>ιν.</span> <span class='ocrx_word' id='word_1_181' title='bbox 1610 1541 1686 1570; x_wconf 86' lang='grc'>618.</span> 
     </span>
     <span class='ocr_line' id='line_1_22' title="bbox 228 1578 1686 1621; baseline 0.001 -11"><span class='ocrx_word' id='word_1_182' title='bbox 228 1588 306 1611; x_wconf 76' lang='lat' dir='ltr'>xrv.</span> <span class='ocrx_word' id='word_1_183' title='bbox 323 1581 474 1612; x_wconf 81' lang='lat' dir='ltr'>560.&amp;c.</span> <span class='ocrx_word' id='word_1_184' title='bbox 518 1580 597 1612; x_wconf 86' lang='lat' dir='ltr'>Jam</span> <span class='ocrx_word' id='word_1_185' title='bbox 615 1589 697 1611; x_wconf 87' lang='lat' dir='ltr'>vero</span> <span class='ocrx_word' id='word_1_186' title='bbox 714 1589 782 1621; x_wconf 83' lang='lat' dir='ltr'>qua</span> <span class='ocrx_word' id='word_1_187' title='bbox 796 1578 964 1619; x_wconf 81' lang='lat' dir='ltr'>analogia,</span> <span class='ocrx_word' id='word_1_188' title='bbox 979 1588 1045 1620; x_wconf 89' lang='lat' dir='ltr'>quo</span> <span class='ocrx_word' id='word_1_189' title='bbox 1061 1588 1159 1610; x_wconf 87' lang='lat' dir='ltr'>sensu</span> <span class='ocrx_word' id='word_1_190' title='bbox 1178 1580 1478 1620; x_wconf 84' lang='lat' dir='ltr'>interpretabimur</span> <span class='ocrx_word' id='word_1_191' title='bbox 1489 1580 1592 1617; x_wconf 86' lang='lat' dir='ltr'>istud,</span> <span class='ocrx_word' id='word_1_192' title='bbox 1615 1582 1686 1613; x_wconf 78' lang='lat' dir='ltr'>ani·</span> 
     </span>
     <span class='ocr_line' id='line_1_23' title="bbox 227 1621 1685 1665; baseline 0.002 -12"><span class='ocrx_word' id='word_1_193' title='bbox 227 1625 313 1653; x_wconf 81' lang='lat' dir='ltr'>mata</span> <span class='ocrx_word' id='word_1_194' title='bbox 337 1621 479 1655; x_wconf 77' lang='lat' dir='ltr'>calores?</span> <span class='ocrx_word' id='word_1_195' title='bbox 501 1623 630 1664; x_wconf 84' lang='lat' dir='ltr'>quippe</span> <span class='ocrx_word' id='word_1_196' title='bbox 655 1626 756 1653; x_wconf 86' lang='lat' dir='ltr'>notus</span> <span class='ocrx_word' id='word_1_197' title='bbox 782 1622 838 1653; x_wconf 90' lang='lat' dir='ltr'>ille</span> <span class='ocrx_word' id='word_1_198' title='bbox 864 1621 1072 1653; x_wconf 82' lang='lat' dir='ltr'>Graecismus</span> <span class='ocrx_word' id='word_1_199' title='bbox 1098 1631 1165 1663; x_wconf 86' lang='lat' dir='ltr'>quo</span> <span class='ocrx_word' id='word_1_200' title='bbox 1189 1623 1455 1664; x_wconf 82' lang='lat' dir='ltr'>subintelligitur</span> <span class='ocrx_word' id='word_1_201' title='bbox 1486 1625 1685 1665; x_wconf 77' lang='lat' dir='ltr'>praepositio</span> 
     </span>
     <span class='ocr_line' id='line_1_24' title="bbox 227 1663 1684 1706; baseline 0.002 -11"><span class='ocrx_word' id='word_1_202' title='bbox 227 1663 319 1706; x_wconf 82' lang='grc' dir='ltr'>κατὰ,</span> <span class='ocrx_word' id='word_1_203' title='bbox 332 1665 386 1697; x_wconf 87' lang='lat' dir='ltr'>hic</span> <span class='ocrx_word' id='word_1_204' title='bbox 403 1666 515 1696; x_wconf 89' lang='lat' dir='ltr'>locum</span> <span class='ocrx_word' id='word_1_205' title='bbox 531 1674 596 1696; x_wconf 90' lang='lat' dir='ltr'>non</span> <span class='ocrx_word' id='word_1_206' title='bbox 615 1669 730 1706; x_wconf 86' lang='lat' dir='ltr'>potest</span> <span class='ocrx_word' id='word_1_207' title='bbox 749 1664 896 1703; x_wconf 76' lang='lat' dir='ltr'>habere3</span> <span class='ocrx_word' id='word_1_208' title='bbox 920 1673 983 1695; x_wconf 89' lang='lat' dir='ltr'>nec</span> <span class='ocrx_word' id='word_1_209' title='bbox 1010 1665 1100 1695; x_wconf 91' lang='lat' dir='ltr'>enim</span> <span class='ocrx_word' id='word_1_210' title='bbox 1118 1668 1216 1704; x_wconf 86' lang='lat' dir='ltr'>potes</span> <span class='ocrx_word' id='word_1_211' title='bbox 1232 1665 1348 1697; x_wconf 83' lang='lat' dir='ltr'>dicere</span> <span class='ocrx_word' id='word_1_212' title='bbox 1362 1666 1454 1697; x_wconf 84' lang='lat' dir='ltr'>arbor</span> <span class='ocrx_word' id='word_1_213' title='bbox 1467 1668 1608 1698; x_wconf 81' lang='lat' dir='ltr'>animata</span> <span class='ocrx_word' id='word_1_214' title='bbox 1633 1677 1684 1698; x_wconf 84' lang='lat' dir='ltr'>ca-</span> 
     </span>
     <span class='ocr_line' id='line_1_25' title="bbox 225 1706 1687 1749; baseline 0.002 -11"><span class='ocrx_word' id='word_1_215' title='bbox 225 1708 305 1739; x_wconf 87' lang='lat' dir='ltr'>lores</span> <span class='ocrx_word' id='word_1_216' title='bbox 319 1717 361 1739; x_wconf 86' lang='lat' dir='ltr'>eo</span> <span class='ocrx_word' id='word_1_217' title='bbox 378 1708 477 1739; x_wconf 91' lang='lat' dir='ltr'>modo</span> <span class='ocrx_word' id='word_1_218' title='bbox 493 1717 559 1749; x_wconf 88' lang='lat' dir='ltr'>quo</span> <span class='ocrx_word' id='word_1_219' title='bbox 576 1709 718 1749; x_wconf 85' lang='lat' dir='ltr'>clypeus</span> <span class='ocrx_word' id='word_1_220' title='bbox 743 1707 753 1724; x_wconf 89' lang='lat'>‘</span> <span class='ocrx_word' id='word_1_221' title='bbox 770 1708 911 1739; x_wconf 70' lang='lat' dir='ltr'>caelatus</span> <span class='ocrx_word' id='word_1_222' title='bbox 932 1716 1063 1747; x_wconf 84' lang='lat' dir='ltr'>pugnas</span> <span class='ocrx_word' id='word_1_223' title='bbox 1077 1706 1086 1720; x_wconf 89' lang='lat'><em>&#39;</em></span> <span class='ocrx_word' id='word_1_224' title='bbox 1109 1706 1199 1747; x_wconf 84' lang='lat' dir='ltr'>apud</span> <span class='ocrx_word' id='word_1_225' title='bbox 1221 1708 1384 1740; x_wconf 85' lang='lat' dir='ltr'>Nostrum</span> <span class='ocrx_word' id='word_1_226' title='bbox 1408 1707 1533 1741; x_wconf 89' lang='lat' dir='ltr'>Achill.</span> <span class='ocrx_word' id='word_1_227' title='bbox 1552 1717 1592 1740; x_wconf 87' lang='lat' dir='ltr'>u.</span> <span class='ocrx_word' id='word_1_228' title='bbox 1610 1711 1687 1743; x_wconf 86' lang='grc'><strong>178.</strong></span> 
     </span>
     <span class='ocr_line' id='line_1_26' title="bbox 226 1749 1684 1792; baseline 0.002 -12"><span class='ocrx_word' id='word_1_229' title='bbox 226 1753 262 1781; x_wconf 90' lang='lat' dir='ltr'>et</span> <span class='ocrx_word' id='word_1_230' title='bbox 295 1760 389 1782; x_wconf 79' lang='lat' dir='ltr'>arma</span> <span class='ocrx_word' id='word_1_231' title='bbox 412 1753 599 1791; x_wconf 84' lang='lat' dir='ltr'>‘expressa</span> <span class='ocrx_word' id='word_1_232' title='bbox 623 1749 740 1782; x_wconf 87' lang='lat' dir='ltr'>casus’</span> <span class='ocrx_word' id='word_1_233' title='bbox 762 1750 841 1781; x_wconf 88' lang='lat' dir='ltr'>Val.</span> <span class='ocrx_word' id='word_1_234' title='bbox 872 1749 965 1780; x_wconf 90' lang='lat' dir='ltr'>Flac.</span> <span class='ocrx_word' id='word_1_235' title='bbox 983 1758 1008 1780; x_wconf 90' lang='lat'>1.</span> <span class='ocrx_word' id='word_1_236' title='bbox 1040 1752 1113 1780; x_wconf 84' lang='lat'>398.</span> <span class='ocrx_word' id='word_1_237' title='bbox 1141 1754 1176 1781; x_wconf 83' lang='lat' dir='ltr'>et</span> <span class='ocrx_word' id='word_1_238' title='bbox 1204 1749 1303 1782; x_wconf 86' lang='lat' dir='ltr'>flores</span> <span class='ocrx_word' id='word_1_239' title='bbox 1332 1751 1516 1792; x_wconf 86' lang='lat' dir='ltr'>‘inscripti</span> <span class='ocrx_word' id='word_1_240' title='bbox 1546 1752 1684 1783; x_wconf 87' lang='lat' dir='ltr'>nomina</span> 
     </span>
     <span class='ocr_line' id='line_1_27' title="bbox 227 1792 1685 1835; baseline 0.001 -11"><span class='ocrx_word' id='word_1_241' title='bbox 227 1792 369 1834; x_wconf 81' lang='lat' dir='ltr'>regum‚’</span> <span class='ocrx_word' id='word_1_242' title='bbox 399 1794 490 1834; x_wconf 84' lang='lat' dir='ltr'>apud</span> <span class='ocrx_word' id='word_1_243' title='bbox 517 1793 615 1834; x_wconf 83' lang='lat' dir='ltr'>Virg.</span> <span class='ocrx_word' id='word_1_244' title='bbox 661 1793 775 1833; x_wconf 82' lang='lat' dir='ltr'>Lege:</span> <span class='ocrx_word' id='word_1_245' title='bbox 799 1793 853 1823; x_wconf 77' lang='lat' dir='ltr'>illa</span> <span class='ocrx_word' id='word_1_246' title='bbox 877 1792 941 1823; x_wconf 86' lang='lat' dir='ltr'>Dei</span> <span class='ocrx_word' id='word_1_247' title='bbox 961 1795 1080 1823; x_wconf 71' lang='lat' dir='ltr'>veteres</span> <span class='ocrx_word' id='word_1_248' title='bbox 1107 1792 1233 1824; x_wconf 81' lang='lat' dir='ltr'>imitata</span> <span class='ocrx_word' id='word_1_249' title='bbox 1255 1793 1371 1825; x_wconf 83' lang='lat' dir='ltr'>calores</span> <span class='ocrx_word' id='word_1_250' title='bbox 1380 1804 1393 1831; x_wconf 87' lang='lat'>‚·</span> <span class='ocrx_word' id='word_1_251' title='bbox 1419 1803 1519 1825; x_wconf 84' lang='lat' dir='ltr'>sensu</span> <span class='ocrx_word' id='word_1_252' title='bbox 1543 1795 1685 1835; x_wconf 80' lang='lat' dir='ltr'>optimo,</span> 
     </span>
     <span class='ocr_line' id='line_1_28' title="bbox 226 1834 1683 1879; baseline 0.001 -12"><span class='ocrx_word' id='word_1_253' title='bbox 226 1837 416 1867; x_wconf 85' lang='lat' dir='ltr'>mutatione</span> <span class='ocrx_word' id='word_1_254' title='bbox 444 1835 594 1867; x_wconf 80' lang='lat' dir='ltr'>minima.</span> <span class='ocrx_word' id='word_1_255' title='bbox 639 1835 682 1866; x_wconf 91' lang='lat' dir='ltr'>In</span> <span class='ocrx_word' id='word_1_256' title='bbox 711 1839 912 1866; x_wconf 84' lang='lat' dir='ltr'>contextum</span> <span class='ocrx_word' id='word_1_257' title='bbox 939 1835 1056 1876; x_wconf 86' lang='lat' dir='ltr'>itaque</span> <span class='ocrx_word' id='word_1_258' title='bbox 1087 1834 1207 1865; x_wconf 82' lang='lat' dir='ltr'>admisi</span> <span class='ocrx_word' id='word_1_259' title='bbox 1234 1835 1371 1868; x_wconf 79' lang='lat' dir='ltr'>imitata.</span> <span class='ocrx_word' id='word_1_260' title='bbox 1417 1837 1518 1870; x_wconf 85' lang='lat' dir='ltr'>Quod</span> <span class='ocrx_word' id='word_1_261' title='bbox 1542 1837 1570 1868; x_wconf 86' lang='lat' dir='ltr'>si</span> <span class='ocrx_word' id='word_1_262' title='bbox 1607 1838 1683 1879; x_wconf 85' lang='lat' dir='ltr'>quis</span> 
     </span>
     <span class='ocr_line' id='line_1_29' title="bbox 226 1877 1681 1919; baseline 0 -9"><span class='ocrx_word' id='word_1_263' title='bbox 226 1878 404 1910; x_wconf 82' lang='lat' dir='ltr'>audaciam</span> <span class='ocrx_word' id='word_1_264' title='bbox 427 1879 512 1910; x_wconf 78' lang='lat' dir='ltr'>lianc</span> <span class='ocrx_word' id='word_1_265' title='bbox 536 1879 690 1917; x_wconf 85' lang='lat' dir='ltr'>damnet,</span> <span class='ocrx_word' id='word_1_266' title='bbox 707 1881 841 1909; x_wconf 86' lang='lat' dir='ltr'>tantum</span> <span class='ocrx_word' id='word_1_267' title='bbox 859 1881 938 1917; x_wconf 84' lang='lat' dir='ltr'>peto</span> <span class='ocrx_word' id='word_1_268' title='bbox 953 1882 990 1908; x_wconf 88' lang='lat' dir='ltr'>ut</span> <span class='ocrx_word' id='word_1_269' title='bbox 1007 1877 1164 1917; x_wconf 89' lang='lat' dir='ltr'>exemplo</span> <span class='ocrx_word' id='word_1_270' title='bbox 1181 1887 1247 1908; x_wconf 90' lang='lat' dir='ltr'>uno</span> <span class='ocrx_word' id='word_1_271' title='bbox 1262 1878 1402 1919; x_wconf 79' lang='lat' dir='ltr'>hujusce</span> <span class='ocrx_word' id='word_1_272' title='bbox 1417 1879 1681 1911; x_wconf 79' lang='lat' dir='ltr'>constructionis</span> 
     </span>
     <span class='ocr_line' id='line_1_30' title="bbox 224 1919 1680 1962; baseline 0.001 -10"><span class='ocrx_word' id='word_1_273' title='bbox 224 1930 280 1952; x_wconf 88' lang='lat' dir='ltr'>me</span> <span class='ocrx_word' id='word_1_274' title='bbox 297 1921 438 1953; x_wconf 80' lang='lat' dir='ltr'>refutet.</span> <span class='ocrx_word' id='word_1_275' title='bbox 483 1921 615 1962; x_wconf 85' lang='lat' dir='ltr'>Aliquis</span> <span class='ocrx_word' id='word_1_276' title='bbox 637 1919 727 1952; x_wconf 84' lang='lat' dir='ltr'>forte</span> <span class='ocrx_word' id='word_1_277' title='bbox 753 1920 935 1961; x_wconf 83' lang='lat' dir='ltr'>conjiciat:</span> <span class='ocrx_word' id='word_1_278' title='bbox 959 1919 1014 1950; x_wconf 82' lang='lat' dir='ltr'>illa</span> <span class='ocrx_word' id='word_1_279' title='bbox 1029 1919 1094 1950; x_wconf 80' lang='lat' dir='ltr'>Dei</span> <span class='ocrx_word' id='word_1_280' title='bbox 1115 1920 1148 1950; x_wconf 80' lang='lat' dir='ltr'>in</span> <span class='ocrx_word' id='word_1_281' title='bbox 1164 1923 1281 1951; x_wconf 78' lang='lat' dir='ltr'>veteres</span> <span class='ocrx_word' id='word_1_282' title='bbox 1301 1921 1439 1952; x_wconf 77' lang='lat' dir='ltr'>animata</span> <span class='ocrx_word' id='word_1_283' title='bbox 1461 1922 1598 1958; x_wconf 57' lang='lat' dir='ltr'>calorem</span> <span class='ocrx_word' id='word_1_284' title='bbox 1620 1923 1680 1954; x_wconf 83' lang='lat' dir='ltr'>sed</span> 
     </span>
     <span class='ocr_line' id='line_1_31' title="bbox 225 1960 1681 2003; baseline 0.002 -10"><span class='ocrx_word' id='word_1_285' title='bbox 225 1963 333 2003; x_wconf 87' lang='lat' dir='ltr'>probe</span> <span class='ocrx_word' id='word_1_286' title='bbox 356 1965 427 1995; x_wconf 85' lang='lat' dir='ltr'>scio</span> <span class='ocrx_word' id='word_1_287' title='bbox 457 1964 604 1995; x_wconf 85' lang='lat' dir='ltr'>Statium</span> <span class='ocrx_word' id='word_1_288' title='bbox 634 1972 699 1994; x_wconf 90' lang='lat' dir='ltr'>non</span> <span class='ocrx_word' id='word_1_289' title='bbox 730 1963 777 1994; x_wconf 84' lang='lat' dir='ltr'>ita</span> <span class='ocrx_word' id='word_1_290' title='bbox 802 1962 1010 2002; x_wconf 84' lang='lat' dir='ltr'>scripturum</span> <span class='ocrx_word' id='word_1_291' title='bbox 1031 1960 1159 1993; x_wconf 76' lang='lat' dir='ltr'>fuisse-¹</span> <span class='ocrx_word' id='word_1_292' title='bbox 1179 1963 1387 1995; x_wconf 78' lang='lat' dir='ltr'>Markl.—55</span> <span class='ocrx_word' id='word_1_293' title='bbox 1412 1963 1519 1996; x_wconf 86' lang='lat' dir='ltr'>Codd.</span> <span class='ocrx_word' id='word_1_294' title='bbox 1535 1964 1681 1996; x_wconf 90' lang='lat' dir='ltr'>Domitii</span> 
     </span>
     <span class='ocr_line' id='line_1_32' title="bbox 225 2004 1679 2048; baseline 0.002 -12"><span class='ocrx_word' id='word_1_295' title='bbox 225 2005 400 2038; x_wconf 85' lang='lat' dir='ltr'>Calderini</span> <span class='ocrx_word' id='word_1_296' title='bbox 413 2009 556 2038; x_wconf 78' lang='lat' dir='ltr'>servatur</span> <span class='ocrx_word' id='word_1_297' title='bbox 571 2005 749 2037; x_wconf 83' lang='lat' dir='ltr'>amantibus</span> <span class='ocrx_word' id='word_1_298' title='bbox 763 2015 775 2042; x_wconf 92' lang='lat'>,·</span> <span class='ocrx_word' id='word_1_299' title='bbox 796 2005 913 2036; x_wconf 83' lang='lat' dir='ltr'>Parm.</span> <span class='ocrx_word' id='word_1_300' title='bbox 928 2005 1026 2035; x_wconf 88' lang='lat' dir='ltr'>Rom.</span> <span class='ocrx_word' id='word_1_301' title='bbox 1045 2004 1287 2037; x_wconf 83' lang='lat' dir='ltr'>Vicent.B1·ix.</span> <span class='ocrx_word' id='word_1_302' title='bbox 1303 2005 1408 2037; x_wconf 88' lang='lat' dir='ltr'>Aldd.</span> <span class='ocrx_word' id='word_1_303' title='bbox 1419 2006 1528 2038; x_wconf 89' lang='lat' dir='ltr'>Colin.</span> <span class='ocrx_word' id='word_1_304' title='bbox 1545 2007 1679 2048; x_wconf 79' lang='lat' dir='ltr'>Gryph.</span> 
     </span>
    </p>
   </div>
   <div class='ocr_carea' id='block_1_6' title="bbox 223 2046 1681 2174">
    <p class='ocr_par' dir='ltr' id='par_1_13' title="bbox 223 2046 1681 2174">
     <span class='ocr_line' id='line_1_33' title="bbox 223 2046 1679 2090; baseline 0.001 -11"><span class='ocrx_word' id='word_1_305' title='bbox 223 2047 331 2080; x_wconf 88' lang='lat' dir='ltr'>Basil.</span> <span class='ocrx_word' id='word_1_306' title='bbox 346 2051 412 2081; x_wconf 71' lang='grc' dir='ltr'>διο.</span> <span class='ocrx_word' id='word_1_307' title='bbox 428 2051 572 2080; x_wconf 76' lang='lat' dir='ltr'>sinuatur</span> <span class='ocrx_word' id='word_1_308' title='bbox 585 2049 771 2080; x_wconf 78' lang='lat' dir='ltr'>amantibus.</span> <span class='ocrx_word' id='word_1_309' title='bbox 815 2050 824 2065; x_wconf 86' lang='lat'><strong>⁴</strong></span> <span class='ocrx_word' id='word_1_310' title='bbox 844 2047 922 2079; x_wconf 89' lang='lat' dir='ltr'>Non</span> <span class='ocrx_word' id='word_1_311' title='bbox 943 2046 1084 2088; x_wconf 87' lang='lat' dir='ltr'>negabis</span> <span class='ocrx_word' id='word_1_312' title='bbox 1117 2048 1197 2088; x_wconf 84' lang='lat' dir='ltr'>quin</span> <span class='ocrx_word' id='word_1_313' title='bbox 1222 2048 1352 2088; x_wconf 76' lang='lat' dir='ltr'>scripta</span> <span class='ocrx_word' id='word_1_314' title='bbox 1377 2049 1480 2080; x_wconf 88' lang='lat' dir='ltr'>lectio</span> <span class='ocrx_word' id='word_1_315' title='bbox 1503 2049 1610 2090; x_wconf 80' lang='lat' dir='ltr'>magis</span> <span class='ocrx_word' id='word_1_316' title='bbox 1635 2050 1679 2081; x_wconf 79' lang='lat' dir='ltr'>ad</span> 
     </span>
     <span class='ocr_line' id='line_1_34' title="bbox 226 2089 1680 2133; baseline 0.001 -12"><span class='ocrx_word' id='word_1_317' title='bbox 226 2099 343 2123; x_wconf 83' lang='lat' dir='ltr'>verum</span> <span class='ocrx_word' id='word_1_318' title='bbox 364 2095 522 2123; x_wconf 79' lang='lat' dir='ltr'>scrutatur</span> <span class='ocrx_word' id='word_1_319' title='bbox 545 2091 723 2123; x_wconf 83' lang='lat' dir='ltr'>amantibus</span> <span class='ocrx_word' id='word_1_320' title='bbox 751 2089 875 2122; x_wconf 61' lang='lat' dir='ltr'>undas)</span> <span class='ocrx_word' id='word_1_321' title='bbox 898 2090 1002 2121; x_wconf 88' lang='lat' dir='ltr'>Bern.</span> <span class='ocrx_word' id='word_1_322' title='bbox 1049 2090 1150 2121; x_wconf 84' lang='lat' dir='ltr'>Hanc</span> <span class='ocrx_word' id='word_1_323' title='bbox 1175 2090 1357 2122; x_wconf 76' lang='lat' dir='ltr'>lectionem</span> <span class='ocrx_word' id='word_1_324' title='bbox 1383 2097 1590 2133; x_wconf 87' lang='lat' dir='ltr'>receperunt</span> <span class='ocrx_word' id='word_1_325' title='bbox 1612 2092 1680 2122; x_wconf 87' lang='lat' dir='ltr'>Ge-</span> 
     </span>
     <span class='ocr_line' id='line_1_35' title="bbox 225 2132 1681 2174; baseline 0.002 -10"><span class='ocrx_word' id='word_1_326' title='bbox 225 2138 311 2167; x_wconf 85' lang='lat' dir='ltr'>vart.</span> <span class='ocrx_word' id='word_1_327' title='bbox 325 2134 468 2167; x_wconf 88' lang='lat' dir='ltr'>Amstel.</span> <span class='ocrx_word' id='word_1_328' title='bbox 483 2134 603 2167; x_wconf 78' lang='lat' dir='ltr'>Barth.</span> <span class='ocrx_word' id='word_1_329' title='bbox 617 2134 767 2166; x_wconf 88' lang='lat' dir='ltr'>Gronov.</span> <span class='ocrx_word' id='word_1_330' title='bbox 783 2132 912 2174; x_wconf 85' lang='lat' dir='ltr'>Delph.</span> <span class='ocrx_word' id='word_1_331' title='bbox 931 2137 966 2164; x_wconf 88' lang='lat' dir='ltr'>et</span> <span class='ocrx_word' id='word_1_332' title='bbox 977 2133 1085 2165; x_wconf 87' lang='lat' dir='ltr'>Veen.</span> <span class='ocrx_word' id='word_1_333' title='bbox 1131 2133 1251 2165; x_wconf 84' lang='lat' dir='ltr'>Lectio</span> <span class='ocrx_word' id='word_1_334' title='bbox 1267 2138 1383 2166; x_wconf 84' lang='lat' dir='ltr'>nostra</span> <span class='ocrx_word' id='word_1_335' title='bbox 1400 2133 1546 2167; x_wconf 86' lang='lat' dir='ltr'>debetur</span> <span class='ocrx_word' id='word_1_336' title='bbox 1561 2134 1681 2167; x_wconf 83' lang='lat' dir='ltr'>Mark-</span> 
     </span>
    </p>
   </div>
   <div class='ocr_carea' id='block_1_7' title="bbox 882 2241 1023 2274">
    <p class='ocr_par' dir='ltr' id='par_1_14' title="bbox 882 2241 1023 2274">
     <span class='ocr_line' id='line_1_36' title="bbox 882 2241 1023 2274; baseline -0.007 0"><span class='ocrx_word' id='word_1_337' title='bbox 882 2241 1023 2274; x_wconf 83' lang='lat' dir='ltr'><strong>NOTAE</strong></span> 
     </span>
    </p>
   </div>
   <div class='ocr_carea' id='block_1_8' title="bbox 266 2325 1677 2370">
    <p class='ocr_par' dir='ltr' id='par_1_15' title="bbox 266 2325 1677 2370">
     <span class='ocr_line' id='line_1_37' title="bbox 266 2325 1677 2370; baseline -0.002 -9"><span class='ocrx_word' id='word_1_338' title='bbox 266 2332 307 2360; x_wconf 90' lang='grc'>51</span> <span class='ocrx_word' id='word_1_339' title='bbox 331 2329 375 2361; x_wconf 81' lang='lat' dir='ltr'>Et</span> <span class='ocrx_word' id='word_1_340' title='bbox 404 2329 506 2370; x_wconf 84' lang='lat' dir='ltr'>Jovis,</span> <span class='ocrx_word' id='word_1_341' title='bbox 522 2332 553 2361; x_wconf 86' lang='lat' dir='ltr'>et</span> <span class='ocrx_word' id='word_1_342' title='bbox 577 2327 690 2360; x_wconf 75' lang='lat' dir='ltr'>Phoebi</span> <span class='ocrx_word' id='word_1_343' title='bbox 707 2326 856 2368; x_wconf 83' lang='lat' dir='ltr'>frondes]</span> <span class='ocrx_word' id='word_1_344' title='bbox 881 2327 923 2359; x_wconf 93' lang='lat' dir='ltr'>Id</span> <span class='ocrx_word' id='word_1_345' title='bbox 1023 2331 1064 2359; x_wconf 85' lang='lat'>52</span> <span class='ocrx_word' id='word_1_346' title='bbox 1087 2327 1333 2369; x_wconf 75' lang='lat' dir='ltr'>Nostraepinus]</span> <span class='ocrx_word' id='word_1_347' title='bbox 1357 2326 1463 2359; x_wconf 87' lang='lat' dir='ltr'>Pinus</span> <span class='ocrx_word' id='word_1_348' title='bbox 1489 2325 1580 2358; x_wconf 88' lang='lat' dir='ltr'>enim</span> <span class='ocrx_word' id='word_1_349' title='bbox 1601 2330 1677 2358; x_wconf 80' lang='lat' dir='ltr'>erat</span> 
     </span>
    </p>
   </div>
   <div class='ocr_carea' id='block_1_9' title="bbox 217 2377 1674 2772">
    <p class='ocr_par' dir='ltr' id='par_1_16' title="bbox 222 2377 1188 2420">
     <span class='ocr_line' id='line_1_38' title="bbox 222 2377 1188 2420; baseline -0.002 -9"><span class='ocrx_word' id='word_1_350' title='bbox 222 2385 288 2420; x_wconf 85' lang='lat' dir='ltr'>est,</span> <span class='ocrx_word' id='word_1_351' title='bbox 304 2382 447 2413; x_wconf 83' lang='lat' dir='ltr'>Esculus</span> <span class='ocrx_word' id='word_1_352' title='bbox 462 2381 534 2413; x_wconf 86' lang='lat' dir='ltr'>sive</span> <span class='ocrx_word' id='word_1_353' title='bbox 548 2381 705 2412; x_wconf 85' lang='lat' dir='ltr'>AEsculus</span> <span class='ocrx_word' id='word_1_354' title='bbox 722 2379 801 2412; x_wconf 86' lang='lat' dir='ltr'>Jovi</span> <span class='ocrx_word' id='word_1_355' title='bbox 816 2388 924 2419; x_wconf 79' lang='lat' dir='ltr'>sacra,</span> <span class='ocrx_word' id='word_1_356' title='bbox 977 2377 1064 2410; x_wconf 85' lang='lat' dir='ltr'>Pani</span> <span class='ocrx_word' id='word_1_357' title='bbox 1080 2388 1188 2410; x_wconf 85' lang='lat' dir='ltr'>sacra.</span> 
     </span>
    </p>

    <p class='ocr_par' dir='ltr' id='par_1_17' title="bbox 219 2425 1674 2573">
     <span class='ocr_line' id='line_1_39' title="bbox 221 2425 1674 2472; baseline -0.005 -9"><span class='ocrx_word' id='word_1_358' title='bbox 221 2435 257 2462; x_wconf 85' lang='lat' dir='ltr'>et</span> <span class='ocrx_word' id='word_1_359' title='bbox 273 2432 389 2463; x_wconf 86' lang='lat' dir='ltr'>laurus</span> <span class='ocrx_word' id='word_1_360' title='bbox 404 2431 568 2472; x_wconf 85' lang='lat' dir='ltr'>Apollini.</span> <span class='ocrx_word' id='word_1_361' title='bbox 613 2432 659 2462; x_wconf 86' lang='lat' dir='ltr'>Et</span> <span class='ocrx_word' id='word_1_362' title='bbox 671 2431 803 2463; x_wconf 79' lang='lat' dir='ltr'>discolor</span> <span class='ocrx_word' id='word_1_363' title='bbox 815 2429 924 2461; x_wconf 80' lang='lat' dir='ltr'>umbra</span> <span class='ocrx_word' id='word_1_364' title='bbox 1019 2431 1060 2459; x_wconf 80' lang='grc'>53</span> <span class='ocrx_word' id='word_1_365' title='bbox 1083 2428 1147 2460; x_wconf 79' lang='lat' dir='ltr'>Dei</span> <span class='ocrx_word' id='word_1_366' title='bbox 1159 2428 1284 2459; x_wconf 79' lang='lat' dir='ltr'>imitata</span> <span class='ocrx_word' id='word_1_367' title='bbox 1297 2426 1466 2467; x_wconf 82' lang='lat' dir='ltr'>[animata]</span> <span class='ocrx_word' id='word_1_368' title='bbox 1480 2425 1610 2466; x_wconf 73' lang='lat' dir='ltr'>calores]</span> <span class='ocrx_word' id='word_1_369' title='bbox 1633 2425 1674 2456; x_wconf 91' lang='lat' dir='ltr'>Id</span> 
     </span>
     <span class='ocr_line' id='line_1_40' title="bbox 219 2475 1674 2523; baseline -0.005 -10"><span class='ocrx_word' id='word_1_370' title='bbox 219 2482 374 2523; x_wconf 82' lang='lat' dir='ltr'>Populus]</span> <span class='ocrx_word' id='word_1_371' title='bbox 399 2482 522 2523; x_wconf 88' lang='lat' dir='ltr'>Populi</span> <span class='ocrx_word' id='word_1_372' title='bbox 534 2482 623 2514; x_wconf 90' lang='lat' dir='ltr'>enim</span> <span class='ocrx_word' id='word_1_373' title='bbox 641 2482 707 2512; x_wconf 85' lang='lat' dir='ltr'>tria</span> <span class='ocrx_word' id='word_1_374' title='bbox 721 2489 858 2522; x_wconf 83' lang='lat' dir='ltr'>genera,</span> <span class='ocrx_word' id='word_1_375' title='bbox 876 2480 923 2511; x_wconf 87' lang='lat' dir='ltr'>al·</span> <span class='ocrx_word' id='word_1_376' title='bbox 976 2482 1040 2518; x_wconf 90' lang='lat' dir='ltr'>est,</span> <span class='ocrx_word' id='word_1_377' title='bbox 1054 2479 1089 2509; x_wconf 91' lang='lat' dir='ltr'>in</span> <span class='ocrx_word' id='word_1_378' title='bbox 1116 2487 1153 2510; x_wconf 87' lang='lat' dir='ltr'>se</span> <span class='ocrx_word' id='word_1_379' title='bbox 1179 2482 1348 2519; x_wconf 85' lang='lat' dir='ltr'>concepto</span> <span class='ocrx_word' id='word_1_380' title='bbox 1365 2476 1435 2508; x_wconf 88' lang='lat' dir='ltr'>Dei</span> <span class='ocrx_word' id='word_1_381' title='bbox 1463 2475 1583 2508; x_wconf 82' lang='lat' dir='ltr'>ardore</span> <span class='ocrx_word' id='word_1_382' title='bbox 1613 2485 1674 2507; x_wconf 85' lang='lat' dir='ltr'>seu</span> 
     </span>
     <span class='ocr_line' id='line_1_41' title="bbox 219 2530 1103 2573; baseline -0.005 -10"><span class='ocrx_word' id='word_1_383' title='bbox 219 2532 275 2569; x_wconf 86' lang='lat' dir='ltr'>ba,</span> <span class='ocrx_word' id='word_1_384' title='bbox 300 2532 409 2573; x_wconf 84' lang='lat' dir='ltr'>nigra,</span> <span class='ocrx_word' id='word_1_385' title='bbox 424 2536 461 2563; x_wconf 88' lang='lat' dir='ltr'>et</span> <span class='ocrx_word' id='word_1_386' title='bbox 478 2542 553 2573; x_wconf 86' lang='lat' dir='ltr'>quae</span> <span class='ocrx_word' id='word_1_387' title='bbox 570 2531 702 2572; x_wconf 89' lang='lat' dir='ltr'>Libyca</span> <span class='ocrx_word' id='word_1_388' title='bbox 718 2530 922 2572; x_wconf 77' lang='lat' dir='ltr'>appellatur.</span> <span class='ocrx_word' id='word_1_389' title='bbox 978 2538 1103 2560; x_wconf 87' lang='lat' dir='ltr'>amore.</span> 
     </span>
    </p>

    <p class='ocr_par' dir='ltr' id='par_1_18' title="bbox 217 2575 1673 2674">
     <span class='ocr_line' id='line_1_42' title="bbox 219 2575 1673 2623; baseline -0.005 -9"><span class='ocrx_word' id='word_1_390' title='bbox 219 2581 309 2614; x_wconf 85' lang='lat' dir='ltr'>Alba</span> <span class='ocrx_word' id='word_1_391' title='bbox 319 2581 400 2614; x_wconf 82' lang='lat' dir='ltr'>folio</span> <span class='ocrx_word' id='word_1_392' title='bbox 416 2582 547 2614; x_wconf 87' lang='lat' dir='ltr'>bicolor</span> <span class='ocrx_word' id='word_1_393' title='bbox 561 2591 707 2623; x_wconf 87' lang='lat' dir='ltr'>superne</span> <span class='ocrx_word' id='word_1_394' title='bbox 725 2581 922 2621; x_wconf 64' lang='lat' dir='ltr'>candicanti,</span> <span class='ocrx_word' id='word_1_395' title='bbox 1017 2581 1059 2610; x_wconf 86' lang='grc'>58</span> <span class='ocrx_word' id='word_1_396' title='bbox 1082 2579 1189 2610; x_wconf 83' lang='lat' dir='ltr'>Enode</span> <span class='ocrx_word' id='word_1_397' title='bbox 1202 2577 1358 2618; x_wconf 80' lang='lat' dir='ltr'>cacumen]</span> <span class='ocrx_word' id='word_1_398' title='bbox 1379 2575 1448 2608; x_wconf 90' lang='lat' dir='ltr'>Sub</span> <span class='ocrx_word' id='word_1_399' title='bbox 1463 2575 1558 2618; x_wconf 80' lang='lat' dir='ltr'>aquis</span> <span class='ocrx_word' id='word_1_400' title='bbox 1583 2576 1673 2608; x_wconf 86' lang='lat' dir='ltr'>enim</span> 
     </span>
     <span class='ocr_line' id='line_1_43' title="bbox 217 2625 1541 2674; baseline -0.005 -10"><span class='ocrx_word' id='word_1_401' title='bbox 217 2631 381 2664; x_wconf 82' lang='lat' dir='ltr'>inferiore.</span> <span class='ocrx_word' id='word_1_402' title='bbox 398 2636 497 2674; x_wconf 82' lang='lat' dir='ltr'>parte</span> <span class='ocrx_word' id='word_1_403' title='bbox 518 2632 632 2664; x_wconf 90' lang='lat' dir='ltr'>viridi.</span> <span class='ocrx_word' id='word_1_404' title='bbox 677 2631 818 2663; x_wconf 84' lang='lat' dir='ltr'>Herculi</span> <span class='ocrx_word' id='word_1_405' title='bbox 844 2635 920 2663; x_wconf 83' lang='lat' dir='ltr'>erat</span> <span class='ocrx_word' id='word_1_406' title='bbox 972 2628 1100 2660; x_wconf 87' lang='lat' dir='ltr'>nodosa</span> <span class='ocrx_word' id='word_1_407' title='bbox 1115 2631 1201 2668; x_wconf 85' lang='lat' dir='ltr'>erat,</span> <span class='ocrx_word' id='word_1_408' title='bbox 1215 2631 1359 2659; x_wconf 82' lang='lat' dir='ltr'>curvata</span> <span class='ocrx_word' id='word_1_409' title='bbox 1373 2626 1407 2657; x_wconf 91' lang='lat' dir='ltr'>in</span> <span class='ocrx_word' id='word_1_410' title='bbox 1423 2625 1541 2658; x_wconf 85' lang='lat' dir='ltr'>nodos.</span> 
     </span>
    </p>

    <p class='ocr_par' dir='ltr' id='par_1_19' title="bbox 217 2677 1671 2772">
     <span class='ocr_line' id='line_1_44' title="bbox 219 2677 1671 2723; baseline -0.003 -10"><span class='ocrx_word' id='word_1_411' title='bbox 219 2692 327 2715; x_wconf 77' lang='lat' dir='ltr'>saera.</span> <span class='ocrx_word' id='word_1_412' title='bbox 361 2682 526 2723; x_wconf 86' lang='lat' dir='ltr'>Virgilius</span> <span class='ocrx_word' id='word_1_413' title='bbox 542 2681 674 2714; x_wconf 83' lang='lat' dir='ltr'>AEneid.</span> <span class='ocrx_word' id='word_1_414' title='bbox 689 2691 771 2713; x_wconf 85' lang='lat' dir='ltr'>vm.</span> <span class='ocrx_word' id='word_1_415' title='bbox 805 2681 918 2713; x_wconf 83' lang='lat' dir='ltr'>‘Her-</span> <span class='ocrx_word' id='word_1_416' title='bbox 1014 2682 1056 2711; x_wconf 85' lang='lat'>59</span> <span class='ocrx_word' id='word_1_417' title='bbox 1080 2679 1261 2720; x_wconf 75' lang='lat' dir='ltr'>Ingeniosa]</span> <span class='ocrx_word' id='word_1_418' title='bbox 1289 2678 1339 2710; x_wconf 91' lang='lat' dir='ltr'>Ut</span> <span class='ocrx_word' id='word_1_419' title='bbox 1363 2688 1439 2720; x_wconf 78' lang='lat' dir='ltr'>qnae</span> <span class='ocrx_word' id='word_1_420' title='bbox 1465 2677 1604 2710; x_wconf 81' lang='lat' dir='ltr'>tandem</span> <span class='ocrx_word' id='word_1_421' title='bbox 1621 2678 1671 2710; x_wconf 86' lang='lat' dir='ltr'>in-</span> 
     </span>
     <span class='ocr_line' id='line_1_45' title="bbox 217 2727 1550 2772; baseline -0.004 -8"><span class='ocrx_word' id='word_1_422' title='bbox 217 2734 316 2765; x_wconf 88' lang='lat' dir='ltr'>culea</span> <span class='ocrx_word' id='word_1_423' title='bbox 347 2732 477 2765; x_wconf 86' lang='lat' dir='ltr'>bicolor</span> <span class='ocrx_word' id='word_1_424' title='bbox 505 2741 582 2764; x_wconf 88' lang='lat' dir='ltr'>cum</span> <span class='ocrx_word' id='word_1_425' title='bbox 607 2732 752 2772; x_wconf 82' lang='lat' dir='ltr'>populus</span> <span class='ocrx_word' id='word_1_426' title='bbox 775 2730 920 2764; x_wconf 68' lang='lat' dir='ltr'>umbra!</span> <span class='ocrx_word' id='word_1_427' title='bbox 971 2734 1113 2763; x_wconf 82' lang='lat' dir='ltr'>venerat</span> <span class='ocrx_word' id='word_1_428' title='bbox 1127 2729 1262 2762; x_wconf 90' lang='lat' dir='ltr'>modum</span> <span class='ocrx_word' id='word_1_429' title='bbox 1274 2727 1412 2761; x_wconf 84' lang='lat' dir='ltr'>fruendi</span> <span class='ocrx_word' id='word_1_430' title='bbox 1425 2736 1550 2760; x_wconf 82' lang='lat' dir='ltr'>amore.</span> 
     </span>
    </p>
   </div>
   <div class='ocr_carea' id='block_1_10' title="bbox 217 2783 802 2822">
    <p class='ocr_par' dir='ltr' id='par_1_20' title="bbox 217 2783 802 2822">
     <span class='ocr_line' id='line_1_46' title="bbox 217 2783 802 2822; baseline -0.005 -7"><span class='ocrx_word' id='word_1_431' title='bbox 217 2783 306 2816; x_wconf 79' lang='lat' dir='ltr'>Vide</span> <span class='ocrx_word' id='word_1_432' title='bbox 323 2783 474 2815; x_wconf 86' lang='lat' dir='ltr'>Plinium</span> <span class='ocrx_word' id='word_1_433' title='bbox 486 2783 545 2815; x_wconf 89' lang='lat' dir='ltr'>lib.</span> <span class='ocrx_word' id='word_1_434' title='bbox 561 2791 640 2815; x_wconf 85' lang='lat' dir='ltr'>xv1.</span> <span class='ocrx_word' id='word_1_435' title='bbox 657 2790 734 2822; x_wconf 88' lang='lat' dir='ltr'>cap.</span> <span class='ocrx_word' id='word_1_436' title='bbox 750 2784 802 2813; x_wconf 85' lang='grc'>23.</span> 
     </span>
    </p>
   </div>
  </div>
 </body>
</html>
