1800 3060
208 188 295 232 298
710 199 750 230 Ρ.
783 199 975 230 ΡΑνιΝιι
1009 180 1178 231 εΤΑΤιι

207 294 390 337 Testius
410 294 656 349 obstupuit,
678 294 810 336 toties
827 307 977 337 socer:
1007 294 1078 336 hic
1099 295 1179 336 tibi
1202 293 1329 336 festa

209 363 427 417 Gymnas,
449 368 492 405 et
510 364 707 404 insontes
721 362 935 416 juvenum
957 362 1052 403 sine
1073 362 1287 403 caestibus
1308 361 1387 403 irae

207 430 375 472 Annua
395 429 541 472 veloci
560 434 777 483 peragunt
792 429 1034 470 certamina
1054 429 1210 470 lustro.

209 497 302 540 Hic
324 497 503 552 templis
522 497 779 551 inscriptus,
801 509 888 537 avo
911 495 1149 549 gaudente,
1171 495 1382 538 sacerdos

1614 431 1672 473 45

207 645 265 674 est.
311 643 378 675 Hic
393 644 587 676 celebrantur
609 643 642 676 in
658 648 747 676 tuum
761 645 905 676 honorem
927 653 1031 676 annua
1051 644 1223 676 certamina
1243 643 1414 675 incruenta
1434 643 1538 682 luctoe,
1560 641 1673 674 amotis

207 684 365 727 caestibus,
379 687 471 719 celeri
486 688 594 720 lustro.
629 688 696 719 Hic
711 688 843 719 antistes
857 687 1101 726 initiaturfanis
1112 687 1188 728 tuis,
1200 697 1256 719 avo
1272 687 1445 727 exultante,
1460 695 1540 727 puer
1560 685 1672 724 adhuc,

824 803 882 816 000
886 803 1043 815 OO‘O'OOOO
1047 803 1065 815 O

209 889 364 921 Gronov.
390 888 426 920 in
450 889 563 922 Diatr.
587 899 664 931 cap.
677 892 731 922 23.
769 890 997 923 Marklandus
1015 900 1109 930 vero,
1129 890 1409 931 ingenuam—44
1434 890 1607 922 Domitius
1622 889 1672 921 in-

209 932 306 963 venit
321 932 355 963 in
371 933 441 963 suis
457 933 556 964 codd.
571 933 723 971 testibus;
746 933 837 965 unde
863 933 948 965 fecit
969 934 1136 971 coestibuu
1159 933 1248 975 quod
1263 938 1343 965 ante
1358 933 1452 965 illum
1468 934 1585 965 babuit
1601 933 1674 964 edi·

209 975 258 1006 tio
277 974 486 1007 Parmensis.
531 975 609 1007 Hoc
629 981 744 1007 tamen
761 976 969 1008 Marklaudo
985 975 1210 1017 subfrigidum
1228 976 1386 1016 videtur;
1411 986 1516 1018 qnare
1531 976 1589 1007 ille
1603 975 1672 1017 legi

208 1017 309 1050 malit
343 1017 576 1051 coedibu³.—46
607 1019 674 1051 Hic
700 1020 824 1060 templis
851 1020 1029 1061 adscriptus
1061 1020 1259 1061 conjecerat
1298 1019 1390 1052 idem
1430 1018 1670 1051 Markland-1⁸.

874 1131 1015 1164 NOTAE

206 1228 275 1271 cer]
290 1228 359 1261 Hic
373 1227 629 1270 Thespiensium
641 1239 713 1270 rex,
724 1240 792 1262 non
807 1230 915 1262 Thes·

208 1282 299 1323 pius,
309 1282 368 1314 sed
378 1283 537 1314 Thestius
549 1284 743 1325 appellatur
751 1284 794 1316 ab
807 1282 914 1325 Apol-

208 1331 330 1364 lodoro
371 1333 539 1365 Biblioth.
581 1334 638 1365 lib.
664 1343 707 1366 11.
744 1334 914 1376 huJusque

209 1392 334 1425 greges
347 1383 402 1415 leo
418 1383 650 1416 Cithaeronius
666 1384 913 1426 discerpserat.

208 1434 261 1466 Eo
277 1443 358 1467 vero
374 1434 417 1466 ab
433 1435 588 1468 Hercule
614 1437 729 1468 occiso
751 1436 916 1477 Thespius

208 1485 398 1518 Herculem
410 1496 473 1527 per
481 1487 731 1529 quinquaginta
740 1487 812 1519 dies
822 1486 915 1528 apud

208 1546 247 1569 se
262 1536 421 1577 retinuit,
436 1537 538 1579 eique
560 1537 715 1580 quotidie
742 1547 805 1579 pro
826 1546 912 1569 mer-

208 1584 296 1620 cede
312 1588 460 1628 peremti
477 1587 586 1620 leonis
601 1597 702 1619 unam
717 1596 761 1619 ex
775 1586 913 1621 filiabus

208 1636 491 1679 devirginandam
510 1638 683 1678 tradebat,
707 1638 914 1680 pei-cupiens

208 1688 359 1730 singulas
385 1690 562 1730 praeclarae
594 1689 722 1721 sobolis
754 1694 914 1731 parentes

207 1739 340 1772 videre.
385 1740 496 1772 Porro
522 1750 636 1780 vagam
657 1743 778 1772 noctem
800 1743 914 1779 vocat,

208 1790 254 1823 ob
281 1791 500 1824 concubitum
528 1801 664 1832 vagum.
707 1791 798 1822 Sunt
825 1790 914 1822 enim

209 1841 266 1883 qui
282 1841 342 1873 has
357 1851 474 1874 omnes
491 1843 626 1884 puellas
641 1851 708 1872 una
724 1840 914 1883 eademque

207 1896 311 1925 nocte
326 1893 486 1924 mulieres
500 1891 611 1924 factas
635 1891 678 1923 ab
701 1891 854 1923 Hercule
878 1895 915 1922 et

209 1942 368 1986 gravidas
385 1943 524 1975 relictas
542 1942 694 1982 tradant,
716 1946 755 1973 ut
781 1940 836 1973 hic
847 1941 914 1972 Pa-

209 1993 336 2034 pintus.
394 1993 453 2026 Sic
488 1993 591 2025 etiam
627 1991 795 2033 Thespius
821 1991 914 2023 toties

209 2049 287 2076 erat
301 2053 398 2082 socer,
417 2043 553 2086 quoties
574 2043 746 2075 Hercules
768 2052 839 2074 rein
855 2043 913 2074 ha·

207 2094 315 2127 bebat
339 2104 419 2126 cum
445 2094 561 2136 aliqua
589 2104 633 2127 ex
666 2094 738 2135 ejus
767 2092 913 2126 filiabus.

210 2144 356 2178 Graecus
371 2149 488 2178 autem
503 2143 912 2187 Epigrammatographus

208 2197 310 2239 hujus
336 2206 427 2237 vagae
454 2197 556 2229 noctis
585 2195 731 2236 facinus,
765 2195 915 2227 decinmm

212 2247 345 2280 tertium
379 2250 536 2279 certamen
577 2245 693 2278 facete
737 2245 912 2288 appellat:

213 2297 410 2338 Μουνονουχὶ
433 2296 631 2336 πεντήκοντα
643 2295 829 2337 συνέλεξατο
843 2295 914 2328 κού-

208 2360 285 2390 ραις.
328 2349 482 2383 Tametsi
496 2348 670 2391 appendix
690 2346 798 2380 fuerit
812 2347 914 2389 primi

209 2399 360 2434 omnium
376 2400 573 2432 certaminis
599 2409 676 2432 cum
702 2400 819 2432 Leone
841 2399 912 2431 Ne-

208 2459 310 2492 maeo,
326 2450 418 2491 quod
434 2450 566 2483 decimo
581 2455 705 2483 octavo
721 2450 834 2482 aetatis
856 2459 913 2482 an·

209 2511 255 2535 no
269 2501 442 2533 sustinuit.

251 2554 294 2585 43
317 2551 401 2592 Hic]
423 2551 581 2582 Surrenti
596 2551 741 2584 scilicet.

251 2605 294 2635 44
312 2602 470 2644 Gymnas]
486 2602 564 2633 Vox
579 2602 641 2633 soli
657 2601 806 2644 Papinio
819 2609 915 2634 usur-

211 2659 307 2694 pata,
321 2659 361 2686 ut
377 2653 450 2695 jam
465 2653 626 2685 diximus.
671 2653 741 2684 Per·
759 2653 847 2685 hanc
863 2653 916 2684 lu-

211 2704 272 2736 dos
287 2703 476 2745 Gymnicus
493 2702 668 2744 intelligit.
700 2703 841 2735 Dicitur
848 2701 916 2741 ses-

211 2758 259 2797 ta,
275 2754 354 2797 quia
367 2755 403 2787 hi
424 2754 496 2787 ludi
510 2753 599 2786 sacri
621 2758 733 2796 erant,
747 2754 835 2786 etin
857 2754 916 2786 ho-

970 1239 1088 1262 norem
1129 1228 1294 1262 Herculis
1322 1227 1474 1261 instituti
1500 1237 1521 1259 a
1549 1225 1673 1260 Pollio.

971 1281 1116 1314 Insontes
1129 1281 1197 1314 sine
1211 1280 1357 1313 caestibus
1371 1279 1446 1320 ἕνα]
1469 1278 1559 1313 Quia
1581 1278 1615 1310 in
1630 1278 1672 1310 iis

969 1332 1058 1364 ludis
1085 1342 1154 1364 non
1181 1337 1257 1364 erat
1285 1333 1452 1364 caestuum
1482 1333 1671 1368 certamen,

968 1382 1089 1424 quibus
1106 1383 1306 1424 plerumque
1332 1380 1451 1414 caedes
1478 1378 1674 1412 committe·

969 1434 1071 1468 batur
1101 1434 1303 1468 alterutrius
1338 1431 1575 1476 pugnantium.
1621 1431 1673 1462 Ea

968 1487 1102 1518 ratione
1116 1486 1126 1504 ‘
1138 1484 1281 1518 infestos
1289 1484 1299 1500 ’
1313 1489 1416 1518 vocat
1427 1487 1553 1516 caestus
1563 1481 1673 1515 Theb.

967 1546 1019 1570 vr.
1033 1539 1111 1569 ⁷26.

1010 1589 1052 1619 45
1074 1586 1189 1619 Annua
1210 1585 1307 1618 veloci
1326 1588 1485 1627 peragunt
1499 1583 1674 1617 certamina

968 1637 1084 1678 lustro]
1092 1637 1160 1670 Hic
1170 1637 1313 1669 lustrum
1324 1646 1391 1668 non
1402 1635 1512 1677 prima
1522 1636 1574 1667 sui
1585 1635 1676 1666 noti-

968 1697 1034 1721 one
1050 1686 1293 1728 accipiendum
1308 1690 1361 1718 est
1378 1695 1440 1727 pro
1455 1685 1566 1727 spatio
1577 1686 1673 1727 quin-

970 1749 1038 1782 que
1053 1748 1233 1778 annorum,
1244 1737 1306 1770 aed
1319 1747 1381 1779 pro
1397 1737 1577 1770 intervallo
1589 1741 1675 1769 tem·

969 1790 1074 1832 poris,
1090 1788 1182 1831 quod
1208 1787 1447 1820 intercedebat
1473 1787 1564 1819 inter
1587 1787 1673 1819 duas

967 1840 1125 1872 ludorum
1135 1838 1400 1878 celebrationes,
1416 1848 1493 1880 quae
1508 1847 1545 1869 se
1555 1846 1675 1879 seque·

968 1890 1094 1923 bantur
1106 1901 1116 1930 ;
1130 1890 1222 1921 unde
1232 1889 1287 1921 hic
1303 1889 1314 1907 ⁴
1326 1889 1425 1920 velox
1436 1887 1599 1920 lustrum'
1616 1897 1672 1920 vo·

968 1945 1038 1982 cat,
1056 1941 1147 1983 quod
1164 1945 1240 1972 erat
1256 1944 1388 1972 tantum
1411 1939 1576 1971 circuitus
1597 1940 1668 1971 uni·

967 2002 1008 2025 us
1024 1992 1105 2024 anni
1119 2002 1127 2023 :
1153 1990 1256 2022 annui
1271 1990 1362 2022 enim
1378 1993 1482 2022 erant
1495 1989 1629 2022 hiladi.

1008 2046 1052 2075 46
1075 2043 1143 2075 Hic
1156 2042 1281 2084 templis
1302 2042 1488 2084 inscriptus,
1510 2052 1568 2074 avo
1590 2051 1672 2083 gau-

966 2095 1071 2135 dente,
1085 2094 1229 2126 sacerdos
1251 2094 1375 2126 Parvus
1398 2093 1516 2134 adhuc]
1551 2093 1674 2126 Innuit

966 2148 1130 2186 nepotem
1146 2144 1251 2177 Pollii
1274 2154 1318 2177 ex
1342 2143 1416 2176 filia
1435 2145 1548 2176 Pollia
1563 2153 1672 2176 uxore

968 2196 1191 2237 Menecratis,
1207 2195 1267 2238 qui
1283 2204 1370 2238 puer
1383 2196 1546 2228 sacerdos
1559 2195 1674 2227 initia·

968 2251 1024 2278 tua
1040 2251 1115 2278 erat
1127 2246 1285 2279 Herculi.
1328 2247 1374 2278 Et
1387 2244 1536 2279 fortasse
1550 2246 1586 2278 hi
1601 2246 1673 2279 ludi

968 2302 1066 2329 erant
1081 2297 1235 2329 instituti
1263 2297 1310 2329 ad
1331 2295 1475 2329 formam
1502 2297 1672 2334 ludorum,

968 2348 1076 2390 quiin
1101 2358 1185 2389 agro
1210 2348 1382 2381 Leontino
1406 2347 1673 2380 celebrabantur

967 2397 1002 2429 in
1018 2398 1180 2430 honorem
1197 2397 1375 2438 Herculis,
1399 2398 1566 2439 palestrae
1582 2397 1673 2429 seili-

967 2452 1026 2481 cet
1040 2454 1075 2481 et
1098 2458 1263 2491 equorum
1279 2459 1286 2478 :
1310 2452 1408 2480 tanta
1421 2447 1568 2479 numinis
1581 2457 1672 2489 proe·

968 2501 1094 2542 sentia,
1115 2505 1155 2533 ut
1170 2500 1199 2532 si
1214 2499 1283 2532 ludi
1300 2503 1489 2540 cessarent,
1499 2498 1598 2540 pueri
1613 2509 1672 2531 an-

969 2552 1098 2584 tintitcs
1112 2551 1200 2583 muti
1213 2550 1348 2590 fierent,
1364 2558 1431 2592 quo
1453 2548 1572 2581 morbo
1586 2549 1671 2582 libe·

970 2601 1146 2643 rabantur‚
1167 2601 1265 2633 simul
1281 2610 1320 2632 ac
1335 2609 1435 2632 sacra
1459 2600 1670 2632 renovaban-

968 2657 1038 2685 tur.
1082 2652 1129 2684 Et
1141 2652 1206 2683 hoc
1222 2651 1303 2693 quia
1316 2659 1404 2693 puer
1425 2650 1594 2682 Hercules
1609 2651 1671 2682 im-

968 2702 1089 2735 missos
1116 2711 1137 2734 a
1156 2701 1292 2736 Junone
1316 2709 1467 2733 noverca
1489 2705 1670 2742 serpentes

969 2751 1156 2787 occiderat.
