1800 3060
219 202 307 244 440

721 215 761 243 Ρ.
794 213 982 243 ΡΑΙἿΝΙΙ
1019 213 1186 244 STA'rn

222 309 386 360 Littus,
409 309 482 350 ubi
504 307 704 350 Ausonio
727 322 776 351 se
798 310 996 351 condidit
1014 311 1185 365 hospita
1206 316 1336 365 portu

222 377 516 432 Parthenope,
539 382 691 419 tenues
711 378 870 432 ignavo
891 379 1058 432 pollice
1078 379 1267 421 chordas

224 445 378 495 Pulso,
403 445 692 499 Maroneique
712 446 872 488 sedens
894 447 938 487 in
959 448 1152 500 margine
1175 448 1331 502 templi

224 513 361 555 Sumo
383 515 594 564 animum,
617 517 661 555 et
681 515 830 567 magni
852 515 1033 556 tumulis
1055 516 1244 558 adcanto
1266 518 1486 571 magistri:

1629 520 1689 561 55

222 581 288 623 At
306 585 367 632 tu,
390 582 429 622 si
450 582 571 635 longi
592 595 771 625 cursum
792 583 920 624 dabit
940 581 1137 637 Atropos
1158 585 1259 634 aevi,

222 650 447 706 (Detque,
470 648 664 705 precor‚)
683 650 888 706 Latiique
909 651 1038 693 ducis
1058 653 1097 694 si
1118 653 1301 695 numina
1319 658 1513 708 pergent,

223 718 387 772 (Quem
408 719 492 760 tibi
514 719 772 772 posthabito
792 719 986 761 studium
1009 725 1080 761 est
1101 721 1296 762 coluisse
1317 721 1537 772 Tonante,

226 786 404 841 Quique
425 791 528 828 tuos
552 787 641 829 alio
663 787 864 829 subtexit
882 801 1059 829 munere
1077 788 1240 840 fasces,

225 855 282 897 Et
303 855 453 909 spatia
473 855 670 909 antiquae
691 855 874 897 mandat
893 868 1102 898 renovare
1124 855 1336 913 Latinae)

1632 853 1693 900 60

226 989 325 1021 oram,
339 980 391 1012 ubi
405 982 525 1013 advena
542 982 740 1022 Parthenope
754 981 869 1022 recepit
881 991 914 1013 se
929 982 962 1013 in
978 985 1102 1023 portum
1125 982 1307 1024 Ausonium,
1327 983 1467 1025 percutio
1491 982 1605 1022 ignavo
1626 980 1695 1021 pol·

226 1023 284 1054 tice
299 1027 406 1056 tenues
420 1025 563 1061 chordas,
580 1029 611 1057 et
624 1026 733 1056 sedens
747 1025 780 1056 in
796 1025 902 1057 limine
916 1025 1022 1066 templi
1049 1025 1179 1065 Virgilii
1203 1036 1290 1058 sumo
1314 1026 1380 1066 eins
1397 1027 1545 1062 animam,
1572 1027 1603 1055 et
1617 1032 1695 1054 cano

224 1076 320 1108 prope
334 1067 506 1108 sepulcrum
521 1069 661 1108 ingentis
681 1068 840 1108 magistri.
886 1069 932 1100 At
947 1071 994 1105 tu,
1008 1067 1036 1099 si
1061 1068 1198 1109 Atropos
1214 1069 1357 1109 indulget
1382 1069 1442 1101 tibi
1461 1069 1584 1108 tongam
1598 1075 1694 1102 anno·

227 1118 298 1140 rum
311 1111 434 1146 seriem,
449 1112 693 1152 (indulgeatque
707 1110 794 1151 oro,)
810 1115 838 1142 et
855 1111 901 1142 sic
913 1112 1069 1142 continuet
1083 1121 1194 1144 umnen
1208 1112 1360 1153 principis
1374 1111 1508 1144 Rommfi
1521 1110 1581 1141 tibi
1592 1107 1698 1156 grati-

222 1152 330 1192 ficari,
345 1163 434 1195 quem
447 1165 514 1195 prae
528 1155 609 1186 Jove
623 1154 711 1195 colis,
723 1157 836 1196 quique
850 1154 940 1186 addit
952 1154 1039 1186 aliud
1054 1165 1165 1187 munus
1179 1155 1401 1196 tuisfasct‘bns,
1414 1158 1445 1187 et
1456 1154 1515 1187 tibi
1529 1152 1697 1185 cmv-mittit

842 1239 1019 1251 OO‘OOOOOO
1025 1239 1059 1251 00
1067 1239 1082 1251 O

233 1303 339 1343 brogii
355 1313 460 1335 somno
472 1305 611 1344 geniale,
633 1306 758 1337 omisso
771 1306 815 1347 τῷ
829 1309 959 1338 εει-57
987 1306 1073 1338 Edd.
1089 1311 1175 1338 vett.
1191 1307 1314 1347 Datque
1325 1315 1435 1347 precor
1448 1304 1596 1345 Latiique
1609 1303 1699 1336 ducis

228 1346 276 1377 sic
300 1348 429 1378 numina
450 1353 598 1388 pergant.

642 1350 652 1365 ‘
666 1349 866 1381 Praecessit:
891 1349 938 1381 At
961 1352 1009 1390 tv,
1029 1350 1057 1380 si

1082 1350 1168 1390 long-i
1193 1359 1316 1381 cursum
1342 1349 1430 1380 dabit
1454 1348 1590 1388 Atropos
1612 1346 1699 1383 κτεὶς

232 1389 323 1421 unde
339 1394 439 1431 patet
454 1391 509 1422 hic
524 1401 659 1433 quoque
674 1392 880 1432 legendum:
902 1392 1050 1436 (Detque
1062 1391 1208 1433 precare)
1235 1393 1380 1433 Latiique
1396 1392 1497 1424 Ducis
1517 1391 1547 1421 si
1569 1390 1698 1421 numina

227 1436 374 1473 pergent,
390 1433 554 1475 Forsitan,
566 1436 622 1476 ξε.
641 1435 751 1467 tribus
767 1434 887 1466 mediis
904 1435 1059 1467 versibus
1080 1436 1275 1476 parenthesi
1303 1433 1464 1467 inclusis!
1488 1433 1698 1466 Morka—60

234 1476 277 1507 Et
292 1477 397 1517 spatia
411 1477 543 1518 obliquoe
559 1478 639 1510 edd.
658 1483 744 1510 vett.»
784 1479 828 1510 Et
842 1479 947 1521 spatia
961 1478 1100 1520 antiquoe
1115 1480 1186 1510 sola
1204 1479 1366 1510 Romana.
1412 1477 1577 1509 Nonnulli
1593 1474 1697 1507 codd.

895 1575 1036 1609 No'rAE

231 1639 393 1680 debatur,
407 1641 462 1672 vel
479 1641 735 1682 voluptuosum,
747 1641 831 1684 quia
844 1640 938 1672 Nea-

232 1690 374 1730 politani
391 1691 493 1732 genio
510 1691 691 1723 admodum
703 1691 938 1733 indulgebant.

232 1743 289 1774 Sic
304 1745 314 1761 ⁴
332 1742 546 1785 genialiaque
572 1754 655 1775 arva
679 1744 832 1786 Canopi'
855 1745 939 1777 Ovi-

235 1794 293 1825 dio
323 1793 440 1826 Amor.
468 1794 527 1827 lib.
552 1804 595 1827 11.
625 1796 792 1836 Eteg.13.
816 1795 938 1828 Eidem

993 1639 1088 1671 niore
1105 1639 1165 1671 lib.
1180 1649 1236 1672 ιιι.
1254 1639 1317 1680 Ep.
1335 1641 1366 1671 t.

1036 1693 1077 1721 65
1104 1689 1275 1731 Magistri]
1309 1689 1458 1730 Virgilii,
1495 1697 1599 1730 quem
1634 1685 1701 1719 sibi

994 1740 1197 1773 imitandum
1215 1745 1443 1782 proposuerat
1456 1739 1602 1771 Statius.

1036 1795 1079 1824 56
1100 1790 1256 1834 Atropos]
1280 1790 1447 1832 Atropos,
1462 1799 1529 1821 una
1550 1799 1594 1821 ex
1615 1789 1702 1822 Par·

235 1847 243 1863 ‘
260 1844 387 1877 festum
413 1846 577 1887 geniale}
597 1847 694 1879 Fast.
714 1856 772 1879 nl.
801 1847 811 1864 ‘
831 1846 939 1879 Annae
992 1843 1056 1875 eifl-

236 1896 361 1928 festum
387 1897 524 1938 geniale
549 1898 745 1931 Perennae!
789 1898 942 1932 Et‘fes-

236 1953 307 1981 tum
339 1949 523 1990 genialiter
554 1948 784 1990 agere'Met.
814 1959 867 1983 xi.
899 1950 942 1984 de

235 1999 365 2032 Bacchi
382 2000 499 2032 sacris.

279 2053 322 2082 52
345 2050 500 2092 Ausonio]
525 2051 629 2084 Italo.

280 2104 321 2134 53
345 2102 558 2144 Parthenope]
570 2103 753 2144 Neapolim
766 2103 854 2136 enim
866 2112 943 2135 cou-

237 2153 364 2185 didisse
378 2153 521 2185 tradnnt
537 2154 780 2195 Parthenopen
808 2155 943 2186 Eumeli

1039 1897 1083 1926 58
1106 1894 1291 1926 Posthabito
1323 1891 1476 1932 Tonante]
1513 1891 1571 1923 Sic
1601 1890 1701 1932 Equo

998 1946 1204 1978 Domitiani:
1227 1947 1237 1962 ‘
1253 1945 1435 1977 Contemto
1456 1941 1614 1975 Phoebo!

1039 2000 1083 2029 59
1109 1997 1232 2038 Quique
1246 1999 1316 2028 tuos
1335 1995 1397 2027 alio
1419 1994 1558 2026 subtexit
1578 2002 1703 2025 munere

989 2050 1110 2092 fasces]
1130 2048 1254 2090 Itaque
1270 2046 1455 2079 Marcellus
1469 2045 1616 2088 aliquem
1632 2054 1706 2076 ma·

998 2101 1194 2142 gistratum,
1210 2099 1264 2130 cui
1276 2098 1335 2140 jus
1351 2101 1427 2129 erat
1439 2094 1596 2136 fascium,
1606 2104 1702 2136 gere-

999 2152 1071 2184 bat.
1114 2151 1238 2183 Fasces
1264 2149 1354 2181 enim
1379 2152 1502 2180 nostroe
1519 2146 1703 2188 designant

238 2203 358 2241 filiam,
373 2213 566 2247 nomenque
586 2205 722 2237 dedisse
749 2205 827 2236 huic
855 2205 943 2237 urbi.
997 2200 1244 2242 magistratum.

243 2255 378 2297 Ignavo]
399 2255 531 2297 Supra:
555 2257 565 2274 ‘
591 2255 756 2288 Imbelles
781 2255 944 2289 Parnassi

240 2317 258 2338 e
276 2307 406 2340 vertice
422 2306 561 2339 lauros.¹

284 2361 326 2390 54
360 2357 522 2399 Maronei]
567 2359 608 2391 Id
647 2363 713 2400 est,
751 2357 948 2400 Virgiliani.

243 2407 333 2440 Ossa
363 2409 453 2441 enim
485 2409 621 2451 Virgilii
654 2409 861 2446 Brundusio,
890 2407 948 2440 ubi

242 2460 388 2497 obierat,
404 2461 590 2502 Neapolim
613 2461 779 2493 translata
798 2464 892 2500 sunt,
907 2469 947 2491 ac

242 2512 382 2544 condita
396 2512 605 2555 tumulo,qui
618 2517 671 2545 est
682 2513 749 2545 Via
756 2513 949 2544 Puteolana

245 2563 337 2595 intra
352 2563 537 2596 secundum
562 2565 725 2606 lapidem.
752 2562 884 2607 Templi]
906 2562 948 2595 Id

245 2619 311 2655 est,
327 2614 488 2655 sepulcri.
533 2615 711 2656 Templum
727 2614 782 2646 hic
810 2622 952 2655 genera-

1042 2255 1085 2284 60
1112 2253 1154 2284 Et
1178 2251 1280 2292 spatia
1306 2248 1446 2290 antiquoe
1464 2248 1591 2279 mandat
1615 2255 1703 2278 reno-

1000 2313 1074 2336 vare
1099 2301 1242 2343 Latinoe]
1273 2301 1365 2333 Cura
1394 2300 1523 2331 viarum
1553 2297 1704 2340 publica-

1002 2365 1076 2388 rum
1098 2364 1164 2386 non
1186 2351 1466 2386 committebatur
1481 2349 1545 2381 nisi
1567 2346 1705 2379 summis

1003 2406 1094 2438 viris.
1141 2404 1232 2437 Hinc
1262 2401 1484 2435 Domitianus
1513 2398 1704 2432 declaravit

1003 2458 1122 2501 quanti
1146 2455 1349 2489 Marcellum
1379 2451 1527 2492 faceret,
1542 2450 1591 2483 illi
1611 2458 1703 2485 man-

1002 2509 1115 2542 dando
1150 2517 1266 2540 curam
1303 2505 1367 2537 viae
1405 2503 1549 2536 Latinae.
1602 2499 1704 2532 Unde

1003 2560 1135 2593 Plinius
1155 2559 1266 2600 Epist.
1282 2557 1343 2589 lib.
1356 2566 1388 2589 v.
1403 2553 1595 2596 gratulatur
1620 2551 1703 2584 Cor-

1003 2616 1088 2644 nuto
1117 2611 1160 2642 de
1193 2619 1234 2641 eo
1270 2615 1432 2640 munere:
1454 2605 1464 2622 ‘
1481 2605 1705 2638 Recesseram

247 2666 309 2696 lius
326 2665 482 2705 sumitur,
498 2669 537 2696 ut
557 2665 631 2706 jam
658 2664 860 2697 monuimus.
905 2663 950 2695 11-
996 2664 1068 2706 jam
1094 2663 1127 2695 iu
1145 2659 1387 2700 municipium;
1410 2665 1488 2688 cum
1512 2655 1596 2687 mihi
1620 2663 1706 2686 uun-

246 2716 303 2747 lud
321 2716 530 2756 sepulcrum,
545 2722 584 2748 ut
601 2716 766 2756 templum
787 2715 881 2747 adire
898 2724 949 2747 so-

247 2767 337 2800 lebat
351 2768 455 2800 Silius
470 2767 627 2808 Italicus,
643 2771 733 2800 teste
761 2766 876 2798 Plinio
894 2765 950 2807 ju-

1005 2715 1129 2746 tiatum
1157 2718 1210 2744 est
1225 2711 1412 2742 Cornutum
1435 2706 1625 2739 Tertullum
1649 2715 1705 2738 ae-

1005 2764 1137 2806 cepisse
1162 2761 1306 2799 AEmiliae
1325 2759 1388 2793 viae
1410 2766 1538 2790 curam,
1582 2755 1706 2798 Expri-
