1800 3060
255 193 343 236 406
756 204 797 234 P.
831 203 1021 234 PAPlNu
1055 203 1219 235 s'rA'ru

257 297 384 341 Mille
405 304 580 353 tropaea
598 299 737 340 feres:
768 302 935 341 tantum
955 299 1158 353 permitte
1177 300 1438 355 triumphos.

258 366 422 410 Restat
442 367 608 409 Bactra
627 367 769 417 novis,
789 371 928 409 restat
949 367 1180 422 Babylona
1199 368 1374 410 tributis

259 434 483 477 Fraenari:
515 434 704 476 nondum
726 434 771 476 in
791 436 952 489 gremio
971 435 1001 477 J
1005 436 1102 478 ovis
1125 434 1283 478 Indica
1302 436 1476 490 laurus3

260 502 471 544 Nondum
513 503 699 554 Arabes,
740 503 962 558 Seresque
1000 508 1177 558 rogant3
1224 504 1419 547 nondum
1456 503 1600 547 omnis
1635 504 1712 546 ho-

430 583 581 612 norem

262 637 417 679 Annus
436 637 587 688 habet,
607 637 878 692 cupiuntque
900 637 1052 680 decem
1076 644 1156 681 tua
1174 640 1350 682 nomina
1368 653 1564 682 menses,

261 705 338 747 Sic
357 705 387 747 J
391 718 518 755 anus,
540 706 785 760 clausoque
806 706 950 748 libens
972 720 1022 748 se
1043 712 1174 761 poste
1194 709 1382 763 recepit.

261 773 389 815 Tunc
410 786 540 814 omen
560 773 760 827 plausere
779 773 911 824 fores,
931 774 1129 829 laetoque
1151 775 1361 818 dederunt

1653 370 1712 412 40

1659 777 1717 819 45

262 898 387 928 tamum
401 897 586 939 triumphos.
645 899 767 930 Bactra
790 901 821 930 et
844 898 988 941 Babylon
1011 902 1132 932 restant
1155 901 1375 932 summittenda
1398 901 1486 933 novis
1508 899 1719 940 vectigalibus.

262 938 386 971 Laurea
403 941 516 972 Indica
533 941 668 973 nondum
687 952 707 973 a
722 945 751 973 te
764 942 868 982 posita
882 946 927 973 est
941 942 975 974 in
996 943 1088 974 Jovis
1099 943 1233 983 gremio.
1277 944 1425 975 Nondum
1439 943 1561 975 Arabes
1581 947 1612 975 et
1628 942 1720 974 Seres

263 985 337 1013 sunt
361 984 524 1024 supplices.
570 985 717 1016 Nondum
739 988 822 1016 totus
846 994 945 1016 annus
969 985 1135 1017 honoratus
1161 990 1220 1026 est,
1247 989 1278 1018 et
1301 990 1372 1018 sunt
1396 988 1500 1018 decem
1526 995 1642 1017 menses
1667 985 1720 1025 qui

264 1025 403 1056 ambiunt
410 1027 501 1065 ferre
515 1030 569 1059 lua
584 1027 719 1058 nomina.
762 1027 816 1059 Sic
831 1029 951 1060 locutus
966 1029 1069 1060 Janus
1083 1039 1117 1060 se
1131 1029 1303 1062 recondidit
1317 1029 1465 1061 obseratis
1470 1029 1589 1070 J’anaz‘s.
1633 1028 1721 1060 Tum

264 1072 375 1100 cuncta
403 1070 518 1111 templa
545 1073 655 1111 aperta
682 1073 768 1112 sunt,
795 1074 825 1103 el
851 1071 914 1103 Dii
936 1072 1086 1103 dederant
1111 1081 1127 1103 e
1151 1073 1226 1104 coelo
1254 1073 1346 1113 signa
1365 1072 1488 1104 laetitiae
1509 1081 1584 1114 suoe,
1606 1074 1637 1102 et
1659 1071 1720 1102 Ju-

875 1166 1113 1180 WMO&O

268 1224 360 1256 Vide
376 1224 494 1257 Heius.
511 1225 554 1257 ad
570 1226 686 1258 Ovidii
701 1227 812 1259 locum
828 1227 1072 1260 citatum—40
1097 1229 1207 1261 Restat
1223 1229 1346 1261 Bactra
1360 1229 1476 1261 Parm.
1492 1228 1592 1260 Rom.
1606 1231 1642 1259 et
1653 1230 1723 1259 vet.

267 1268 609 1309 Lindenbrogii.—4l
635 1270 704 1301 Pro
737 1272 870 1302 nondum
893 1272 1014 1311 gremio
1033 1272 1136 1313 Jovis,
1153 1277 1190 1304 ut
1217 1272 1249 1303 in
1265 1272 1347 1304 edd.
1363 1277 1449 1304 vett.
1486 1271 1660 1304 Livineius
1686 1274 1724 1301 et

267 1310 431 1343 Barthius
446 1312 586 1352 legunt:
620 1315 758 1344 nondum
781 1315 814 1345 in
836 1314 958 1353 gremio
978 1314 1086 1354 novis,
1110 1315 1278 1355 probante
1306 1315 1610 1347 Mnrklando.—-45
1633 1311 1723 1345 Edd.

269 1358 355 1386 vett.
371 1355 515 1386 habent:
543 1355 628 1387 Tunc
641 1366 745 1387 omnes
758 1360 886 1397 patuere
897 1357 997 1396 fores,
1014 1359 1144 1399 loetoque
1158 1359 1306 1390 dederunt
1319 1357 1356 1389 Si
1432 1359 1502 1399 polo
1513 1369 1526 1396 ,-
1548 1357 1583 1388 M
1589 1356 1724 1387 arklan-

269 1396 333 1428 dus
359 1397 450 1438 conj.
473 1398 558 1429 Tunc
579 1409 667 1430 omen
688 1400 828 1439 plausere
842 1399 943 1438 sores,
972 1401 1095 1440 laeeique
1110 1402 1260 1433 dederunt
1284 1400 1386 1441 Signa
1411 1402 1493 1442 pai,-
1524 1400 1601 1431 vel:
1638 1399 1726 1431 Tunc

269 1449 356 1472 omen
380 1442 522 1483 plausere
535 1441 637 1483 fores,
661 1442 789 1483 laetoque
804 1443 954 1474 dederunt
975 1443 1077 1483 Signa
1088 1445 1168 1484 polo.
1215 1443 1258 1476 Iu
1273 1445 1363 1476 curis
1380 1453 1460 1476 vero
1476 1441 1633 1476 secundis
1649 1441 1725 1474 ulti-

930 1535 1072 1568 NOTAE

316 1599 360 1628 39
382 1597 475 1628 Mille
489 1601 608 1639 tropoea
625 1598 733 1637 seres.-
755 1602 878 1631 tantum
903 1609 975 1640 per-

272 1646 364 1679 mitte
391 1647 579 1689 triumphos]
603 1649 778 1682 Praedicat
794 1650 975 1682 moderati-

275 1707 376 1730 onem
405 1699 594 1731 Domitiani
621 1700 873 1742 Papinius‚qui
900 1710 976 1733 cum

274 1748 383 1790 possit
398 1749 491 1780 mille
510 1755 641 1790 tropaea
667 1749 810 1789 referre,
835 1757 872 1783 et
896 1751 978 1782 dare

274 1799 450 1831 materiam
487 1800 748 1842 triumphorum,
790 1802 875 1835 nolit
906 1802 976 1833 vin-

277 1859 369 1882 cere.

318 1903 361 1933 40
384 1900 520 1942 Bactra]
553 1902 694 1940 Bactra,
712 1901 792 1934 urbs
822 1903 978 1935 Bactria-

278 1959 331 1982 nae
343 1951 580 1984 celeberrima.
605 1952 694 1984 Vide
708 1953 977 1994 Propempticon

279 2002 382 2033 Metii
399 2012 447 2034 vs.
464 2005 538 2034 136.
586 2003 762 2044 Babylona]
782 2004 851 2035 Seu
868 2004 980 2046 Baby-

279 2052 349 2093 lon,
359 2052 439 2084 nrbs
451 2053 628 2085 notissima
637 2055 678 2085 ad
688 2055 895 2095 Euphratem
907 2056 982 2095 sita,

278 2105 413 2145 imperii
429 2104 560 2146 Assyrii
576 2105 743 2145 quondam
760 2112 879 2146 capnt.
892 2106 981 2138 Vide

281 2154 546 2188 Genethliacnm
571 2155 699 2186 Lucani
715 2165 762 2186 vs.
779 2159 832 2188 95.

324 2207 364 2238 41
392 2206 538 2236 Nondum
553 2205 587 2236 in
607 2205 728 2245 gremio
752 2207 844 2238 Jovis
873 2207 985 2239 Indica

282 2255 406 2296 laurus]
432 2255 471 2287 ld
489 2260 559 2295 est,
571 2256 715 2287 victoria
730 2266 772 2288 ex
790 2257 885 2288 Indis
903 2268 985 2289 non·

283 2308 363 2339 dnm
392 2307 458 2339 fnit
488 2314 676 2349 reportata.
724 2310 808 2341 Cum
835 2309 986 2351 Impera-

284 2363 376 2390 tores
394 2359 522 2390 nollent
538 2360 759 2400 triumphare,
774 2370 834 2392 seu
849 2361 988 2402 quinig-

283 2408 414 2440 nobiles
429 2409 557 2450 populi,
572 2419 631 2440 seu
647 2410 726 2450 quia
746 2411 839 2442 nulla
865 2412 986 2443 moles-

287 2459 335 2490 tia
351 2459 431 2490 victi
460 2459 610 2499 fuerant,
635 2461 742 2492 solum
767 2461 918 2493 lauream
944 2461 987 2492 de

285 2510 421 2550 populis
438 2510 536 2541 victis
550 2510 630 2542 Jovi
653 2510 847 2551 Capitolino
863 2510 989 2544 infere-

286 2559 381 2592 bant.
427 2559 504 2591 Indi
522 2570 603 2591 vero
621 2560 774 2592 Orientis
791 2562 920 2602 populi.

329 2613 372 2642 42
395 2609 528 2650 Arabes]
551 2610 711 2642 Nondum
738 2611 822 2643 victi
837 2610 989 2652 fuerant,

288 2661 348 2694 sed
366 2665 497 2693 tantum
512 2659 575 2691 sub
595 2661 738 2700 Severo,
764 2661 853 2693 unde
878 2662 988 2694 Hora-

287 2713 350 2751 tio,
373 2711 384 2729 ‘
397 2710 524 2743 Intacti
540 2710 692 2742 Arabum
707 2711 880 2744 thesauri.’
903 2711 989 2744 Ara-

289 2762 351 2795 bes
365 2766 477 2795 antem
494 2761 611 2804 populi
627 2761 775 2805 Arabiae,
793 2774 868 2806 quae
893 2764 989 2807 regio

1028 1604 1081 1632 est
1096 1600 1238 1642 Majoris
1250 1599 1344 1632 Asiae
1358 1600 1449 1632 inter
1464 1598 1548 1631 dnos
1563 1598 1668 1639 sinus,
1682 1597 1728 1629 Α-

1030 1650 1178 1682 rabicum
1194 1656 1230 1682 et
1248 1650 1438 1690 Persicum,
1453 1648 1730 1690 chaldaeamque,

1029 1710 1070 1732 ac
1098 1701 1270 1740 Jndaeam‚
1291 1705 1329 1733 et
1355 1701 1539 1742 AEgyptum
1575 1708 1730 1740 compre·

1030 1751 1149 1783 hensa.
1193 1751 1336 1793 Triplex
1353 1755 1418 1790 est,
1434 1751 1532 1782 Felix
1545 1759 1606 1782 seu
1625 1749 1731 1781 thnri-

1031 1802 1118 1843 fera,
1141 1803 1301 1842 Deserta,
1326 1805 1363 1834 et
1389 1801 1539 1833 Petraea.
1585 1800 1732 1832 Consule

1035 1853 1273 1894 Geographos.
1303 1852 1465 1894 Seresque]
1488 1851 1733 1893 Seres,populi

1034 1904 1187 1945 Scythiae
1226 1903 1400 1936 Asiatica».
1456 1902 1548 1934 Vide
1583 1901 1734 1943 Epithal.

1031 1954 1148 1986 Stenae
1167 1964 1214 1985 vs.
1233 1956 1306 1986 122.
1350 1954 1497 1985 Nondum
1519 1952 1619 1984 omnis
1642 1952 1734 1984 hono-

1033 2014 1096 2035 rem
1112 2006 1224 2035 Annus
1237 2002 1344 2044 habet]
1365 2002 1408 2034 Id
1423 2007 1488 2044 est,
1504 2002 1628 2044 singuli
1642 2012 1736 2034 men-

1034 2065 1102 2093 ses),
1117 2055 1310 2097 singulique
1335 2054 1409 2086 dies
1433 2054 1512 2085 anni
1536 2054 1667 2086 vellent
1685 2054 1735 2085 in-

1037 2105 1156 2145 signiri
1183 2106 1296 2147 aliqua
1318 2113 1362 2136 ex
1382 2105 1450 2137 tuis
1473 2105 1643 2146 victoriis,
1669 2109 1738 2137 tro-

1039 2156 1133 2197 paeis‚
1145 2166 1203 2187 seu
1215 2155 1407 2197 triumphis.

1080 2209 1122 2238 43
1147 2206 1286 2247 Cupiunt
1306 2207 1409 2238 decem
1431 2209 1487 2238 tua
1510 2207 1636 2238 nomina
1654 2215 1739 2238 men-

1038 2258 1100 2299 ses]
1122 2256 1323 2297 September
1338 2256 1427 2288 enim
1449 2260 1486 2288 et
1509 2256 1740 2289 October-illi-

1042 2317 1080 2338 us
1097 2307 1232 2338 nomina
1258 2305 1429 2346 ferebant,
1455 2306 1511 2338 hio
1537 2306 1740 2347 Domitiani,

1042 2357 1098 2389 ille
1112 2357 1327 2396 Germanici;
1349 2355 1455 2398 qnod,
1467 2362 1506 2388 ut
1519 2357 1566 2388 ait
1580 2356 1739 2389 Suetoni-

1041 2418 1093 2448 us,
1109 2408 1216 2439 altero
1229 2407 1437 2449 suscepisset
1451 2406 1641 2447 imperium,
1655 2406 1739 2438 alte-

1040 2468 1078 2490 ro
1094 2463 1194 2491 natus
1211 2461 1313 2489 esset.
1358 2457 1426 2488 Tua
1436 2457 1576 2498 nomina]
1590 2456 1675 2490 Quae
1688 2466 1740 2488 re-

1043 2508 1135 2541 feres
1151 2509 1194 2540 de
1212 2508 1312 2540 victis
1328 2507 1498 2548 gentibus.

1085 2561 1128 2591 44
1145 2558 1199 2590 Sic
1211 2557 1330 2598 Janus]
1352 2557 1471 2599 Inquit
1481 2556 1627 2588 scilicet.
1646 2557 1742 2590 Clau-

1043 2609 1092 2650 so]
1115 2609 1205 2642 Quia
1219 2612 1294 2640 erat
1309 2607 1459 2640 clausum
1479 2606 1560 2640 Jani
1577 2609 1742 2649 templum

1043 2659 1139 2701 pacis
1154 2662 1322 2699 tempore.

1083 2711 1125 2741 45
1150 2709 1235 2740 Tunc
1253 2717 1340 2739 omen
1351 2707 1491 2749 plausere
1513 2707 1634 2748 [omnes
1649 2712 1742 2750 patu-

1043 2759 1109 2801 ere]
1125 2758 1230 2800 fores]
1263 2757 1306 2791 In
1335 2756 1461 2800 gaudio
1488 2757 1578 2790 enim
1603 2758 1742 2801 publico
