1800 3060
215 220 298 262 100
707 232 748 262 P.
782 234 973 266 ΡΛιηΝιι
1009 233 1175 266 srAru

210 325 318 368 Non
338 326 439 368 ideo
461 325 540 369 tibi
560 327 650 370 tale
671 328 826 381 decus,
856 330 1091 385 vultusque
1111 331 1341 385 superbos,

211 395 380 449 Meque
402 394 523 445 dedi,
546 395 706 438 viduos
726 401 774 438 ut
793 398 1089 440 transmittare
1109 411 1185 453 per
1203 412 1344 441 annos

211 463 305 506 Ceu
326 477 414 505 non
434 476 536 505 cara
557 463 690 506 mihi:
723 466 847 515 satis,
867 479 910 515 o,
930 466 1221 520 nimiumque,
1243 467 1414 521 priores

207 532 487 588 Despexisse
507 545 693 586 procos:
724 536 768 574 at
787 533 906 574 enim
926 533 999 576 hic
1019 535 1102 576 tibi
1123 534 1339 589 sanguine
1359 538 1455 577 toto

208 600 415 652 Deditus‚
436 612 572 642 unam
593 613 746 641 omnes
765 600 878 643 inter
896 601 1079 643 miratur
1099 607 1321 657 amatque,

207 669 307 712 Nec
328 670 499 720 sormae,
515 682 598 711 nec
619 669 769 723 stirpis
789 683 924 723 egens
941 683 954 723 ;
982 683 1086 712 nam
1107 671 1241 713 docta
1258 684 1335 726 per
1355 672 1506 714 urbem

205 737 414 780 Carmina
434 737 511 791 qui
523 737 729 792 juvenes,
749 750 850 792 quae
871 750 963 779 non
981 738 1176 780 didicere
1197 739 1361 793 puellae
1381 739 1400 779 ’1

206 805 345 848 Hunc
366 809 410 848 et
430 806 633 848 bissenos
650 806 732 857 (sic
751 804 1026 860 indulgentia
1046 810 1206 861 pergat

1584 536 1670 579 170

202 943 325 972 tantam
344 942 550 979 venustatem,
574 949 611 970 ac
636 942 701 971 tam
725 938 875 970 eximiam
894 938 1172 979 pulchritudinem,
1202 949 1307 980 meque
1332 939 1444 980 ipsam,
1468 942 1504 970 ut
1524 938 1668 979 exigeres

201 984 328 1014 viduam
342 986 480 1024 oetatem,
507 992 543 1013 ac
567 982 595 1013 si
615 992 676 1012 non
701 991 779 1012 esses
801 981 880 1012 mihi
902 982 1029 1013 dilecta.
1076 982 1166 1013 Satis
1186 982 1375 1023 nimiamque
1396 986 1457 1022 est,
1470 981 1667 1021 contemsisse

200 1027 320 1075 priores
331 1035 449 1067 procos.
492 1025 540 1056 At
554 1026 606 1056 ille
616 1024 716 1056 Stella
729 1023 896 1056 obstrictus
911 1024 969 1056 tibi
981 1028 1046 1056 toto
1060 1026 1162 1066 corde,
1175 1035 1230 1056 nec
1243 1035 1351 1057 carens
1361 1026 1461 1066 specie
1473 1035 1529 1057 nec
1541 1034 1668 1065 genere,

201 1068 286 1100 inter
299 1069 354 1100 lios
368 1078 481 1108 omnes,
496 1071 527 1099 te
539 1069 687 1104 miratur,
701 1078 737 1098 ac
759 1077 852 1099 unam
875 1067 1008 1107 deperit.
1055 1067 1120 1103 Qui
1145 1069 1364 1109 adolescentes,
1387 1078 1456 1109 quoe
1471 1068 1610 1108 virgines
1631 1068 1666 1098 in

201 1110 276 1143 urbe
290 1122 352 1143 non
366 1111 542 1143 didicerunt
564 1108 723 1151 elegantes
737 1120 800 1149 esus
814 1119 920 1142 versas
933 1109 950 1143 2
974 1110 1022 1141 Et
1047 1110 1166 1142 videbis
1181 1110 1269 1149 ferri
1292 1114 1366 1143 ante
1388 1111 1479 1143 illum
1505 1110 1666 1142 duodecim

814 1205 871 1217 000
855 1205 1053 1218 OO‘OOOOOOO

198 1275 541 1308 “aminare—169
563 1274 664 1306 Urat.
681 1274 812 1305 omittit
826 1284 866 1311 ⁰5
888 1273 1015 1305 Venet.
1041 1275 1071 1305 1.
1094 1276 1131 1305 et
1153 1272 1271 1305 Parm.
1295 1273 1379 1304 clara
1393 1273 1591 1305 milit—1⁷0
1614 1272 1662 1304 N.

198 1318 363 1350 Heinsius
380 1318 560 1349 delendum
573 1317 707 1348 censuit
721 1316 784 1356 liic,
799 1316 889 1358 quod
906 1325 1023 1348 omnes
1038 1315 1141 1348 codd.
1163 1320 1199 1347 et
1222 1315 1302 1348 edd.
1328 1321 1412 1347 vett.
1435 1319 1663 1348 testantur.—

199 1363 264 1393 -172
287 1360 553 1393 Boxhorniusin
570 1359 682 1400 Epist.
706 1358 749 1390 ad
773 1340 926 1391 brouov.
949 1369 985 1400 p.
1008 1361 1061 1390 62.
1084 1359 1177 1392 etV.
1193 1360 1235 1391 D.
1253 1359 1287 1390 in
1309 1359 1465 1400 Exempl.
1490 1359 1590 1390 Gott.
1614 1359 1662 1390 le-

200 1409 306 1446 gunt:
320 1403 390 1443 J'am
401 1405 492 1435 docta
504 1413 562 1444 per
573 1402 693 1434 urbem.
695 1404 802 1434 —173
825 1402 857 1434 V
860 1401 1405 1443 enet.1.quoe1uvmes}-Iaudins
1420 1401 1514 1433 delet
1530 1410 1661 1433 comma

200 1451 279 1489 post
296 1447 457 1479 Carmina.
458 1449 566 1478 -174
590 1445 686 1477 Hunc
697 1448 728 1476 et
740 1444 877 1477 bissenus
892 1445 1021 1477 Venet
1038 1447 1068 1477 1.
1083 1443 1263 1477 Editiones
1279 1449 1359 1477 aute
1373 1445 1531 1476 Aldinam
1554 1444 1660 1476 inter-

858 1528 889 1560 N
896 1526 999 1560 OTAE

199 1622 202 1623 γ
240 1597 303 1627 167
330 1593 498 1634 Vultusque
521 1590 682 1634 superbos]
705 1591 900 1624 Pulcherri-

196 1655 261 1677 mae
278 1645 369 1678 enim
385 1645 508 1686 saepius
523 1643 693 1685 snperbae.

240 1699 303 1728 168
325 1696 440 1736 Meque
462 1693 549 1734 dedi]
574 1693 616 1725 Id
633 1697 697 1734 est,
715 1692 901 1734 pulchritu-

193 1747 307 1779 dinem
323 1755 443 1778 meam.
488 1746 535 1777 Et
548 1744 630 1775 hinc
648 1744 840 1775 illustratur
851 1743 900 1775 lo·

193 1809 253 1830 cus
269 1807 373 1839 supra
388 1797 527 1838 hujusce
543 1794 782 1836 Epithalamii:
807 1795 816 1811 ‘
832 1794 899 1826 Mi-

193 1848 227 1879 hi
244 1848 354 1879 dulcis
368 1847 479 1886 imago
495 1843 686 1877 Prosiluit!

236 1901 298 1930 170
321 1894 497 1938 Sanguine]
521 1895 592 1927 Pro
616 1893 719 1926 corde
744 1903 804 1926 seu
827 1893 898 1926 ani-

192 1959 260 1981 mo.

236 2003 298 2032 172
323 2000 391 2032 Nec
405 1999 515 2041 stirpis
528 1997 635 2039 egens]
658 1997 752 2029 Gens
770 1996 896 2028 Arrun-

190 2052 250 2090 tia,
275 2060 318 2082 ex
349 2060 416 2092 qua
444 2050 564 2088 Stella,
590 2047 745 2090 quamvis
777 2047 895 2078 Romae

190 2101 334 2143 plebeiis
350 2111 372 2133 a
386 2100 555 2132 Panvinio
575 2101 829 2137 annumeretur,
846 2096 895 2128 ni-

188 2153 368 2184 hilominus
393 2151 572 2194 patriciam
593 2149 700 2181 fuisse
726 2152 822 2190 patet
842 2157 895 2179 su-

189 2214 252 2245 pra
274 2214 323 2235 vs.
347 2206 401 2235 71.
425 2202 522 2234 Gens
549 2202 616 2233 ista
631 2199 825 2233 consulibus
848 2199 895 2230 in-

189 2255 314 2286 claruit
330 2254 367 2286 L.
383 2252 559 2289 Arruntio,
569 2251 626 2293 qui
642 2259 719 2282 cum
731 2249 781 2281 M.
793 2249 893 2281 Clau-

188 2305 245 2336 dio
274 2304 444 2335 Marcello
473 2302 665 2341 AEsernino,
689 2309 777 2331 anno
792 2300 836 2335 U.
852 2299 893 2331 C.

188 2357 266 2386 732.
292 2354 507 2386 consulatum
534 2351 656 2392 tenuit,
677 2350 828 2391 itemque
852 2350 892 2381 L.

184 2406 352 2438 Arruntio
375 2405 604 2446 praecedentis
629 2403 713 2443 filio,
735 2402 793 2445 qui
815 2408 897 2434 cum‘

187 2456 239 2488 M.
255 2455 390 2487 AEmilio
406 2456 619 2488 consulatum
645 2454 721 2486 iniit
743 2463 831 2485 anno
848 2453 892 2486 U.

187 2507 228 2539 C.
245 2509 319 2538 759.
335 2510 372 2538 et
394 2504 460 2538 fuit
474 2506 546 2542 ille,
563 2505 605 2537 de
623 2513 702 2547 quo,
715 2503 806 2545 apud
827 2503 892 2534 Ta-

187 2557 305 2596 citum,
329 2555 503 2597 Augustus
532 2554 698 2596 supremis
729 2553 890 2586 sermoni-

187 2607 263 2646 bus,
283 2615 359 2639 cum
382 2610 562 2646 tractaret,
583 2605 719 2647 quinam
746 2603 891 2646 adipisci

186 2658 410 2699 principalem
425 2657 538 2688 locum
563 2654 740 2688 suffecturi
763 2655 889 2687 abnue-

186 2712 275 2747 rent,
297 2711 356 2738 aut
383 2708 532 2747 impares
555 2705 693 2745 vellent,
709 2705 762 2736 vel
785 2704 888 2736 iidem

186 2763 336 2799 possent,
353 2760 606 2798 cuperentque:
629 2756 639 2773 ‘
655 2755 809 2787 Manium
824 2756 889 2787 Le·

186 2807 328 2849 pidum‚’
360 2807 507 2848 dixerat,
528 2807 723 2848 ‘capacem,
748 2805 807 2838 sed
837 2815 888 2838 as·

955 1596 1172 1632 perflantem:
1197 1591 1332 1624 Gallum
1341 1590 1496 1623 Asinium
1509 1590 1660 1634 avidum,

954 1647 989 1674 et
1010 1643 1198 1675 minoremz
1222 1642 1490 1683 LArruntium,
1514 1651 1582 1674 non
1608 1643 1660 1674 iu-

954 1692 1108 1734 dignum,
1118 1697 1167 1733 et,
1175 1693 1203 1725 si
1216 1702 1311 1726 casus
1318 1693 1660 1733 daretur,ausnrum.’

955 1744 1001 1776 Et
1017 1742 1130 1776 forsan
1147 1743 1215 1776 fuit
1230 1744 1300 1784 ille,
1316 1742 1387 1784 qui,
1401 1747 1439 1774 nt
1460 1743 1551 1774 idem
1564 1743 1659 1775 Taci-

955 1799 1009 1826 tus
1038 1794 1209 1835 observat,
1236 1793 1374 1826 Tiberio
1409 1798 1589 1834 suspectus
1617 1801 1658 1825 ae

952 1844 1112 1885 infestus,
1128 1844 1280 1884 tandem,
1296 1853 1340 1876 ne
1363 1843 1439 1885 ejus
1465 1840 1567 1876 caede'
1585 1843 1656 1885 glo-

952 1895 1115 1935 riaretur,
1141 1895 1208 1926 sibi
1239 1894 1306 1936 ipsi
1339 1903 1440 1926 venas
1465 1895 1589 1934 secuit,
1614 1903 1655 1927 ac

951 1950 1096 1977 mortem
1111 1945 1237 1976 intulit.

995 1998 1056 2027 173
1082 1994 1246 2035 Carmina]
1270 1995 1357 2028 Quae
1373 1993 1506 2026 scilicet
1517 2003 1654 2035 compo-

951 2050 1066 2078 suerat
1090 2045 1198 2077 Stella
1225 2045 1260 2076 in
1286 2043 1423 2076 laudem
1449 2043 1654 2076 Violantillae

950 2106 1034 2128 suae.

993 2149 1056 2180 174
1081 2146 1176 2178 Hunc
1190 2149 1222 2178 et
1244 2145 1391 2188 bissenos,
1404 2143 1477 2187 ξω]
1498 2143 1569 2176 Per
1590 2144 1653 2176 his-

947 2207 1035 2229 senos
1063 2197 1169 2236 fasces
1213 2196 1379 2238 intelligit
1416 2197 1652 2237 consulatuum

949 2248 1128 2280 duodecim
1145 2246 1236 2280 enim
1255 2246 1365 2280 fasces
1380 2246 1654 2289 proeferebanmr

948 2303 1030 2330 aute
1057 2299 1245 2339 consulem,
1269 2302 1308 2330 ut
1336 2297 1492 2330 omnibus
1521 2300 1653 2330 notum.

947 2349 994 2380 Et
1009 2349 1102 2380 illum
1115 2348 1265 2381 obtinuit
1281 2347 1412 2380 Noster
1421 2347 1550 2388 Stella;
1571 2357 1651 2381 nam

947 2399 1123 2431 consulem
1150 2398 1256 2430 fuisse
1287 2402 1387 2439 patet
1415 2407 1458 2430 ex
1486 2398 1650 2432 Martiale

946 2449 1010 2482 lib.
1032 2458 1103 2481 κη.
1131 2449 1198 2490 Ep.
1224 2451 1257 2481 3.
1285 2448 1329 2480 ad
1352 2447 1496 2480 Librum
1530 2458 1648 2482 suum:

951 2501 962 2518 ‘
974 2500 1040 2533 Vel
1051 2500 1079 2532 si
1094 2499 1269 2540 malueris,
1278 2499 1387 2541 prima
1395 2499 1554 2541 gradiere
1562 2499 1650 2532 Sub-

946 2560 1047 2583 urra:
1071 2549 1190 2588 ,Atria
1211 2554 1291 2581 suut
1312 2548 1382 2581 illic
1408 2549 1556 2582 consulis
1578 2549 1650 2581 alta

943 2611 1041 2634 meae.
1076 2600 1282 2642 Laurigeros
1311 2599 1447 2632 habitat
1481 2598 1649 2633 facundus

943 2651 1052 2684 Stella
1064 2655 1220 2693 penates,
1233 2649 1354 2682 Clarus
1365 2648 1528 2681 Bianteae
1539 2649 1649 2682 Stella

942 2702 1074 2745 petitor
1101 2699 1228 2742 aquael
1274 2700 1344 2732 Pro
1373 2709 1441 2741 quo
1466 2700 1647 2732 consulatu

941 2754 1034 2786 idem
1065 2753 1177 2786 Poeta
1197 2756 1314 2784 votnm
1345 2749 1476 2782 fecerat
1493 2749 1649 2792 Apollini

941 2805 999 2838 lib.
1031 2812 1085 2838 rx.
1115 2803 1218 2845 Epig.
1248 2803 1302 2834 4³.
1324 2800 1416 2844 quod
1439 2799 1532 2834 vide.
1576 2801 1646 2834 Sed
