1800 3060
237 203 323 246 164

731 213 772 243 P.
805 213 995 244 PAPINI!
1032 213 1197 245 STA'I'H

237 310 427 352 Ponite:
459 309 623 351 dilecto
643 308 747 350 volo
766 308 972 350 lascivire
993 309 1156 350 sodali.

236 377 265 419 J
270 390 397 430 unge,
418 390 540 431 puer,
558 376 756 431 cyathos,
777 375 858 417 sed
878 388 935 417 ne
954 389 1183 417 numerare
1203 376 1375 427 labora,

1645 378 1701 420 10

239 445 620 498 Cunctantemque
640 443 815 486 intende
836 443 990 498 chelyn
1009 458 1019 485 ε
1050 443 1248 494 discede,
1267 444 1499 499 laborque,

239 512 460 566 Curaque,
481 512 585 553 dum
605 511 759 553 nitidis
775 511 977 552 canimus
997 512 1263 564 gemmantia
1283 511 1415 553 saxis

240 581 434 632 Balnea;
465 580 654 634 dumque
673 591 863 634 procax,
880 579 1034 634 myrtis
1055 575 1326 634 hederisque
1355 579 1504 622 soluta

239 648 418 698 Fronte,
435 647 682 690 verecundo
704 645 806 688 Clio
826 658 926 687 mea
945 645 1058 688 ludit
1078 646 1277 689 Etrusco.

232 777 362 819 paulam
375 777 578 809 intermittite
591 777 735 808 scelestas
746 785 880 817 pugnas.

925 775 1019 808 Libet
1042 777 1146 808 ludere
1165 776 1199 808 in
1218 777 1360 818 gratiam
1373 778 1441 810 cari
1463 777 1568 810 amici.
1612 777 1701 809 Puer

231 821 362 861 porrige
376 820 484 852 crebra
495 821 617 861 pocula,
632 824 663 851 et
676 830 753 851 cura
769 828 931 851 numerare
945 829 994 858 ea,
1007 822 1040 851 et
1049 821 1243 852 accommoda
1257 830 1380 860 segnem
1395 821 1560 854 citharam
1597 820 1701 852 Labor

237 868 268 895 et
283 863 493 895 solicitudines
508 862 653 903 migrate,
669 864 741 894 dum
756 862 945 894 celebramus
956 862 1263 902 ehennaesulgentes
1275 864 1390 895 nitidis
1403 862 1569 905 lapidibae,
1583 866 1613 894 et
1627 864 1700 894 dam

235 916 304 938 mea
322 906 391 937 Clio
399 909 545 947 proterva
566 906 691 948 myrtis,
707 905 877 945 heder-isne,
890 905 1043 944 acsronte
1058 906 1221 947 explicita,
1235 906 1359 938 lascivit
1373 906 1408 938 in
1417 906 1558 947 gratiam
1571 906 1701 938 modesti

850 1000 1089 1012 ‘evoe-eoem&

238 1065 459 1105 denbrogius,
484 1075 544 1105 pro
578 1065 718 1104 Tegeaee,
746 1074 866 1095 sonoroe
893 1064 978 1104 legit
1002 1074 1045 1095 ex
1076 1064 1196 1096 codice
1225 1063 1308 1098 Par.
1353 1065 1501 1104 regem
1529 1064 1699 1095 honore.—

237 1111 279 1140 lo
303 1109 445 1139 Venett.
474 1111 502 1139 l.
529 1111 562 1140 2.
587 1108 702 1139 Parm.
730 1113 766 1138 et
797 1109 890 1138 Rom.
920 1110 950 1138 et
974 1117 1175 1144 enumerare,·
1197 1107 1366 1139 Avantius
1391 1108 1425 1138 in
1450 1107 1527 1138 ΑΜ.
1545 1110 1576 1139 1.
1601 1105 1699 1144 fecit,

236 1155 330 1192 atque
353 1160 553 1188 enumerare;
577 1150 699 1182 Heius.
729 1149 892 1181 Adverss.

916 1158 950 1190 p.
966 1153 1042 1181 640.
1068 1153 1161 1191 atque
1181 1159 1396 1182 annumerare.
1439 1150 1560 1181 Lectio
1581 1155 1698 1180 nostra

238 1194 386 1227 debetur
404 1195 443 1226 P.
457 1194 630 1225 Seriverio
646 1193 688 1224 ad
705 1193 859 1225 MartiaL
874 1197 909 1223 et
926 1193 1071 1233 primum
1088 1197 1228 1233 recepta
1244 1198 1299 1225 est
1314 1193 1348 1224 in
1364 1192 1513 1224 editione
1528 1191 1696 1224 Gevartii.

236 1240 321 1268 —11
349 1237 612 1278 Cunctantemque
634 1236 762 1268 incende
783 1235 839 1266 ed.
865 1240 934 1266 vet.
956 1235 1208 1276 Lindenbrogii.
1229 1236 1349 1268 chelam
1364 1235 1535 1267 Domitius
1550 1235 1584 1265 in
1602 1235 1698 1266 Rom.

236 1281 355 1322 chelym
371 1280 475 1311 Aldd.
491 1280 602 1312 Colin.
619 1279 840 1321 Gryph.—l4
864 1278 978 1309 Pan-m.
1004 1278 1230 1311 Fronde.—l5
1251 1279 1368 1311 Parin.
1392 1278 1568 1319 nitidosque
1588 1278 1699 1308 adrer-

898 1374 1037 1406 NOTAE

236 1455 325 1486 linnc
339 1453 491 1485 libellum
508 1458 588 1484 ante
601 1452 789 1484 absolutam
799 1450 942 1482 Thebai-

237 1507 327 1538 dem.
371 1505 473 1537 Arma
488 1514 568 1536 vero
589 1504 750 1536 nocentia:
773 1503 853 1545 qnia
875 1502 942 1534 bel-

236 1557 305 1588 lnm
319 1556 518 1588 Thebanum
530 1555 620 1588 inter
631 1555 717 1586 duos
728 1553 852 1586 fratres
863 1554 942 1585 Ete-

237 1608 347 1639 oclem
361 1611 396 1638 et
407 1606 608 1649 Polynicem
624 1606 831 1648 gerebatur:
849 1604 942 1636 darn·

234 1657 384 1690 nandum
401 1658 518 1698 igitur.

281 1711 322 1740 10
344 1709 464 1749 Jange,
479 1718 568 1749 puer,
582 1706 726 1749 cyathos]
764 1706 940 1739 Catullus:

234 1759 245 1776 ‘
260 1759 421 1791 Minister
446 1759 548 1790 vetuli
571 1768 656 1800 puer
677 1756 813 1790 Falerni
838 1756 943 1797 Inger

235 1809 282 1841 mi
299 1809 425 1841 calices
441 1807 650 1840 amariorem’
669 1809 812 1847 Jaugere
827 1811 940 1838 autem

235 1860 374 1901 cyathos,
390 1864 443 1891 est
455 1859 528 1891 sine
542 1858 794 1890 intermissione
806 1867 942 1898 semper

236 1920 344 1942 novos
371 1909 562 1951 epotandos
585 1909 753 1950 praebere.
812 1907 875 1939 Sea
903 1918 942 1940 ne

234 1971 399 1993 numerare
413 1961 521 2002 [atque
535 1959 732 1999 enumerare]
746 1958 867 1999 labora]
884 1957 941 1990 ΑΙ-

236 2011 326 2042 ludit
351 2011 393 2042 ad
421 2019 547 2041 morem
565 2015 732 2049 veterum,
747 2010 806 2052 qui
822 2013 875 2041 tot
890 2009 939 2041 bi·

235 2062 367 2093 bebant
393 2061 530 2103 pocula,
555 2065 640 2102 quot
664 2060 775 2092 literis
801 2060 940 2092 nomina

236 2113 434 2151 amicarum,
455 2111 509 2143 vel
535 2111 721 2142 amicornm
748 2110 940 2155 absentium

236 2162 489 2194 scribebantur.
533 2161 634 2196 Quod
660 2161 772 2193 innuit
796 2162 939 2194 Martia-

235 2214 279 2246 lis
292 2225 302 2246 :
314 2214 324 2231 ‘
338 2213 462 2245 Naevia
476 2222 537 2244 sex
553 2212 700 2254 cyathis,
710 2216 845 2254 septem
859 2212 939 2244 Jus-

237 2265 310 2296 tina
335 2263 498 2296 bibatur?
538 2262 607 2295 Sed
632 2262 819 2295 Gevartius
840 2266 877 2294 et
895 2262 939 2295 P.

235 2316 426 2348 Scriverius
441 2315 580 2356 legunt=
603 2315 658 2346 sed
671 2323 710 2345 ne
723 2323 887 2345 numerare
899 2313 942 2345 la-

235 2367 322 2398 bora.
357 2367 403 2398 Et
418 2366 469 2398 sic
482 2365 641 2407 legendo,
652 2368 815 2406 tangeret
825 2374 944 2406 super-

236 2418 411 2450 stitionem
427 2416 663 2458 veterum,qni
678 2415 811 2448 finitum
826 2425 945 2448 nume-

234 2477 312 2501 rum
323 2467 458 2500 fascino
467 2467 649 2499 obnoxium
660 2466 860 2499 eredebant.
874 2466 945 2499 Ita-

237 2529 303 2562 que
318 2518 498 2550 laudantes
525 2523 584 2550 ant
610 2522 829 2550 numerantes
851 2517 942 2550 dice-

237 2570 334 2610 bant,
355 2568 365 2586 ‘
379 2567 595 2610 praefiscine,'
609 2578 667 2600 sen
680 2567 790 2609 φθόνος
804 2566 941 2599 ἀπέστω·

237 2622 302 2653 hoc
319 2619 423 2651 verbo
447 2618 609 2650 invidiam
635 2628 769 2651 omnem
792 2628 829 2651 se
852 2627 943 2650 amo·

237 2671 293 2702 liri
321 2669 500 2711 putabant.
542 2668 633 2700 Vide
662 2669 876 2710 scaligerum
899 2668 943 2700 ad

239 2721 324 2753 illud
339 2720 492 2752 Catulli:
516 2721 527 2738 ‘
540 2719 594 2751 Da
610 2720 691 2751 milli
718 2720 812 2752 basia
835 2720 942 2760 mille,

240 2770 367 2803 deinde
384 2769 547 2810 centum,’
561 2771 626 2801 διο.

1041 1459 1083 1489 12
1107 1458 1311 1489 Gemmantia
1324 1457 1413 1489 saxio
1428 1457 1565 1498 Balnea]
1600 1457 1695 1488 Gem-

997 1508 1117 1540 mantia
1131 1508 1186 1540 hie
1206 1517 1274 1540 non
1297 1507 1498 1549 simpliciter
1523 1506 1698 1548 intelligas

995 1558 1269 1600 ‘splendentiaz’
1300 1559 1361 1591 sed
1384 1559 1577 1598 gemmantia
1604 1558 1696 1589 idem

996 1610 1104 1650 valet,
1118 1609 1208 1651 quod
1227 1609 1314 1640 veris
1340 1609 1483 1650 gemmis
1509 1613 1546 1639 et
1570 1607 1698 1648 lapillis

995 1665 1128 1692 ornata.
1153 1660 1244 1692 Nam
1259 1658 1349 1692 infra
1363 1659 1491 1691 Statius
1505 1658 1602 1699 ponit
1615 1667 1698 1698 ony-

996 1712 1097 1751 chen,
1137 1716 1174 1743 et
1202 1711 1365 1752 ophiten:
1407 1711 1418 1728 ⁴
1444 1708 1573 1741 Moeret
1599 1717 1695 1749 onyx

996 1762 1111 1803 longe,
1134 1761 1356 1803 queriturque
1372 1760 1527 1792 exclusus
1541 1756 1700 1800 ophites!

993 1812 1040 1843 Et
1054 1812 1225 1843 Martialis
1236 1809 1279 1842 de
1295 1811 1416 1843 eodem
1427 1810 1561 1848 balneo,
1574 1810 1634 1841 lib.
1647 1818 1697 1842 vt.

994 1863 1060 1904 Ep.
1073 1865 1128 1894 46.
1149 1864 1159 1880 ⁸
1170 1863 1288 1894 Siccos
1305 1861 1440 1902 pinguis
1453 1870 1542 1902 onyx
1557 1860 1698 1892 anhelat

995 1917 1112 1953 astus,
1131 1912 1175 1944 Et
1192 1911 1328 1943 flamma
1350 1910 1444 1942 tenui
1467 1911 1582 1942 calent
1596 1910 1695 1951 ophi·

994 1962 1066 1995 tae.’

1037 2016 1078 2046 13
1102 2014 1229 2045 Procax
1241 2013 1354 2054 myrtis
1367 2010 1561 2051 hederisque]
1586 2009 1698 2042 Hora-

994 2065 1061 2096 tius
1077 2073 1118 2096 11.
1133 2064 1204 2096 od.
1219 2067 1250 2096 l.
1272 2065 1282 2082 ⁸
1296 2061 1366 2095 Sed
1376 2072 1433 2102 ne,
1446 2062 1588 2102 relictis,
1602 2071 1697 2094 musa

995 2124 1139 2157 procax,
1144 2115 1248 2156 jocis,
1263 2114 1355 2146 Caeae
1371 2117 1540 2145 retractes
1556 2121 1699 2144 munera

994 2166 1142 2198 naeniae!
1175 2166 1232 2198 Sic
1247 2165 1364 2206 Epith.
1377 2164 1496 2196 Stellae
1511 2163 1521 2181 ‘
1536 2163 1696 2204 petulans

995 2218 1138 2259 Elegia!
1181 2218 1266 2250 Vult
1290 2217 1379 2249 enim
1405 2215 1518 2248 Poeta
1543 2214 1696 2246 hilarita-

995 2271 1065 2299 tem
1091 2278 1132 2300 ac
1154 2268 1309 2300 laetitiam
1326 2267 1360 2299 in
1376 2266 1488 2305 Musa,
1514 2271 1552 2296 ut
1578 2264 1698 2295 melina

997 2317 1104 2358 possit
1117 2317 1312 2350 describere
1337 2317 1507 2355 balneum,
1530 2313 1623 2356 qnod
1637 2323 1696 2345 ex-

998 2367 1116 2409 primit
1129 2368 1232 2399 etiam
1249 2370 1312 2409 p'er
1325 2367 1427 2398 solata
1433 2365 1554 2404 fronte.

1042 2417 1165 2459 Myr-tis
1191 2415 1388 2458 heder-itque]
1431 2415 1564 2448 Quibus
1591 2418 1631 2446 nt
1661 2418 1698 2446 et

997 2468 1093 2499 lauro
1108 2468 1219 2499 Musae
1233 2467 1390 2499 coronari
1404 2466 1527 2498 solitae.

1040 2519 1081 2549 14
1109 2517 1285 2549 Verecunda
1308 2515 1456 2557 Etrusco]
1489 2514 1625 2547 Laudat
1654 2515 1699 2547 E-

997 2574 1148 2600 truscum
1169 2578 1190 2599 a
1214 2566 1435 2606 verecundia,
1451 2576 1527 2607 quae
1551 2565 1698 2597 maxime

997 2618 1098 2650 decet
1113 2617 1363 2657 adolescentes,
1387 2619 1426 2648 nt
1451 2619 1567 2647 custos
1589 2615 1698 2646 omni-

998 2678 1052 2699 um
1082 2667 1259 2707 virtutum,
1283 2666 1433 2698 dedecus
1453 2663 1603 2706 fugiens,
1630 2665 1698 2695 lan-

997 2718 1142 2759 demque
1159 2717 1338 2750 maximam
1354 2724 1576 2757 consequens,
1589 2718 1628 2746 ut
1649 2714 1698 2746 ait

998 2770 1131 2802 Cicero.
