1800 3060
228 225 314 267 314
725 238 764 267 P.
797 237 987 269 ΡΑΡιΝιι
1023 238 1187 270 εΤΛΤιι

230 332 328 388 (Da
346 333 541 382 veniam,>
554 331 751 384 Alcide,)
773 333 863 375 fors
887 334 989 375 huic
1011 339 1056 375 et
1075 347 1215 389 pensa
1235 335 1429 377 tulisses,

231 401 350 443 Haec
371 415 452 455 ego
471 406 706 443 nascentes
726 402 880 443 laetum
901 402 1145 444 bacchatus
1166 403 1223 445 ad
1246 415 1347 444 aras

229 469 495 511 Libamenta
515 470 594 511 tuli
611 483 623 512 2
654 483 771 511 nunc
791 471 940 524 ipsum
960 471 1004 511 in
1021 471 1170 513 limine
1191 484 1324 513 cerno

228 537 482 579 solventem
503 551 657 588 voceS,
679 543 724 580 et
742 539 850 580 talia
871 539 992 580 dicta
1011 539 1217 581 ferentem
1236 554 1246 582 ε

230 603 412 645 MAc'rE
435 605 594 646 animis
615 605 880 660 opibusque,
901 619 1022 648 meos
1037 607 1210 649 imitate
1228 608 1416 660 labores,

230 671 324 724 Qui
343 673 509 726 rigidas
529 685 677 728 rupes,
697 672 1054 729 infoecundaeque
1072 674 1283 729 pudenda

230 741 419 783 Naturae
436 740 610 783 deserta
629 742 800 792 domas,
821 747 869 784 et
888 744 1024 784 vertis
1045 744 1090 784 in
1111 758 1234 785 usum

229 806 396 850 Lustra
415 808 618 851 habitata
637 809 760 861 feris,
775 810 987 865 foedeque
1005 811 1191 853 latentia
1211 811 1379 866 profers
1663 855 1667 857 ,

231 877 431 919 Numina
444 891 587 933 :·quae
607 878 689 921 tibi
709 892 824 920 nune
845 881 1097 921 meritorum
1118 880 1302 934 praemia
1322 880 1495 923 solvam
1510 883 1531 924 Ἰ
1600 883 1684 925 170

232 944 360 996 Quas
379 945 566 988 referam
587 949 759 1000 grates?
791 948 1035 989 Parcarum
1055 948 1131 990 fila
1151 949 1325 999 tenebo,

228 1012 567 1069 Extendamque
586 1015 738 1057 colus:
768 1015 921 1057 duram
943 1016 1038 1057 scio
1057 1016 1234 1058 vincere
1254 1020 1465 1059 mortem:

229 1079 442 1124 Avertam
460 1082 624 1134 luctuS,
644 1087 689 1126 et
709 1084 853 1126 tristia
872 1083 1036 1126 damna
1053 1085 1228 1136 vetabo,

1598 541 1685 583 165

229 1226 334 1256 rentes
347 1234 454 1265 annos,
469 1225 594 1265 ignosce
609 1226 698 1266 milti,
713 1226 834 1267 Alcide,
843 1227 984 1266 forsitan
998 1228 1033 1260 in
1045 1228 1186 1269 gratiam
1200 1228 1276 1268 qius,
1287 1228 1437 1268 gessisses
1449 1228 1558 1260 colum.
1607 1227 1688 1268 Ego,

229 1268 375 1299 exultans
388 1270 428 1299 ad
441 1278 534 1300 novas
547 1279 632 1309 aras,
655 1271 746 1302 loetus
770 1271 868 1302 obtuli
890 1271 954 1302 hoec
969 1273 1060 1303 dona.
1107 1273 1199 1304 Nunc
1222 1272 1311 1303 video
1334 1272 1434 1313 ipsum
1461 1271 1630 1303 Herculem
1650 1271 1686 1301 in

219 1309 346 1348 foribus
371 1311 561 1343 emittentem
576 1323 672 1352 voces,
696 1317 727 1345 et
747 1314 953 1354 proferentem
977 1315 1042 1346 hoec
1066 1314 1157 1346 verba
1169 1326 1179 1347 .·
1203 1315 1312 1346 Macte
1324 1315 1427 1346 animo
1442 1318 1474 1345 et
1493 1313 1610 1355 opibus,
1633 1313 1688 1354 qui

228 1354 388 1385 oemularis
401 1364 483 1386 meos
497 1355 626 1396 labores,
642 1356 695 1397 qui
709 1357 829 1396 subigis
842 1358 936 1388 duros
948 1358 1085 1399 scopulos
1099 1361 1130 1389 et
1143 1357 1273 1397 infamia
1286 1358 1407 1389 deserta
1420 1357 1537 1388 sterilis
1550 1359 1686 1395 tanturm,

228 1399 260 1427 et
275 1395 433 1429 incolenda
448 1399 552 1429 reddis
567 1399 740 1431 hominibus
755 1402 820 1431 loca
834 1410 854 1430 a
869 1400 976 1431 bestiis
990 1400 1142 1440 habitata,
1152 1404 1182 1432 et
1192 1401 1314 1441 profers
1325 1401 1359 1431 in
1375 1401 1469 1432 lucem
1484 1400 1571 1431 Deos
1584 1398 1684 1440 turpi-

228 1442 278 1469 ter
291 1439 424 1472 abditos.
471 1441 573 1477 Quam
588 1442 648 1473 tibi
663 1444 829 1483 rependam
843 1444 1010 1474 mercedem
1026 1442 1273 1481 benefactorum?
1297 1443 1385 1479 Quas
1398 1443 1526 1475 habeam
1542 1442 1686 1483 gratias?

229 1481 382 1514 Retinebo
396 1484 532 1515 stamina
549 1485 733 1523 Parcarum,
757 1489 789 1517 et
806 1485 996 1526 prolongabo
1007 1486 1070 1528 fila
1086 1489 1149 1518 tuoe
1164 1486 1248 1517 vitan
1294 1486 1367 1518 Scio
1381 1496 1524 1527 superare
1545 1484 1686 1525 rigidum

228 1525 335 1557 letum.
381 1525 580 1568 Deeorquebo
595 1538 614 1559 α
629 1531 660 1560 te
684 1529 797 1569 luctus,
811 1531 841 1560 et
863 1529 1027 1570 prohibebo
1046 1532 1169 1561 moestas
1183 1530 1294 1569 clades,
1307 1532 1339 1560 et
1354 1539 1422 1560 cum
1442 1527 1615 1572 inoffensus
1628 1526 1685 1559 diu
1700 1548 1705 1553 «

837 1620 1035 1632 eeeeeeeee
1036 1621 1077 1632 Ν

229 1685 274 1718 N.
291 1684 413 1717 Heins.
431 1686 473 1717 ad
489 1686 592 1718 Ovid.
611 1686 723 1727 Epist.
749 1686 853 1720 Pont.
877 1697 911 1728 p.
926 1689 1112 1719 3SS.--162
1137 1686 1146 1704 ⁸
1160 1685 1228 1718 Alii
1252 1695 1320 1717 sors
1341 1684 1435 1716 huic!
1456 1683 1685 1726 Lindenbrog.

228 1731 335 1760 -103
369 1729 459 1762 Edd.
489 1736 572 1761 vett.
599 1731 701 1761 Ioetus.
746 1731 881 1763 ‘Quem
907 1740 974 1762 non
999 1728 1140 1761 offendit
1164 1728 1282 1760 sibilus
1308 1733 1358 1759 tot
1381 1728 1584 1769 syliabarum
1611 1727 1645 1759 in
1669 1738 1686 1760 ε

228 1772 442 1812 exeuntium,
463 1782 602 1804 necesse
629 1779 682 1804 est
709 1773 809 1804 duras
836 1783 933 1805 aures
962 1773 1100 1805 habeat.
1143 1772 1220 1803 Hoc
1245 1771 1344 1803 modo
1361 1771 1514 1802 emonias
1529 1780 1683 1803 versum:

229 1814 312 1845 Herc
340 1825 397 1853 ego
436 1819 596 1847 nascentes
620 1817 739 1856 laetum,
765 1818 831 1848 διο.
874 1817 952 1849 ,lam
978 1816 1061 1847 nihil
1091 1822 1146 1847 est
1173 1816 1215 1845 de
1246 1824 1312 1856 quo
1344 1813 1519 1855 queraris!
1561 1814 1684 1845 Markl-

229 1857 295 1888 Sed
335 1857 383 1888 ita
413 1858 487 1898 jam
526 1864 724 1890 correxerat
752 1859 1047 1891 Ranilum—164.
1083 1861 1145 1890 165
1177 1857 1250 1888 Hos
1289 1866 1405 1888 versus
1439 1857 1486 1888 ita
1513 1856 1600 1888 citat
1636 1856 1683 1887 N.

228 1899 349 1931 Heius.
366 1901 407 1931 ad
424 1902 483 1933 Sil.
502 1902 582 1933 Ital.
602 1911 683 1933 vul.
707 1905 782 1933 266.
806 1912 885 1933 nunc
897 1903 963 1943 ipso
978 1902 1010 1932 in
1025 1901 1132 1933 limine
1153 1910 1242 1931 cerno
1258 1899 1432 1931 solventem
1445 1909 1545 1938 curas,
1559 1903 1589 1930 ει
1606 1899 1684 1930 talia

228 1944 313 1974 dicta
329 1947 602 1975 verentem—171
621 1945 718 1976 Idem
735 1946 786 1975 vir
802 1945 924 1976 doctus
940 1946 972 1976 in
990 1945 1072 1976 Not.
1086 1943 1127 1974 ad
1146 1944 1243 1983 Eleg.
1261 1943 1293 1973 in
1311 1942 1416 1974 Mort.
1429 1942 1530 1973 Drusi
1543 1951 1591 1974 vs,
1607 1943 1681 1974 144.

229 1985 366 2017 dubitat
384 1996 495 2017 annon
520 1988 585 2024 legi
615 1987 831 2030 debeat,fila
848 1988 972 2027 renebo,
994 1997 1057 2029 pro
1079 1986 1197 2018 tenebo.
1240 1986 1250 2003 ‘
1264 1985 1340 2017 Non
1357 1994 1442 2025 opus
1459 1983 1536 2016 est.'
1560 1985 1682 2016 Markl.

227 2031 333 2060 -172
361 2030 594 2071 Extendamque
617 2032 698 2062 colos
723 2030 801 2063 And.
819 2034 851 2063 2.
879 2031 988 2063 Colin.
1015 2030 1149 2071 Gryph.
1178 2028 1282 2060 Basil.
1309 2028 1425 2060 Plaut.
1451 2028 1593 2060 Gevart.
1619 2028 1685 2059 &c-

887 2113 918 2144 N
925 2111 1029 2144 OTAE

271 2178 334 2208 162
349 2175 474 2217 Alcide]
489 2175 670 2208 Hercules.
718 2177 797 2208 Fors
811 2176 883 2208 huic
897 2180 928 2209 et

224 2237 320 2268 pensa
334 2228 471 2268 tulisses]
496 2227 597 2268 Huic,
610 2227 645 2258 id
659 2228 767 2267 est‚in
783 2227 928 2268 gratiam

225 2278 337 2319 hujus,
351 2283 388 2309 ut
413 2277 530 2310 fecisti
547 2279 580 2310 in
607 2279 752 2320 gratiam
778 2279 928 2320 Ompha-

226 2328 276 2360 les
292 2329 412 2370 Lydiae
431 2329 570 2370 reginae.

274 2382 334 2411 163
362 2381 531 2412 Nascentes
554 2381 642 2422 aras]
664 2381 713 2413 Ut
728 2380 929 2414 ‘nascentia

226 2431 355 2471 templa
367 2430 376 2444 '
393 2441 508 2472 supra.

270 2483 333 2512 164
357 2481 481 2524 Ipsum]
505 2482 705 2514 Herculem.

238 2564 240 2566 ,
270 2534 335 2564 166
357 2532 449 2563 Meos
470 2533 602 2574 labores]
627 2534 777 2566 Labores
798 2533 929 2565 Hercu·

226 2583 269 2615 lis
285 2583 441 2616 omnibus
456 2584 539 2615 noti.
585 2586 675 2616 Meos
695 2585 819 2616 imitate
844 2584 929 2616 labo-

226 2634 293 2675 res]
317 2634 394 2666 Hoc
417 2634 502 2666 dicit
528 2635 561 2665 in
586 2636 728 2676 gratiam
753 2635 868 2675 Pollii,
883 2635 929 2667 ob

225 2690 360 2718 structa
378 2685 422 2718 ab
446 2685 504 2718 ino
526 2690 579 2718 tot
599 2686 758 2718 aedificia.
802 2687 860 2719 Sic
876 2696 930 2717 su-

228 2745 313 2778 pra:
338 2736 348 2753 ‘
364 2737 418 2768 Da
441 2736 618 2779 templum,
645 2735 835 2779 dignasque
860 2737 928 2769 tuis

226 2786 406 2820 conatibus
423 2786 522 2819 aras.'

1026 2178 1088 2208 167
1113 2175 1279 2217 Pudenda]
1302 2174 1432 2207 Pudori
1446 2175 1535 2206 enim
1547 2178 1602 2206 est
1614 2175 1687 2207 Na·

983 2231 1083 2267 tnrae,
1097 2236 1174 2258 cum
1191 2231 1284 2258 terra
1308 2225 1447 2258 deserta
1461 2229 1498 2258 et
1515 2224 1683 2258 infoecun-

982 2277 1027 2309 da
1043 2283 1108 2309 est.

1027 2332 1091 2361 169
1121 2329 1273 2370 Foedeque
1299 2329 1430 2362 latentia
1463 2328 1607 2370 numina]
1641 2327 1684 2360 Id

983 2386 1048 2421 est,
1067 2381 1124 2422 qui
1140 2381 1294 2412 latebant
1308 2381 1341 2412 in
1359 2380 1565 2422 pauperibus
1580 2383 1618 2410 et
1631 2379 1683 2410 in-

983 2430 1094 2470 dignis
1122 2430 1272 2471 templis,
1289 2439 1352 2461 nec
1379 2429 1553 2461 audebant
1572 2437 1609 2460 se
1631 2438 1684 2461 os-

982 2480 1138 2518 tendere,
1154 2485 1192 2511 ut
1206 2485 1307 2511 antea
1322 2489 1398 2521 ego.

1026 2534 1088 2563 172
1112 2532 1349 2571 Extendumque
1363 2529 1462 2570 colus]
1495 2529 1536 2560 id
1552 2532 1618 2566 est,
1634 2529 1682 2561 vi-

982 2586 1051 2614 tam
1083 2586 1174 2613 tuam
1213 2580 1408 2612 extendam.
1467 2580 1592 2611 Duram
1620 2580 1684 2612 scio

981 2635 1103 2667 vincere
1127 2633 1271 2674 mortem]
1294 2633 1344 2665 Ut
1358 2631 1456 2671 fecit,
1470 2642 1548 2664 cum
1563 2631 1684 2664 Alces-

983 2686 1034 2718 tin
1050 2684 1204 2717 restituit
1218 2684 1253 2716 in
1268 2684 1386 2726 vitam,
1399 2686 1436 2716 et
1449 2683 1598 2716 reddidit
1609 2682 1683 2715 Ad·

982 2741 1074 2770 meto
1090 2734 1240 2777 conjugi.
