1800 3060
804 211 1077 242 ruffinum.
1642 202 1671 242 7

224 316 341 361 sunt,
355 311 394 351 si
408 310 495 351 isto
505 307 753 350 charactere
767 307 987 348 scribatur
1001 319 1014 357 ;
1031 306 1175 358 magis
1191 305 1424 355 diversi,'si
1438 306 1575 348 literis
1592 319 1673 347 un-

222 379 414 424 cialibus
435 377 747 430 concipiantur
766 387 903 416 voces
927 385 1077 424 mmr,
1091 385 1264 415 Tumr.
1297 372 1420 415 Idem
1433 374 1671 417 dicendum

220 444 366 489 doeibi
384 458 466 499 pro
487 443 576 484 bibe
597 443 721 497 Sylv.
746 453 789 483 V.
808 442 850 484 2.
910 441 986 483 Sic
1007 440 1142 482 turbes
1162 454 1242 495 pro
1264 441 1414 497 lingas,
1427 455 1527 484 cum
1538 447 1610 482 tur
1629 447 1672 483 et

222 514 285 555 tin
300 512 418 554 idem
436 512 540 559 sint,
561 509 585 550 b
607 521 711 550 vero
732 513 778 550 et
788 522 819 563 g
837 508 1090 562 saepissime
1106 511 1422 561 pervertantur.
1464 509 1539 550 Ita
1553 515 1671 550 terra

218 592 301 636 pro
321 592 456 623 cervae,
475 590 575 618 cum
594 582 611 616 t
630 579 672 616 et
694 588 714 615 c
744 574 980 616 simillimae
1013 574 1118 624 sint,
1144 578 1189 616 et
1216 574 1300 616 uisi
1321 588 1455 617 sensu
1482 576 1562 618 vix
1579 575 1671 629 dig-

219 645 476 688 noscendae:
517 643 820 684 dissimiliores
851 642 1096 695 aliquant0‚
1127 642 1168 682 si
1197 642 1469 696 capitalibus
1487 643 1670 694 scribas,

221 722 431 761 Turinus,
471 720 682 762 rincAs3
719 719 916 758 TRRRAE,
948 719 1139 750 σκηνῆς.
1197 709 1251 750 In
1282 710 1465 763 sing-ulis
1495 711 1669 764 paginis

220 779 427 834 exempla
446 778 627 832 hujusce
647 778 817 830 generis
837 776 1055 828 habebis;
1076 790 1177 818 cum
1197 782 1408 831 perpetuo
1426 783 1670 820 commute-

220 847 401 891 tur-ain
423 844 643 890 u‚·eiui‚·
664 843 750 885 oin
772 848 935 887 uetc:
956 843 1129 884 uinic:
1150 847 1192 885 et
1211 844 1557 886 haeomnesvice
1576 859 1669 888 ver-

220 927 285 958 sa.
315 914 392 956 Sic
414 914 498 954 rin
517 911 533 952 i
552 917 598 953 et
617 915 694 952 tet
713 926 756 951 s.-
787 912 874 952 cin
894 909 1035 952 setl:
1065 917 1103 952 te
1123 912 1167 952 in
1188 926 1214 951 a
1234 911 1432 963 coaluit3
1453 911 1669 967 undepro

220 995 400 1024 serenam
418 979 588 1022 restitui
603 984 810 1030 serentem,
830 979 916 1020 hoc
935 983 1016 1029 est,
1035 978 1233 1020 sedentem
1247 994 1260 1018 .·
1283 983 1440 1020 contra
1451 984 1491 1019 et
1510 992 1592 1033 pro
1612 994 1637 1020 α
1654 998 1669 1025 ,-

219 1048 335 1091 unde
357 1060 436 1102 pro
456 1046 535 1087 bile
552 1044 685 1101 feret,
717 1045 802 1087 feci
817 1044 938 1101 sera.
997 1045 1087 1087 Sed
1114 1046 1298 1101 hujusce
1321 1047 1490 1099 generis
1509 1049 1669 1101 praeci-

220 1127 313 1170 pua
330 1121 401 1156 est
419 1114 633 1155 restitutio
653 1112 739 1154 loci
759 1112 884 1167 Sylv.
908 1124 961 1156 11.
983 1113 1024 1154 6.
1045 1113 1117 1155 27.

441 1212 541 1255 Nec
564 1212 693 1254 Paris
713 1212 924 1254 OEbalios
947 1213 1046 1254 talis
1068 1213 1244 1253 visurus
1265 1225 1433 1254 amores

447 1279 664 1322 Rusticus
684 1280 852 1321 invisas
873 1279 1036 1335 dejecit
1058 1281 1102 1321 in
1123 1292 1300 1334 aequora
1319 1280 1474 1335 pinus;

220 1381 300 1425 ubi
314 1382 453 1436 probo
473 1382 607 1423 scribi
629 1381 806 1431 debere,
833 1379 1003 1422 Troasin
1023 1380 1173 1422 invisas
1192 1393 1273 1435 pro
1294 1378 1499 1422 Rusticus.
1548 1381 1668 1425 Vide

221 1454 369 1491 autem
388 1449 563 1491 initium
583 1455 630 1490 et
652 1461 936 1503 progressum
955 1448 1086 1503 hujus
1108 1448 1285 1490 mendi:
1318 1448 1473 1490 ultima
1493 1449 1669 1503 syllaba

220 1515 264 1557 in
285 1516 447 1558 amissa
467 1520 558 1558 erat
578 1516 620 1557 in
641 1528 750 1556 voce
786 1516 987 1569 proxime
1018 1519 1246 1569 sequente,
1282 1514 1446 1565 invisas,
1474 1520 1524 1558 ut
1545 1529 1668 1571 saepe

221 1582 297 1625 fit:
324 1583 422 1624 inde
441 1590 552 1623 troas
570 1586 783 1636 ceperunt
802 1594 881 1636 pro
901 1582 1018 1633 ricus,
1049 1595 1150 1624 cum
1179 1582 1402 1624 literarum
1420 1582 1669 1625 differentia

221 1651 269 1691 in
285 1650 375 1691 isto
395 1649 640 1691 charactere
659 1649 840 1690 minima
858 1650 932 1701 sit,
963 1654 1009 1692 et
1026 1650 1112 1691 nisi
1131 1650 1288 1704 peritis
1309 1649 1387 1692 vix
1406 1649 1668 1704 dignoscen-

221 1717 305 1758 da:
345 1716 598 1771 adjecerunt
634 1716 796 1758 deinde
832 1716 904 1758 vel
944 1730 1002 1759 ex
1033 1730 1145 1759 voce
1174 1716 1475 1771 praecedente,
1504 1717 1577 1760 vel
1608 1731 1668 1759 ex

221 1784 414 1837 ingenio,
433 1783 654 1838 syllabam
674 1797 767 1823 rus.-
804 1787 850 1825 et
867 1784 933 1825 sic
954 1784 1259 1826 concinnarunt
1281 1796 1436 1826 vocem
1458 1781 1667 1836 Rusticus,

221 1863 324 1906 quae
342 1850 534 1893 absurda
553 1855 620 1892 est
638 1855 683 1891 et
702 1850 832 1892 falsa.

279 1916 503 1960 Infinitum
522 1922 641 1959 esset
661 1918 700 1958 si
721 1917 868 1958 omnia
886 1917 932 1958 in
951 1917 1067 1959 hanc
1085 1929 1177 1958 rem
1196 1915 1385 1959 dicenda
1402 1930 1665 1973 exequerer:

222 1984 419 2026 desinam
435 1984 581 2036 igitur,
598 1984 636 2024 si
655 1984 779 2037 prius
798 1988 1012 2025 notavero
1034 1983 1157 2025 aliud
1173 1984 1426 2026 mendorum
1447 1998 1586 2039 genus
1607 2001 1667 2030 ex

221 2051 304 2093 hac
333 2051 558 2105 praecipue
591 2050 827 2104 scriptione
854 2054 899 2091 et
923 2050 1175 2092 charactere
1195 2050 1450 2106 profluens:
1480 2053 1563 2095 hoc
1584 2059 1665 2105 est,

224 2130 324 2159 cum
343 2122 449 2160 totae
466 2131 618 2168 voceS,
639 2130 726 2159 non
740 2117 876 2159 literae
895 2122 1066 2160 tantum
1087 2131 1178 2160 una
1206 2123 1249 2160 et
1274 2119 1427 2171 altera,
1461 2134 1543 2175 pro
1565 2122 1665 2163 aliis

223 2184 564 2227 substituuntur-2·
603 2197 690 2226 non
718 2185 821 2240 quin
848 2191 893 2227 et
912 2186 1236 2240 antiquioribus
1263 2186 1426 2239 Libris,
1454 2191 1498 2229 et
1530 2189 1667 2230 literis

223 2250 485 2305 majusculis
506 2252 700 2307 scriptis,
731 2252 819 2294 boc
839 2254 1121 2305 usuvenerit3
1143 2254 1222 2295 sed
1242 2268 1328 2296 non
1354 2259 1447 2296 tam
1465 2255 1667 2311 frequen-

225 2323 304 2370 ter,
337 2331 419 2360 nec
452 2323 542 2360 tam
573 2318 696 2361 facili
729 2321 886 2361 erroris
916 2321 1164 2362 occasione.
1225 2320 1408 2376 Quippe
1446 2322 1666 2366 interdum

223 2385 586 2439 Iuterpolatores‚
606 2387 819 2429 interdum
838 2386 1097 2430 festinantes
1120 2388 1321 2440 Librarii,
1337 2402 1522 2443 quorum
1541 2390 1666 2432 lucro

165 2442 171 2446 ⁵
224 2456 318 2494 erat
332 2453 470 2505 libros
488 2466 618 2507 quam
652 2455 874 2497 celerrime
901 2457 1204 2506 transcribere,
1235 2469 1336 2498 cum
1366 2457 1488 2498 nacti
1521 2462 1667 2500 essent

225 2517 463 2572 Exemplar
494 2519 687 2574 aliquod,
721 2521 792 2563 vel
819 2522 961 2564 literis
983 2523 1243 2564 minusculis
1262 2526 1307 2565 et
1325 2523 1667 2566 abbreviationi·

223 2585 326 2635 bus,
355 2586 425 2635 vel
452 2591 670 2629 vetustate
697 2592 776 2630 aut
803 2589 945 2630 multo
974 2602 1060 2630 usu
1088 2595 1133 2631 et
1165 2602 1373 2631 manuum
1402 2591 1665 2633 tractatione

224 2652 478 2703 obscurius,
494 2665 581 2695 non
601 2668 772 2710 semper
789 2656 891 2698 fidei
909 2656 1097 2698 litabant
1113 2671 1126 2709 3
1155 2657 1234 2699 sed
1252 2657 1511 2712 posthabita
1531 2659 1665 2700 veteri

225 2721 269 2760 et
300 2732 406 2762 vera
436 2719 664 2772 Lectione,
702 2724 777 2765 cui
801 2723 1060 2778 indagandae
1095 2724 1274 2779 aliquod
1306 2725 1518 2780 temporis
1555 2726 1665 2767 forte
