1800 3060
534 224 810 258 svnvsnuu
843 223 939 254 ms.
970 223 1045 255 ιιι.
1074 213 1115 253 4.

102 324 187 376 Ite,
207 326 420 365 coronato
438 320 703 362 recubantes
723 318 915 361 molliter
934 331 1062 361 auro:

101 391 183 442 Ite,
204 389 328 432 dabit
347 400 505 430 cursus
524 387 647 429 mitis
668 385 888 441 Cytherea
907 384 1147 434 secundos,

103 457 395 510 Placabitque
417 454 589 496 Notos:
619 454 711 494 fors
732 458 778 494 et
798 452 852 493 de
871 465 1023 506 puppe
1045 450 1245 492 timenda

99 522 365 571 Transferet,
385 521 519 574 inque
537 533 622 561 sua
639 520 775 566 ducet
795 531 928 573 super
948 530 1130 572 aequora
1149 517 1330 560 concha-
1516 518 1547 559 5

102 589 272 644 Accipe
290 588 515 637 laudatos,
528 586 703 641 juvenis
723 585 951 635 Phoebeie,
972 586 1125 635 crines,

103 655 231 708 Quos
250 657 330 699 tibi
348 654 580 698 Caesareus
599 653 736 695 donat
754 665 885 707 puer:
916 653 1073 706 accipe
1093 653 1244 702 laetus,

97 775 215 819 pyxide
227 776 268 807 ud
281 785 434 807 umnam
445 783 540 815 usque
556 774 733 813 marginem
745 773 883 813 repleta:
902 771 1028 811 Vadite,
1040 772 1128 803 mitis
1151 772 1299 804 Cithereo
1311 770 1460 820 prebebit
1467 770 1546 808 feli-

100 827 167 850 eea
185 818 425 857 novimum,
447 820 479 848 et
501 817 594 848 leniet
609 819 725 847 cenos.
773 816 817 846 Et
835 814 948 853 serm
961 814 1187 854 ἐτακῳοῆαὸὶἐ
1209 824 1261 846 τοι
1279 816 1318 846 de
1339 815 1424 852 navi,
1439 814 1473 845 ιἰι
1487 824 1548 854 qua

99 902 190 936 m
201 911 314 943 m,
312 859 488 943 ὦῗῖἶῖ
495 858 819 942 &Wfflssfssffl
825 857 978 941 Ὓέἒῑ».
994 857 1125 931 ’33ῑέ
1132 857 1547 932 3ῑέῑέῑέΖρᾝῶ

753 991 899 1025 NOTAE

99 1057 270 1092 ‘Nomine
296 1058 354 1100 qui
376 1058 489 1100 signat
510 1061 668 1098 tempora
692 1065 801 1088 verna

102 1106 185 1140 suo?
227 1108 274 1140 Et
298 1107 479 1149 Epig.12.
519 1107 671 1148 ejusdem
700 1106 798 1138 libri:

99 1157 256 1190 ‘Nomen
269 1167 345 1190 cum
360 1158 457 1189 violis
481 1157 654 1198 Musisque
668 1161 800 1196 natum,

103 1207 181 1241 Quo
203 1216 283 1248 pan
306 1208 436 1248 optima
459 1211 676 1249 nuncupatur
699 1206 801 1239 anni!

102 1254 237 1298 ’sapin
251 1256 341 1288 euim
364 1266 490 1296 versas,
511 1256 637 1295 viridis,
663 1256 706 1287 ab
732 1254 798 1297 ἔαρ,

63 1350 67 1353 V
103 1316 168 1349 on,
195 1305 287 1348 qnod
312 1305 452 1338 floribus
482 1306 646 1339 abundat.
698 1306 799 1338 Hanc

102 1365 233 1389 comam
269 1356 435 1397 Papinius
474 1356 540 1388 hoc
576 1356 728 1388 carmine
762 1361 800 1388 et

102 1406 273 1440 martialis
298 1406 432 1438 duobus
458 1406 708 1447 epigrammatis
741 1405 800 1437 im-

103 1459 282 1492 mortalem
314 1458 476 1496 reddunt,
520 1468 596 1500 quae
632 1457 799 1498 ascripsi3

103 1509 286 1542 conferunt
300 1510 391 1542 enim
406 1508 534 1551 aliquid
557 1508 644 1540 lucis
659 1508 799 1548 Papinii

103 1559 271 1592 versibus.
330 1557 538 1591 Referuntur
575 1568 596 1589 a
639 1558 799 1589 Martiale

102 1609 164 1642 lib.
175 1618 230 1642 ix.
244 1609 346 1650 Epig.
359 1611 411 1641 17.
426 1614 463 1640 et
475 1611 528 1640 18.
551 1608 606 1640 De
622 1608 728 1640 Coma
740 1608 803 1639 Ea-

104 1659 193 1691 rini:
225 1659 435 1691 ‘Consilium
469 1657 587 1690 formae
625 1658 803 1699 speculum

105 1709 291 1752 dulcesque
306 1710 449 1751 capillos
473 1710 665 1750 Pergameo
692 1709 804 1750 posuit

106 1760 196 1792 dona
208 1766 343 1793 sacrata
356 1761 443 1799 Deo,
461 1760 527 1792 Ille
554 1769 642 1801 puer
659 1764 733 1791 tota
748 1759 806 1790 do·

105 1810 198 1843 mino
224 1810 438 1852 gratissimus
460 1810 550 1846 aula,
578 1810 726 1841 Nomine
747 1809 804 1850 qui

105 1859 220 1902 signat
255 1865 412 1901 tempora
436 1868 542 1892 verna
580 1869 651 1890 suo.
695 1859 807 1898 Felix,

106 1918 183 1951 qua!
194 1909 256 1942 tali
265 1914 425 1942 censetur
435 1918 576 1941 munere
592 1909 692 1941 tellus
705 1909 713 1940 Ι
730 1908 806 1940 Nec

105 1958 345 2001 Ganymedeas
372 1959 480 1991 vellet
512 1958 638 1991 habere
669 1958 806 1990 eomas.'

105 2007 164 2040 De
178 2008 299 2040 eadem
314 2008 357 2040 ad
369 2008 600 2049 AEsculapium
614 2007 645 2038 :‘
656 2007 802 2039 Latonae

107 2059 302 2090 venerande
316 2067 435 2099 nepos,
456 2059 513 2100 qui
537 2058 676 2090 mitibus
690 2058 803 2089 herbis

108 2108 295 2140 Parcarum
321 2117 441 2140 exoras
466 2117 584 2149 pensa,
616 2106 803 2147 brevesque

112 2157 209 2190 colos
220 2168 231 2189 =
253 2157 328 2189 Ho-
343 2157 405 2189 tibi
419 2157 572 2188 laudatos
594 2156 731 2187 domino
744 2165 804 2187 sua

111 2211 190 2239 vota
205 2207 346 2248 capillos
359 2206 426 2238 Ille
442 2211 521 2238 tuus
544 2205 644 2237 Latia
657 2205 746 2237 misit
761 2204 804 2237 ab

109 2256 197 2288 urbe
222 2265 319 2298 puer.
362 2255 508 2288 Addidit
527 2259 564 2287 et
584 2254 731 2287 nitidum
750 2264 804 2286 sa-

108 2305 215 2339 entis
228 2305 377 2338 crinibus
392 2305 519 2346 orbem,
543 2305 621 2338 Quo
645 2303 731 2336 felix
750 2303 804 2336 fa-

110 2356 182 2388 cies
205 2355 326 2397 judice
352 2359 430 2388 tuta
454 2353 535 2387 fuit.
577 2355 633 2386 Tu
650 2355 805 2397 juvenile

110 2405 217 2438 decus
230 2414 342 2444 serva,
352 2415 396 2437 ne
411 2405 584 2447 pulchrior
596 2397 663 2437 iue‘
681 2405 723 2437 In
737 2406 808 2438 lon-

111 2463 155 2496 ga
166 2453 270 2487 fuerit
284 2464 384 2496 quam
397 2454 554 2487 breviore
569 2455 691 2488 coma.'

154 2507 172 2536 1
197 2504 413 2537 stum-rite
432 2504 575 2546 ροπίκηι]
609 2504 698 2536 Nam
724 2504 808 2536 Per-

113 2562 241 2595 gamus,
259 2554 294 2585 in
309 2564 409 2596 quam
433 2554 469 2586 hi
492 2554 608 2595 capilli
622 2554 808 2586 mitteban-

110 2607 182 2643 tur,
195 2604 230 2636 in
244 2603 326 2636 Asia
340 2605 467 2636 Minori
488 2610 566 2636 erat
581 2605 661 2645 sita,
673 2609 711 2636 ut
730 2606 805 2645 jam

113 2651 258 2685 diximus
290 2654 439 2687 Soteriis
470 2655 616 2687 Gallici:
658 2654 806 2697 ideoque

113 2704 408 2737 tranauitteudum
422 2710 502 2738 erat
515 2715 622 2737 mare.

155 2758 176 2788 2
200 2756 352 2790 Comata
377 2758 470 2799 mro]
506 2758 549 2791 Id
578 2762 645 2799 est,
670 2757 806 2799 Pyxide

854 1066 958 1089 aurea
969 1066 1076 1099 usque
1100 1056 1143 1089 ad
1169 1065 1335 1088 summum
1361 1054 1549 1096 marginem

853 1108 995 1148 repleta,
1008 1109 1099 1139 sicut
1114 1111 1276 1139 coronata
1299 1105 1420 1146 pocula
1445 1105 1551 1136 etiam

854 1157 1027 1197 dicuntur,
1035 1167 1128 1189 mero
1139 1166 1246 1198 usque
1263 1156 1304 1187 ad
1318 1164 1483 1186 summum
1499 1163 1552 1186 re-

855 1207 961 1248 pieta.
1008 1207 1087 1239 Non
1102 1207 1193 1238 enim
1205 1206 1335 1247 uspiam
1350 1205 1477 1246 legitur
1491 1205 1551 1236 has

854 1257 999 1299 pyxides
1024 1257 1159 1289 coronis
1181 1256 1287 1288 indui.
1331 1255 1443 1287 Statio
1464 1264 1551 1286 cm·

852 1310 961 1338 natam
971 1317 1082 1339 αιηιιιι
1096 1317 1157 1348 per
1172 1306 1393 1348 Hypallagen
1409 1304 1549 1343 dicitur,

854 1366 931 1388 cnm
947 1357 1062 1398 potius
1076 1357 1188 1388 crines
1203 1356 1358 1388 coronati
1382 1364 1465 1386 auro
1480 1354 1551 1386 dici

854 1408 1028 1440 deberent.
1053 1407 1182 1439 Eodem
1197 1406 1356 1449 loquendi
1370 1404 1471 1437 modo
1485 1405 1551 1436 Ca·

852 1459 974 1491 tullus:
989 1459 1000 1476 ⁸
1011 1458 1204 1499 Religasset
1215 1458 1332 1488 navita
1343 1455 1551 1496 funem‚’pro

853 1510 863 1528 ‘
878 1508 959 1540 fune
971 1508 1117 1540 ιιειινειιι.Ι
1142 1508 1331 1549 Eidemque
1348 1507 1485 1537 ‘inusta
1496 1505 1555 1537 fla-

855 1557 968 1598 gella,’
990 1555 1376 1598 pro‘innstaflagellis’
1398 1555 1554 1586 verbera.

855 1608 913 1640 Ita
931 1608 1064 1639 Plinius
1077 1615 1209 1639 xxxvr.
1222 1610 1254 1638 5.
1276 1607 1286 1624 ‘
1300 1606 1463 1638 Calceare
1478 1614 1554 1637 soe—

857 1657 940 1697 cos‚’
951 1667 1013 1698 pro
1024 1657 1035 1674 ‘
1044 1657 1152 1689 soccis
1163 1656 1173 1670 '
1186 1656 1292 1697 pedes
1306 1655 1404 1687 dixit.
1417 1654 1556 1687 Gronov.

898 1710 919 1738 3
943 1706 1115 1748 Cytherea]
1137 1707 1266 1746 Venus,
1289 1715 1310 1736 a
1337 1705 1488 1746 Cythera
1502 1704 1554 1735 iu·

858 1759 934 1790 sula
948 1767 1058 1799 prope
1080 1758 1231 1797 Cretam,
1254 1756 1298 1788 ad
1312 1765 1410 1797 quam
1423 1754 1555 1787 concha.

858 1814 957 1840 vecta
971 1808 1146 1849 appulisse
1162 1806 1298 1838 dicitur.

902 1861 923 1889 4
947 1857 1062 1898 Notos]
1082 1858 1214 1889 Ventos
1237 1855 1391 1887 humidos
1408 1859 1445 1887 et
1469 1859 1555 1886 tem-

859 1912 1013 1949 pestates
1026 1907 1229 1939 excitantes.
1254 1905 1415 1947 finiendo]
1432 1905 1473 1937 In
1488 1914 1558 1947 qua

860 1957 1116 2000 periclitamini.

899 2012 918 2039 5
942 2007 1009 2038 Sao
1021 2006 1151 2047 concha]
1170 2006 1261 2039 Vide
1276 2015 1379 2047 supra
1394 2014 1444 2037 vs.
1460 2006 1492 2037 3.

897 2060 920 2089 6
940 2056 1116 2096 Laudatas]
1140 2055 1183 2088 Id
1199 2061 1266 2094 est,
1280 2055 1454 2096 pulchros.
1496 2053 1555 2085 Sic

858 2107 984 2140 Ovidio
1001 2103 1210 2148 Eijerus,
1222 2108 1232 2124 ‘
1245 2105 1477 2137 laudatissima
1489 2103 1558 2135 for·

856 2168 913 2190 ma
935 2156 1051 2199 Tyro?
1093 2156 1266 2189 Martialis
1296 2165 1421 2196 supra:
1440 2155 1452 2172 ⁴
1465 2155 1557 2186 Lau·

858 2209 955 2240 datos
968 2207 1105 2239 domino
1120 2216 1179 2238 sua
1193 2210 1274 2237 vota
1285 2203 1451 2245 capillos!
1495 2204 1558 2234 Ju-

856 2258 943 2290 venis
966 2256 1125 2297 Phoebeie]
1145 2254 1321 2295 AEsculapi
1349 2253 1399 2285 fili
1421 2252 1559 2293 Phoebi,

856 2317 918 2339 seu
933 2306 1114 2348 Apollinis.

898 2359 919 2388 7
945 2357 1106 2388 Coesareus
1132 2355 1223 2395 puer]
1247 2354 1392 2386 Earinus
1416 2353 1562 2386 libertus

858 2405 1018 2438 Caesaris.
1061 2405 1178 2445 Accipe
1201 2403 1310 2445 latus]
1333 2403 1471 2436 Usitata
1487 2413 1560 2435 ver-

860 2457 905 2488 ba
920 2455 1162 2488 dedicantium.
1205 2455 1264 2486 Sic
1289 2454 1324 2485 in
1345 2453 1560 2485 dedicatorio

861 2507 1106 2548 epigrammate
1133 2503 1369 2536 Eratosthenis
1384 2501 1515 2543 δέχνυσο
1530 2502 1560 2534 δ’

861 2554 1021 2595 εὖμενέως,
1051 2555 1087 2586 id
1114 2559 1179 2596 eat,
1205 2554 1308 2594 accipe
1337 2553 1482 2593 libenter,
1521 2559 1559 2584 et

860 2606 1031 2639 Pindarus
1043 2605 1078 2636 in
1092 2603 1303 2636 invocatione
1318 2602 1464 2635 numinis
1486 2602 1560 2634 od.

859 2665 912 2689 lv.
933 2653 1084 2687 Ὠκεάνου
1096 2651 1355 2696 θνγάτερ,καρδίᾳ
1368 2653 1498 2692 γελανεῖ
1509 2650 1558 2682 δέ·

858 2717 931 2746 χεο,
945 2705 980 2737 id
995 2704 1141 2747 εις-ᾔδη
1153 2704 1284 2745 Oceani,
1297 2704 1400 2745 accipe
1413 2703 1478 2734 lato
1490 2702 1559 2735 ana·-

859 2767 921 2789 nm.
