1800 3060
230 201 319 244 442

234 308 408 350 Serviet
429 321 563 363 asper
584 323 738 364 equus.

735 214 777 246 Ρ.
811 213 1003 245 PAPINII
1036 214 1201 246 STATH

800 310 900 353 Nos
919 312 1042 354 facta
1063 311 1209 354 aliena
1230 312 1428 354 canendo

233 374 471 429 Vergimur
490 378 534 418 in
555 379 749 421 senium:
780 381 973 434 propriis
994 383 1041 422 tu
1063 380 1250 434 pulcher
1271 380 1315 421 in
1337 380 1470 421 armis

1639 381 1697 423 70

235 444 342 499 Ipse
364 445 561 487 canenda
581 460 720 500 geres,
743 448 989 502 patriaeque
1010 448 1222 501 exempla
1241 448 1437 502 parabis.

235 512 404 567 Magna
425 518 568 567 pater,
590 514 835 569 dignosque
857 516 1098 556 etiamnum
1119 515 1303 568 belliger
1324 520 1452 557 actus

234 580 392 622 Poscit
413 595 537 632 avus,
557 587 827 638 praestatque
848 583 965 624 domi
985 584 1169 624 novisse
1191 582 1459 636 triumphos.

236 648 375 702 Surge
393 649 593 703 agedum,
611 651 909 705 juvenemque
931 664 1040 705 puer
1061 650 1284 705 deprende
1302 654 1540 705 parentem,

236 716 486 759 Stemmate
506 723 705 760 materno
727 719 848 770 felix,
870 719 1033 761 virtute
1056 724 1256 773 paterna.

1642 720 1700 760 75

235 786 266 829 J
271 799 342 827 am
364 789 407 827 te
430 786 596 827 blanda
617 787 717 828 sinu
739 787 877 841 Tyrio
901 787 987 828 sibi
1009 787 1146 828 Curia
1167 787 1276 827 felix

236 854 427 904 Educat,
449 858 490 895 et
511 859 699 896 cunctas
719 855 880 908 gaudet
899 856 1119 909 spondere
1141 855 1331 896 curules.

238 921 357 964 Haec
378 935 459 975 ego
480 921 756 964 Chalcidicis
778 924 834 965 ad
858 928 915 974 te,
939 923 1166 973 Marcelle,
1190 923 1406 965 sonabam

238 989 499 1039 Littoribus,
520 990 686 1032 fractas
707 992 781 1033 ubi
802 991 1003 1033 Vesbius
1023 992 1148 1045 erigit
1168 991 1272 1041 iras,

238 1058 422 1100 AEmula
441 1057 685 1101 Trinacriis
702 1061 882 1102 volvens
903 1060 1108 1101 incendia
1128 1059 1332 1101 fiammis.

1645 1058 1701 1100 80

239 1180 310 1212 tibi.
355 1181 423 1212 Nos
437 1182 616 1214 celebrando
630 1185 721 1222 gesta
735 1182 868 1213 aliorum
883 1181 1037 1214 tendimus
1050 1182 1083 1214 in
1095 1185 1293 1214 senectutem.
1326 1181 1373 1214 Tu
1387 1180 1568 1221 conspicuus
1588 1179 1622 1211 in
1633 1189 1705 1220 pro·

235 1224 320 1265 priis
334 1225 432 1255 armis
446 1227 510 1266 ipse
525 1236 599 1266 ages
613 1226 808 1265 celebranda,
835 1229 866 1256 et
886 1226 1078 1267 proepurabis
1092 1227 1231 1266 exempla
1244 1225 1369 1265 patriae.
1417 1225 1517 1255 Geres
1531 1232 1658 1263 magua,
1674 1226 1705 1254 el

238 1270 382 1299 strenuus
398 1278 472 1300 avus
488 1270 645 1311 efflagitat
659 1279 679 1300 α
695 1272 725 1299 le
749 1269 845 1309 digna
860 1268 1030 1307 facinora:
1054 1273 1084 1300 et
1113 1269 1191 1300 utile
1217 1272 1263 1300 est
1290 1269 1394 1300 videre
1418 1267 1502 1298 domi
1525 1266 1707 1306 triumphos.

242 1310 353 1341 Cresee
369 1314 514 1351 agedum,
537 1316 567 1344 et
587 1322 666 1354 puer
690 1322 779 1352 oequa
795 1311 944 1350 juvenem
967 1316 1138 1353 parentem,
1157 1312 1265 1343 beatus
1285 1314 1423 1342 nwterno
1435 1319 1562 1350 genere,
1575 1312 1706 1350 paterna

239 1353 369 1384 vie-tute.
414 1355 491 1386 Jam
507 1355 617 1387 blanda
630 1355 736 1395 gloria
751 1356 860 1386 educat
884 1355 942 1386 sibi
959 1359 989 1386 te
1005 1355 1133 1394 felicem
1147 1355 1180 1385 in
1201 1363 1353 1395 purpureo
1365 1354 1498 1394 gremio,
1513 1355 1543 1383 et
1558 1353 1631 1382 loeta
1646 1350 1706 1381 tibi

235 1397 398 1436 promittit
419 1407 524 1429 omnes
548 1399 677 1430 curules.
723 1399 794 1437 Ego
815 1398 880 1429 hoec
894 1398 1063 1429 scribebam
1078 1399 1118 1429 ud
1133 1401 1176 1436 te,
1195 1397 1357 1436 Marcelle,
1371 1406 1412 1428 ex
1427 1396 1491 1427 oris
1509 1393 1707 1433 Chalcidicis,

239 1438 295 1470 ubi
317 1439 467 1472 Vesuvius
492 1441 624 1483 impellit
652 1445 861 1482 erumpentem
877 1441 1033 1481 furorem,
1053 1444 1159 1472 rotans
1172 1439 1321 1481 flammas
1347 1439 1506 1471 imitantes
1534 1437 1706 1470 Trinacviae

850 1537 908 1550 ΝΟ
912 1536 1093 1550 θθθΟῶΜΟ

240 1610 305 1643 pro
320 1601 408 1632 tardi
423 1601 519 1633 malit
533 1601 645 1642 validi,
659 1602 713 1634 vel
726 1602 827 1634 etiam
835 1601 1048 1641 fortes—72.
1062 1604 1103 1633 73
1127 1601 1325 1633 Parmensis
1339 1601 1463 1633 habet:
1487 1601 1611 1640 Magna
1622 1602 1707 1639 gelae

241 1644 354 1684 dignos
368 1654 456 1685 quem
469 1645 540 1684 jam
562 1655 644 1676 nunc
659 1645 788 1686 belliger
802 1650 891 1677 nctus
908 1645 1018 1676 Nescit
1032 1655 1124 1683 ιιι-οε,-
1148 1646 1325 1677 Romana:
1350 1646 1473 1685 Magna
1484 1647 1579 1684 gente
1590 1652 1622 1674 es
1635 1643 1707 1682 dig·

241 1697 301 1719 nus
315 1697 405 1727 quem
416 1687 487 1726 jam
504 1689 635 1728 belliger
649 1692 737 1720 actus
753 1689 865 1720 Noscit
880 1698 978 1725 avum
1002 1693 1037 1719 et
1062 1688 1109 1719 ita
1135 1688 1189 1720 ed.
1218 1693 1287 1719 vet.
1310 1687 1577 1728 Lindenbrogii;
1603 1684 1707 1717 Aldd.

242 1730 356 1762 Colin.
370 1730 504 1772 Gryph.
521 1733 584 1762 &c.
607 1732 730 1772 Magna
743 1742 846 1772 geres,
868 1732 1038 1772 dignosque
1057 1731 1226 1762 etiamnum
1249 1731 1379 1771 belliger
1392 1734 1480 1763 actus
1493 1729 1604 1762 Poscit
1619 1738 1706 1760 anus.

241 1773 363 1805 Lectio
379 1779 496 1805 nostra
511 1774 659 1806 debetur
673 1775 893 1814 Marklando‚
910 1774 966 1816 qni
983 1784 1044 1814 pro
1059 1774 1230 1815 dignosque
1242 1775 1358 1806 mallet
1371 1774 1486 1813 etiam,
1499 1781 1685 1813 magnosque
1696 1781 1709 1808 ‚-

241 1821 279 1848 et
294 1826 395 1848 mox:
417 1818 591 1858 veterisque
605 1819 713 1849 domus
726 1828 875 1850 renovare
891 1818 1161 1858 triumphem-⁷6
1187 1817 1280 1858 Tyrio
1307 1817 1368 1849 sibi
1389 1817 1494 1857 gloria
1520 1815 1598 1847 edd.
1620 1818 1706 1845 vett.

243 1859 404 1892 Correxit
418 1860 743 1893 Marklandus.—-79
771 1862 922 1894 Vesuvius
935 1861 1059 1900 oggerit
1072 1860 1139 1892 iras
1154 1860 1233 1892 Ald.
1247 1863 1277 1892 1.
1291 1860 1486 1892 Gronovius
1500 1860 1615 1891 Diatr.
1628 1867 1706 1898 cap.

905 1958 1046 1991 NOTAE

285 2025 328 2056 73
350 2023 453 2064 Avus]
489 2023 552 2054 Vir
581 2023 805 2064 triumphalia.
858 2023 951 2056 Proe-
1046 2025 1088 2055 78
1113 2021 1320 2064 Chalcidicis]
1343 2021 1597 2064 Neapolitanis.

242 2077 367 2114 statque
393 2073 477 2104 domi
505 2073 627 2105 novisse
651 2072 841 2115 triumphos]
871 2074 950 2106 Non
1046 2075 1089 2105 79
1116 2072 1256 2114 Vesbius]
1280 2071 1427 2103 Vesbius
1443 2075 1623 2103 contracte
1643 2080 1705 2113 pro

245 2125 353 2166 major
383 2124 424 2155 ad
457 2124 619 2156 virtutem
648 2124 818 2164 stimulus,
849 2133 950 2166 qnam
1002 2124 1180 2156 Vesuvius.
1229 2123 1341 2163 Erigit
1364 2122 1497 2165 [egerit]
1519 2121 1707 2163 Romanus,

244 2177 412 2218 praeclara
425 2175 593 2216 majorum
608 2175 713 2207 facta.
1005 2175 1229 2216 Venetusque
1245 2174 1368 2214 codex,
1390 2173 1488 2214 erigit
1503 2173 1593 2211 inm
1616 2172 1707 2215 quod

289 2230 331 2259 74
354 2225 537 2268 Deprende]
559 2225 735 2258 Imitando
752 2225 898 2258 scilicet.
1004 2226 1123 2257 melius
1133 2222 1708 2267 quibusdam,imitationeVirgilii,

288 2281 330 2309 ’15
356 2276 545 2317 Stemmate]
568 2277 720 2308 Stemma
736 2277 874 2318 proprie
890 2286 948 2308 no-

246 2329 377 2369 bilium,
392 2328 449 2370 qui
466 2328 526 2369 jus
550 2327 736 2368 imaginum
752 2327 948 2366 habebant3

247 2382 415 2419 notatque
446 2378 500 2408 hic
529 2378 734 2409 Marcellum
766 2387 810 2409 ex
840 2378 948 2410 latere

247 2435 404 2461 materno
431 2429 634 2461 nobiliorem
662 2438 751 2469 esse,
776 2439 877 2471 quam
908 2439 949 2460 ex

250 2486 408 2523 paterno.

291 2533 334 2562 76
356 2529 436 2561 Sinu
462 2528 575 2570 Tyrio]
599 2529 640 2561 Id
665 2534 731 2570 est,
755 2539 950 2571 purpureo;

249 2586 286 2614 et
298 2580 460 2621 intelligit
476 2580 530 2611 vel
542 2584 763 2620 praetextam,
780 2581 834 2612 vel
846 2581 952 2613 latum

249 2633 396 2671 clavum,
412 2640 486 2672 quae
504 2630 608 2661 vestis
629 2631 823 2662 Senatoria.

292 2686 334 2714 77
360 2680 506 2721 Curules]
539 2682 693 2713 Summos
719 2683 952 2723 magistratus.

254 2737 342 2767 Nam
378 2735 435 2776 qui
471 2732 637 2774 gerebant
670 2743 815 2764 summas
853 2734 953 2774 Reip.

252 2786 451 2828 dignitates,
463 2784 555 2816 sellis
570 2783 746 2816 curulibus
762 2783 942 2816 sedebant.

1005 2277 1061 2318 qui
1087 2276 1131 2307 de
1150 2277 1272 2308 AEtna:
1295 2276 1305 2293 ⁴
1326 2273 1505 2306 Interdum
1534 2273 1706 2315 scopulos,

1005 2327 1187 2367 avulsaque
1205 2325 1338 2357 viscera
1351 2324 1477 2357 montis
1485 2324 1599 2365 Erigit
1610 2331 1708 2355 erne-

1006 2383 1093 2414 tans,
1124 2375 1382 2418 liquefactaque
1410 2384 1495 2406 saxa
1520 2374 1584 2406 sub
1607 2381 1707 2405 auras

1005 2429 1091 2460 Cum
1107 2427 1237 2469 gemitu
1254 2424 1444 2468 glomerat?
1484 2423 1586 2456 Silius
1613 2422 1708 2455 Itali-

1005 2490 1064 2512 cus
1092 2479 1148 2511 lib.
1166 2488 1209 2511 ιι.
1254 2479 1264 2495 ‘
1279 2478 1392 2519 Erigit
1407 2481 1483 2508 atro
1509 2473 1705 2506 Undantem

1006 2530 1100 2562 fumo
1128 2539 1227 2570 rogus
1251 2529 1322 2560 alta
1347 2527 1390 2559 ad
1417 2525 1532 2558 sidera
1557 2523 1706 2557 nubem-⁹

1049 2584 1090 2613 80
1117 2581 1289 2612 Trinacriis
1308 2577 1464 2621 flammis]
1494 2575 1535 2607 Id
1564 2579 1630 2615 est,
1657 2575 1707 2607 Si-

1007 2631 1104 2669 culis,
1135 2635 1172 2662 et
1202 2630 1313 2661 AEtnae
1354 2627 1504 2660 flammas
1533 2625 1708 2667 intelligit.

1005 2682 1122 2714 Sicilia
1144 2682 1232 2713 enim
1249 2680 1344 2712 dicta
1366 2677 1542 2710 Trinacria
1557 2687 1576 2708 a
1597 2676 1705 2708 tribus

1007 2731 1262 2774 promontoriis,
1276 2739 1351 2774 quae
1366 2727 1444 2770 ἄκρα
1453 2728 1578 2760 Graece
1589 2727 1707 2759 dicun-

1007 2787 1074 2816 tur.
