1800 3060
164 170 258 221 7154

174 275 298 328 Quid
320 275 519 330 geminos
541 275 706 328 fasces,
730 289 992 332 magnaeque
1011 278 1171 320 iterata
1191 281 1418 322 revolvam

677 182 718 212 Ρ.
754 181 946 213 ΡΑΡΙΝΠ
979 181 1144 214 STA'rll

1581 282 1639 325 80

172 343 204 386 J
208 356 287 386 ura
307 342 465 385 Asiaet
497 343 606 385 velit
624 344 705 386 illa
725 345 906 398 quidem
925 351 988 387 ter
1008 345 1187 397 habere,
1209 351 1452 402 quaterque

174 411 311 453 Hunc
332 411 448 463 sibi3
478 410 558 452 sed
579 416 791 454 revocant
811 413 917 454 fasti
939 412 1174 467 majorque
1195 414 1375 465 curulis,

173 477 277 520 Nec
297 480 519 533 permissa
538 481 691 521 semel.
738 479 914 534 *Libyci
934 480 1040 534 quid
1062 481 1175 523 mira
1190 482 1346 525 tributi

176 546 424 601 Obsequia,
443 550 489 589 et
506 547 694 588 missum
714 547 865 589 media
884 547 939 588 de
961 560 1074 602 pace
1096 548 1366 603 triumphum

177 614 395 664 Laudem,
416 618 462 655 et
481 626 594 668 opes
613 618 806 667 quantas
825 627 907 656 nec
928 615 1007 669 qui
1023 615 1312 658 mandaverat
1331 630 1469 660 ausus
1586 619 1643 661 85

173 735 293 774 pontis.
340 734 427 771 Quid
445 744 609 767 memorem
632 734 768 776 duplices
785 735 905 776 fasces,
927 739 959 767 et
986 740 1155 768 resumam
1180 738 1481 770 administrationem
1506 739 1645 779 ingentis

178 777 289 809 Asioe?
332 778 396 809 Illa
419 787 494 810 sane
519 782 640 820 optaret
663 779 822 818 possidere
845 779 936 810 illum
964 782 1014 811 ter
1045 782 1076 810 et
1106 783 1228 821 quater,
1259 782 1314 812 sed
1337 781 1421 820 fasti
1443 781 1531 813 illum
1560 792 1645 813 reto·

177 824 264 858 cant,
289 830 327 852 ao
356 831 385 852 m
401 820 457 860 ᾖον
481 822 613 860 curulis,
639 831 694 853 nec
719 822 813 853 semel
834 822 995 862 desponsa.
1042 822 1128 858 Quia
1149 823 1318 864 praedicem
1338 824 1451 856 mirem
1465 826 1646 856 solutionem

178 863 346 904 vectigalis
374 864 489 906 Libyci
503 862 520 895 2
559 868 590 895 et
619 867 812 906 reportatum
841 865 1034 906 triumphum
1062 866 1097 896 in
1129 867 1231 898 media

1260 876 1349 907 poce,
1379 876 1415 898 αι·
1448 870 1496 899 tot
1527 862 1658 899 remos

179 906 253 938 inde
281 904 437 938 divitias?
475 907 546 938 Nec
574 908 628 948 qui
653 907 795 946 miserat,
822 917 916 939 ausus
938 907 1008 945 fuit
1034 918 1169 950 sperare.
1217 909 1457 952 Thrasymenus,
1480 909 1649 952 Alpesque,

794 997 1037 1010 mIOO‘OOOOO

183 1063 254 1094 Nec
267 1063 420 1103 promissa
435 1072 552 1096 omnes
567 1063 668 1096 codd.
683 1068 720 1096 et
735 1064 815 1096 edd.
833 1068 918 1097 vett.
932 1066 1084 1105 permissa
1097 1065 1226 1098 Markl.
1253 1066 1287 1098 in
1316 1065 1408 1098 curis
1432 1067 1648 1099 secundis.—

183 1108 226 1137 84
250 1106 382 1138 Omnes
405 1106 510 1139 codd.
545 1112 582 1138 et
609 1107 689 1139 edd.
717 1112 803 1139 vett.
825 1111 858 1139 et
872 1109 1022 1145 missum;
1045 1109 1164 1140 Malim
1177 1109 1314 1147 jussum,
1335 1110 1446 1151 inquit
1467 1110 1650 1150 Barthius3

183 1148 277 1180 unde
291 1149 517 1181 Marklandus
531 1150 597 1181 alia
613 1151 824 1183 mutatione:
843 1154 873 1183 et
881 1150 1006 1190 ,iustum
1018 1151 1122 1183 media
1135 1152 1172 1183 de
1185 1162 1259 1192 pace
1273 1152 1474 1193 triumphum.
1489 1152 1546 1186 Cf.
1561 1154 1647 1185 Hor.

186 1201 211 1223 1.
229 1191 299 1224 od.
315 1195 453 1224 12.—85
477 1193 567 1224 Edd.
584 1197 670 1226 vett.
685 1197 715 1225 et
737 1203 807 1234 opes
828 1197 947 1226 tantas.
992 1194 1146 1226 Mutavit
1171 1195 1300 1227 Markl.

1344 1197 1353 1213 ‘
1368 1196 1505 1228 Cultu-os
1528 1196 1649 1228 iterum

186 1234 398 1267 adhibendos
420 1235 641 1278 arbitramur,
662 1240 699 1268 et
725 1237 953 1269 rescindenda
976 1236 1051 1269 haec
1079 1237 1196 1279 verba,
1218 1242 1257 1270 ut
1284 1241 1402 1271 cetera
1426 1238 1568 1280 pulchre
1593 1239 1650 1270 ha-

846 1335 988 1368 NOTAE

187 1408 260 1441 thio
276 1408 378 1441 cons.
393 1408 559 1442 Phihlib.
571 1419 607 1443 ν.
624 1411 633 1428 ‘
648 1411 755 1452 Rupis
770 1410 894 1443 Achae-

186 1460 311 1492 meuiae
327 1461 491 1502 scopulis,
506 1462 566 1493 nbi
579 1471 677 1494 versa
691 1467 893 1504 sequentum

186 1510 396 1543 Pectoribus
407 1510 483 1553 figit
495 1511 629 1553 spicula
641 1522 758 1554 pugna
767 1511 894 1555 fugax!

187 1561 246 1592 De
261 1560 386 1593 iisdem
404 1560 562 1594 Armenis
585 1563 716 1595 Noster
730 1564 896 1605 Protrep-

187 1611 261 1644 tico
278 1611 447 1653 Crispini:
473 1613 584 1646 ‘Quae
611 1618 774 1654 suspecta
795 1612 896 1652 fides,

189 1666 251 1694 aut
264 1671 342 1704 qnae
366 1661 449 1703 fuga
472 1672 557 1695 vera
577 1662 703 1696 ferocis
720 1663 897 1698 Armenii?

188 1714 330 1757 Araxes]
351 1714 485 1746 Araxes
500 1715 674 1748 Armeniae
697 1717 823 1750 nobilis
835 1717 896 1750 flu-

191 1765 279 1806 vius,
293 1775 339 1798 ex
362 1766 502 1798 summis
526 1766 623 1808 jugis
653 1766 794 1808 Ararat,
818 1778 897 1810 (μω

191 1816 383 1848 Pariedrns
397 1816 492 1857 olim,
516 1826 608 1849 nunc
627 1818 760 1850 Chelder
774 1828 898 1851 vomu-

193 1870 263 1898 tur.
307 1866 355 1898 Et
371 1866 510 1908 quidem
526 1867 636 1908 primo
652 1877 698 1899 ex
710 1868 754 1900 iis
767 1867 901 1901 Araxes

193 1915 358 1959 profluit;
371 1917 471 1950 exilit
486 1922 604 1950 autem
616 1927 636 1949 e
645 1923 764 1950 monte
775 1919 901 1955 Tauro,

194 1977 239 1999 ea
250 1971 350 2009 parte
367 1978 434 2010 qua
458 1968 647 2000 Pariedrus
668 1968 805 2009 visitur,
819 1979 839 2001 e
854 1970 902 2001 la-

195 2021 271 2050 tere
295 2019 422 2051 montis
443 2018 536 2060 Abo,
555 2029 598 2051 ex
615 2029 682 2061 quo
707 2020 902 2062 Euphrates

195 2071 362 2113 nascitur,
390 2075 429 2103 et
454 2081 590 2104 versum
619 2077 735 2105 ortum
765 2082 903 2105 cursum

197 2127 309 2165 tenet,
326 2132 435 2166 nsque
451 2123 495 2155 ad
510 2123 597 2156 fines
618 2124 806 2164 provincia
828 2124 904 2156 Me-

195 2172 281 2213 diae,
306 2183 399 2205 nune
418 2173 560 2206 cuv-van
574 2174 702 2214 dietae3
722 2174 851 2206 ibidem
867 2184 905 2206 se

196 2222 311 2256 flectit
330 2233 447 2255 versus
468 2225 607 2262 Corum,
626 2229 664 2257 et
689 2225 780 2266 Cyro
800 2223 904 2257 fluvio

198 2274 328 2306 mixtus
353 2274 479 2307 dividit
508 2274 729 2312 Artaxatam,
747 2286 825 2317 quae
849 2276 905 2307 ho-

201 2324 258 2356 die
290 2326 446 2358 Neu-huon
474 2326 614 2366 dicitur,
642 2330 680 2358 et
706 2325 906 2357 Armeniam

200 2385 304 2417 porro
324 2377 451 2418 rigans,
463 2375 771 2419 praeterquefiuens
784 2376 908 2409 Araxis

199 2426 394 2468 planitiem,
409 2432 576 2459 exonerat
598 2437 636 2459 se
659 2428 694 2459 in
714 2436 808 2459 mare
829 2427 907 2459 Cas-

201 2476 308 2518 pium.
351 2477 486 2509 Patiens
499 2478 590 2510 Latii
601 2478 722 2519 pontis]
739 2477 908 2519 Respexit

202 2526 318 2560 Poeta
333 2527 378 2558 ad
394 2527 479 2559 illud
493 2528 649 2569 Virgilii:
673 2529 683 2545 ‘
694 2529 741 2560 Et
765 2532 906 2569 pontem

200 2578 401 2620 indignatus
428 2578 587 2612 Araxes!
629 2579 735 2620 Latii]
768 2579 811 2610 ld
841 2582 906 2615 est,

204 2629 363 2662 Romani.
406 2630 498 2662 Nam
517 2629 695 2670 Augustus
713 2639 817 2670 super
830 2639 908 2662 eum

205 2683 383 2712 struxerat
397 2682 550 2721 pontem,
565 2683 602 2712 et
616 2683 698 2712 ante
713 2689 791 2712 eum
807 2679 909 2712 Alex·

207 2730 315 2764 ander
328 2732 488 2774 Magnus.

992 1414 1035 1443 80
1061 1412 1148 1448 Quia
1175 1411 1318 1451 gemm-s
1333 1411 1450 1451 fasces,
1474 1420 1654 1453 mugnaeque

947 1462 1067 1494 iterato
1089 1463 1246 1494 revolvam
1264 1463 1350 1494 Jurn
1373 1462 1477 1503 Λεία]
1500 1462 1593 1494 Hinc
1613 1463 1653 1494 li·

949 1519 1033 1556 quet
1048 1513 1219 1547 Rutilium
1233 1513 1286 1545 bis
1300 1513 1393 1545 Asiae
1417 1513 1653 1555 proconsulem

948 1563 1067 1597 fnisse.

992 1613 1096 1655 Asia]
1119 1613 1199 1646 Non
1213 1614 1268 1646 hic
1283 1614 1394 1645 minor
1415 1612 1500 1646 Asia
1524 1613 1655 1646 intelli-

952 1667 1076 1709 genda,
1096 1668 1155 1699 sed
1173 1667 1354 1708 provincia
1376 1667 1448 1709 ejus
1471 1666 1656 1708 particula-

953 1718 1011 1758 ris,
1019 1719 1101 1751 Asia
1114 1718 1218 1751 etiam
1229 1718 1335 1750 dicta.

995 1772 1038 1801 82
1060 1769 1122 1801 Sed
1137 1772 1284 1801 revocant
1290 1768 1375 1806 fasti
1387 1768 1544 1809 moriorque
1564 1777 1656 1800 curu·

952 1819 1007 1860 lis]
1023 1819 1142 1851 Innuit
1157 1819 1370 1851 consulatum
1386 1828 1448 1859 per
1462 1818 1582 1858 fastos,
1599 1819 1657 1860 qui

954 1869 1089 1902 nomine
1113 1870 1292 1901 consulum
1314 1868 1598 1910 insigniebatur,
1621 1874 1658 1901 et

955 1921 1115 1962 majorem
1129 1920 1300 1959 cnrulem;
1315 1929 1431 1961 quem,
1439 1923 1477 1951 et
1489 1919 1657 1960 majorem

956 1975 1070 2012 togam
1097 1970 1174 2011 pari
1195 1969 1310 2011 figura
1330 1974 1433 2002 vocat
1449 1970 1658 2002 claudianus

956 2022 993 2053 in
1008 2030 1063 2054 ιν.
1086 2020 1276 2053 Consulatu
1291 2020 1459 2052 Honorii:
1477 2021 1488 2038 ‘
1501 2021 1659 2053 Commu-

957 2081 1037 2104 nem
1050 2071 1184 2113 majore
1196 2076 1278 2112 toga
1287 2070 1469 2112 signabitis
1484 2071 1632 2104 annum!

1000 2125 1042 2154 83
1058 2122 1169 2164 Libyci
1179 2122 1254 2163 quid
1267 2122 1349 2153 mire
1362 2122 1478 2154 tributi
1490 2122 1661 2164 obsequia]

958 2173 1063 2205 Forte
1078 2171 1156 2204 Afri
1180 2172 1245 2204 hoe
1269 2177 1425 2214 tempore
1441 2171 1661 2213 rebellantes,

959 2223 1092 2255 solvere
1105 2222 1274 2255 tributum
1289 2221 1586 2263 detrectaverant,
1608 2231 1660 2254 ar-

959 2283 1085 2316 maque
1109 2277 1324 2311 sumen-anu
1346 2272 1408 2304 sed
1437 2273 1525 2304 mira
1555 2272 1661 2305 felici·

961 2329 1034 2356 tate
1050 2333 1091 2356 ae
1107 2323 1236 2355 virtute
1252 2323 1433 2354 domuerat
1456 2331 1515 2354 eos
1539 2323 1661 2354 Rutili-

962 2385 1015 2415 us,
1044 2375 1282 2415 tributumque
1321 2373 1457 2404 solvere
1485 2371 1662 2413 coegerat,

962 2429 1129 2467 tantaque
1145 2423 1244 2465 hujus
1261 2422 1417 2455 victoriae
1433 2423 1594 2455 celeritas
1609 2422 1660 2454 fn-

960 2479 1052 2516 erat,
1076 2479 1113 2506 ut
1137 2472 1319 2515 imperium
1343 2472 1516 2505 turbatam
1543 2482 1662 2513 pacem

961 2535 1031 2557 non
1058 2524 1218 2565 senserit,
1239 2528 1278 2555 et
1304 2522 1455 2554 Rutilius
1483 2523 1662 2554 materiam

961 2575 1126 2616 triumphi
1139 2573 1334 2616 repererit:
1357 2572 1449 2614 qnod
1474 2573 1526 2604 his
1550 2573 1663 2605 verbis

961 2626 1181 2668 exprimitur,
1205 2627 1237 2657 et
1262 2623 1391 2655 missum
1403 2622 1505 2655 maiia
1527 2624 1565 2655 de
1590 2633 1666 2664 poce

961 2677 1166 2718 triumphurn.

1007 2731 1048 2760 8⁵
1072 2727 1141 2760 Nec
1166 2726 1220 2769 qui
1243 2726 1448 2759 mandaverat
1477 2734 1571 2756 aruns
1595 2724 1664 2757 Ex·
