1800 3060
180 186 238 229 22
775 192 1052 227 PRAEFA'mo.

182 293 312 348 cujus
334 299 489 343 causa,
510 295 558 334 et
579 294 629 334 ut
648 290 768 346 quod
797 304 958 333 censeo
988 291 1085 332 sine
1119 287 1381 345 ambagibus
1411 292 1648 348 proferam,

181 359 325 402 addo:
368 359 568 401 Plurima
594 371 696 400 esse
728 359 772 399 in
803 359 894 400 isto
930 357 1164 409 Poemate,
1190 371 1306 413 quae,
1326 360 1366 402 si
1385 373 1466 414 ego
1485 359 1649 417 (pessi-

180 441 280 470 mus
299 428 494 470 omnium
517 425 683 482 Poeta)
703 439 859 469 versus
882 427 1136 477 scriberem,
1158 427 1324 469 nollem
1345 428 1391 469 in
1413 430 1524 471 meis
1545 442 1648 470 con-

181 496 331 550 spici:
370 500 416 538 et
448 495 557 537 licet
590 508 773 537 numero
805 496 977 537 infinita
1000 495 1114 537 ultra
1146 494 1350 537 humanae
1382 496 1650 538 imitationis

181 567 327 606 metas
348 564 393 605 in
411 563 492 605 illo
514 564 753 614 emineant,
769 563 983 605 nonnulla
1003 567 1156 604 tamen
1173 567 1275 605 sunt
1291 564 1649 614 contradictoria,

182 631 324 674 multa
343 631 571 685 languida,
594 631 750 682 exilia,
771 631 1020 685 nugatoria,
1043 632 1202 685 spiritu
1223 636 1269 673 et
1288 631 1521 686 majestate
1541 631 1650 674 Car-

181 700 316 743 minis
337 699 523 741 Heroici
543 699 740 742 defecta:
784 713 885 754 quae
915 699 954 741 si
982 699 1167 755 perfecti
1194 699 1357 754 Operis
1380 701 1506 754 signa
1527 704 1654 750 sunt,

182 768 242 808 sit
260 780 340 821 per
375 780 446 808 me
478 768 805 822 quantumlibet
833 766 1032 822 perfecta
1065 766 1247 821 Virgilii
1282 767 1451 809 AEneis.
1511 767 1570 809 Et
1590 766 1647 808 de

184 834 423 888 Georgicis
444 835 622 890 quidem
646 839 862 889 quantum
877 835 973 877 vult
995 834 1218 887 concedo;
1249 834 1303 876 de
1319 835 1509 876 AEneide
1529 847 1670 886 vero,

184 915 321 944 renuo
342 904 595 958 negitoque.
655 904 762 946 Non
782 904 906 945 solus
938 904 1004 944 ita
1029 916 1214 945 censeo:
1257 903 1394 945 immo
1429 903 1515 945 hoc
1549 916 1651 946 sen-

186 971 301 1013 sisse
319 971 492 1014 videtur
510 972 607 1026 ipse
640 971 873 1025 Virgilius,
908 971 1108 1025 optimus
1127 974 1242 1013 certe
1265 971 1335 1012 sui
1357 971 1530 1026 judex3
1573 976 1652 1014 aut

185 1052 321 1093 quare
341 1042 354 1060 ‘
374 1040 565 1082 flammis
588 1040 759 1081 aboleri
774 1040 942 1094 jussit'
962 1041 1048 1082 hoc
1070 1041 1218 1095 opus?
1252 1039 1341 1081 Sed
1363 1044 1407 1082 et
1428 1040 1568 1091 solus,
1587 1041 1653 1084 ita

185 1108 394 1159 censebo,
417 1108 559 1150 donec
582 1122 742 1150 sensus
775 1109 1022 1151 communis
1049 1113 1094 1151 et
1111 1121 1255 1150 rerum
1276 1108 1483 1150 notiones
1503 1107 1652 1150 animo

184 1174 432 1218 haerebunt.
492 1176 825 1230 Impudentiam
856 1177 929 1219 vel
962 1177 1229 1218 dementiam
1264 1189 1409 1218 meam
1442 1176 1614 1219 miraris
1631 1177 1652 1217 Τ

187 1243 309 1296 quod
326 1243 440 1295 dixi,
461 1249 677 1298 praestare
698 1250 885 1300 paratus
904 1258 1003 1287 sum
1021 1259 1032 1296 ;
1063 1249 1109 1287 et
1127 1245 1172 1286 in
1191 1245 1307 1286 hanc
1327 1257 1433 1295 rem,
1452 1257 1543 1286 non
1561 1258 1654 1287 me·

188 1310 387 1354 diocrem
409 1312 594 1368 Sylvam
610 1313 706 1368 jam
726 1314 770 1355 in
789 1313 956 1355 mundo
986 1314 1161 1366 habe03
1197 1313 1325 1368 quus
1345 1313 1574 1367 specimen
1604 1315 1652 1356 in

187 1377 328 1421 Notis
348 1382 515 1434 passim
535 1381 722 1423 videbis.
783 1381 823 1423 Ο
855 1381 1032 1436 Virgili,
1065 1382 1198 1437 quale
1227 1385 1271 1423 te
1300 1394 1462 1424 numen
1490 1381 1651 1424 habere

186 1447 397 1500 dicerem,
421 1450 460 1491 si
481 1450 547 1491 sic
570 1450 721 1492 omnia
756 1451 1015 1505 scripsisses
1046 1450 1426 1505 quemadmodum
1446 1451 1588 1494 multa
1607 1451 1653 1495 in

186 1516 399 1568 secundo,
420 1521 596 1571 quarto,
619 1522 664 1559 et
682 1523 815 1560 sexto
846 1518 995 1560 Libris
1014 1520 1024 1561 !
1055 1518 1114 1560 Et
1139 1524 1185 1561 tu
1207 1518 1389 1574 quidem
1418 1519 1485 1562 sic
1505 1521 1655 1564 omnia

188 1585 464 1639 scripsisses,
486 1587 526 1628 si
546 1587 625 1628 tibi
655 1587 962 1640 permisissent
983 1591 1159 1641 tempus
1190 1590 1235 1628 et
1262 1587 1378 1629 male
1397 1587 1545 1629 feriati
1573 1587 1653 1630 ho-

188 1653 357 1695 mines:
405 1653 485 1694 sed
503 1666 620 1695 nunc
646 1666 756 1708 pars
787 1654 972 1696 minima
994 1667 1045 1696 es
1066 1655 1163 1708 ipse
1185 1655 1265 1696 tui.
1322 1653 1455 1706 Vale,
1477 1654 1651 1707 Lector,

189 1724 247 1772 et,
267 1721 307 1763 si
328 1721 474 1763 minus
494 1726 614 1764 recte
645 1722 701 1764 de
731 1721 803 1763 his
833 1723 966 1763 rebus
1003 1722 1207 1773 sentiam,
1227 1722 1389 1764 docere
1408 1735 1477 1764 me
1494 1723 1568 1766 vel
1585 1736 1653 1765 re·-

192 1789 421 1843 darguere,
443 1790 484 1831 si
503 1790 613 1832 tanti
634 1790 705 1841 sit,
725 1803 782 1832 ne
801 1789 1072 1844 dedigneris,

282 1943 440 1987 Londini‚
454 1943 574 1978 Idibus
591 1944 700 1987 April.
717 1943 760 1979 A.
776 1946 822 1978 D.
839 1947 934 1978 1728.
