1800 3060
191 201 248 243 86
688 211 728 242 P.
762 212 956 244 ΡΑΡιΝιι
990 212 1155 244 STA'rn

192 307 232 348 Ο
255 308 478 362 genitrix;
515 308 627 349 duro
649 321 729 350 neo
751 308 867 350 enim
884 322 942 350 ex
962 308 1195 350 adamante
1215 311 1368 362 creati,

191 375 281 417 Sed
301 380 375 418 tua
395 378 524 419 turba
545 389 726 419 sumus:
758 378 906 419 clarus
926 378 982 419 de
1004 381 1133 431 gente
1155 377 1317 420 Latina

191 443 274 485 Est
286 443 482 498 juvenis,
505 458 636 499 quem
659 445 851 499 patritiis
873 445 1118 500 majoribus
1140 449 1283 487 ortum

191 511 417 554 Nobilitas
439 514 595 566 gavisa
615 514 741 565 tulit3
773 526 1066 567 praesagaque
1085 512 1240 556 formae

190 580 399 623 Protinus
421 595 445 622 e
466 586 620 623 nostro
641 582 793 635 posuit
813 581 1080 634 cognomina
1101 580 1234 623 coelo.

191 647 331 690 Hunc
352 653 524 703 egomet
546 654 639 690 tota
659 648 883 703 quondam
903 647 1011 705 (tibi
1032 647 1185 703 dulce)
1204 649 1408 704 pharetra

190 716 446 770 Improbus,
467 722 511 759 et
531 717 667 759 densa
687 718 979 772 trepidantem
1001 718 1185 772 cuspide
1205 717 1300 759 fixi.

190 783 411 835 Quamvis
433 784 646 827 Ausoniis
666 786 853 828 multum
875 799 1005 838 gener
1025 786 1102 827 ille
1121 786 1293 840 petitus

191 852 431 904 Manibus,
455 853 630 895 edomui
650 854 832 905 victum,
854 854 1135 908 dominaeque
1155 854 1355 908 potentis

1597 382 1654 423 ⁵70

1595 721 1653 762 75

188 963 412 995 secretionibus
425 964 594 1002 hominum,
609 975 626 995 ο
641 967 765 1002 malem·
783 975 843 996 non
868 964 950 996 enim
974 975 1079 996 sumus
1099 965 1163 996 orti
1185 975 1226 996 ex
1246 966 1323 997 duro
1338 965 1513 1001 adamante,
1527 966 1581 997 sed
1596 969 1651 998 tua

185 1006 364 1047 progenies.
410 1008 472 1038 Est
484 1008 612 1046 juvenis
625 1008 772 1048 illustris,
786 1008 911 1039 natione
931 1008 1098 1048 Romanus,
1117 1017 1203 1049 quem
1218 1008 1384 1039 oriundum
1396 1018 1413 1039 e
1426 1007 1570 1049 patritiis
1583 1010 1652 1040 avis

187 1049 337 1080 nobilitas
352 1051 426 1081 Iaeta
441 1051 597 1090 educavit,
611 1051 731 1092 cuique,
747 1054 783 1083 ut
794 1054 863 1082 erat
874 1052 1007 1091 praescia
1019 1051 1232 1089 illiussuturoe
1246 1051 1429 1090 venustatis,
1441 1052 1551 1082 statim
1564 1052 1652 1084 dedit

187 1102 355 1132 cognomen
369 1093 501 1133 petitum
516 1104 532 1125 e
547 1098 653 1126 nostro
667 1095 751 1125 coelo.
796 1095 930 1133 Egomet
946 1094 1103 1135 improbus
1119 1093 1257 1135 percussi
1279 1095 1360 1125 hunc
1381 1097 1562 1126 trementem
1575 1095 1652 1127 totis

188 1135 318 1175 sagittis
335 1147 411 1168 meae
435 1137 603 1177 pharetrw,
628 1139 702 1178 quia
726 1138 771 1168 sic
794 1137 924 1169 volebas.
972 1137 1125 1173 Quamvis
1147 1137 1200 1168 ille
1215 1136 1344 1176 frustra
1368 1140 1495 1178 optatus
1518 1141 1596 1169 esset
1616 1138 1653 1169 in.

187 1188 337 1219 generum
351 1190 370 1210 a
383 1180 524 1220 pluribus
546 1181 699 1212 matronis
714 1180 821 1222 Italis,
835 1180 896 1212 vici
911 1180 1060 1212 duritiem
1073 1180 1152 1222 ejus,
1173 1184 1203 1212 et
1225 1180 1314 1213 illum
1327 1180 1415 1221 coe’gi
1428 1179 1651 1221 subirejugum

801 1271 1037 1284 amum„

189 1330 365 1362 revocavit
382 1330 641 1364 flandum—69
667 1333 696 1362 Ο
710 1332 860 1372 genetrix
882 1331 978 1364 Leid.
1001 1332 1126 1363 Venet.
1150 1334 1181 1363 1.
1205 1335 1241 1363 et
1263 1331 1362 1363 Rom.
1386 1341 1453 1363 non
1477 1335 1592 1363 tamen
1615 1331 1650 1363 in

187 1383 238 1405 vs.
257 1377 307 1406 10.
325 1374 380 1405 ubi
401 1384 516 1406 omnes
528 1376 685 1415 genitrix.
709 1376 834 1407 Venet.
861 1379 890 1407 l.
911 1376 993 1406 nudo
1014 1385 1070 1406 nec
1085 1375 1167 1406 enim
1182 1375 1393 1406 exclamante:
1419 1374 1531 1406 Hand.
1552 1384 1650 1416 neque

187 1418 368 1449 enim—70
392 1417 455 1449 Sed
468 1421 521 1450 tua
535 1418 627 1449 turba
642 1419 739 1449 simus
755 1419 878 1450 Venet.
897 1420 1014 1450 1.-71
1040 1417 1220 1457 Etjuvenis
1234 1417 1350 1449 Parm.
1367 1417 1458 1449 unde
1471 1417 1593 1449 Heius.
1614 1418 1649 1449 in

186 1458 334 1493 Advers.
352 1470 386 1502 p.
401 1463 475 1492 604.
506 1461 699 1500 Enjuvenis.
725 1461 862 1502 Reliqui
887 1461 979 1500 libri,
1003 1460 1106 1492 etiam
1131 1460 1252 1501 scripti
1275 1469 1415 1492 omnes:
1443 1460 1649 1500 Estjuvenis.

186 1504 312 1535 Vener.
343 1506 373 1535 1.
396 1514 485 1545 quem
508 1505 730 1545 patruis.—72
754 1504 914 1535 Nobilitas
937 1504 1101 1545 proemissa
1123 1503 1246 1535 Heius.
1276 1503 1347 1535 Pro
1363 1502 1480 1542 formoe
1503 1503 1648 1535 Lenzius

186 1547 276 1587 conj.
285 1545 403 1585 famae:
429 1547 527 1579 Urat.
535 1547 740 1586 sermm—73
765 1548 922 1578 Providus
936 1557 952 1577 e
963 1550 1069 1578 nostro
1081 1546 1169 1587 posui
1186 1547 1308 1579 Heius.
1324 1546 1357 1578 in
1368 1545 1513 1578 Advers.
1527 1556 1561 1586 p.
1574 1549 1650 1579 604.

186 1595 222 1621 et
242 1591 438 1622 Burmanno
463 1590 647 1632 aliquando
671 1591 803 1631 placuit
819 1591 1071 1622 Providus—7⁴
1095 1588 1192 1620 Hunc
1213 1599 1270 1629 ego
1294 1599 1342 1621 me
1366 1590 1466 1621 Urat.
1486 1588 1648 1621 Parthas.

185 1633 313 1664 voluit:
338 1633 499 1674 (quonium
524 1634 584 1665 tibi
609 1633 712 1674 dulce)
733 1634 884 1674 pharetra
893 1643 906 1671 ‚⁰
929 1632 1027 1664 eald.
1051 1636 1086 1664 et
1111 1632 1286 1673 Guyetus:
1311 1634 1463 1673 quondam
1487 1631 1549 1663 tibi
1562 1632 1649 1663 dulce

187 1676 464 1717 conjunxerunt:
490 1675 599 1708 Aldus
615 1677 743 1708 edidit:
769 1677 922 1716 quondam
943 1675 1018 1716 (tibi
1031 1675 1134 1716 dulce)
1154 1675 1325 1716 pharetra3
1347 1678 1384 1707 et
1398 1675 1450 1707 ita
1464 1684 1580 1707 omnes
1596 1684 1648 1706 re-

183 1719 282 1761 liqui.
311 1719 486 1752 Parrhasii
503 1719 638 1752 emend.
652 1719 842 1761 probarunt
857 1719 962 1750 Bern.
978 1719 1096 1750 Barth.
1109 1723 1145 1750 et
1156 1719 1277 1750 Burm.
1289 1718 1332 1750 ad
1347 1719 1391 1750 V.
1406 1718 1501 1750 Flac.
1517 1727 1560 1750 u.
1571 1720 1648 1750 521.

845 1793 989 1827 NOTAE

987 1861 1028 1890 73
1054 1857 1247 1898 Cognomina
1260 1856 1349 1898 coelo]
1372 1855 1507 1888 Alludit
1529 1856 1570 1888 ad
1587 1866 1647 1889 no-

943 1918 1020 1940 men
1035 1908 1180 1947 Stenae;
1208 1908 1354 1949 hincque
1381 1912 1481 1949 patet
1505 1908 1647 1940 Stellam

227 1863 270 1893 69
293 1861 386 1893 Duro
402 1871 456 1893 nec
474 1861 555 1893 enim
570 1871 610 1893 ex
624 1862 790 1893 adamante
803 1869 889 1891 crea·

183 1911 227 1952 ti]
271 1911 425 1943 Imitatio
453 1911 622 1943 Homeri:
666 1911 714 1942 Οὐ
742 1910 805 1952 ’γὰρ
829 1909 890 1942 ἀπὸ

185 1961 272 2002 δρυός
287 1962 357 1993 ἐσσι
372 1962 583 2003 παλαιφάτου,
609 1962 672 1994 οὐδ’
688 1961 749 1993 ἀπὸ
763 1959 888 2003 πέτρης.

185 2013 262 2044 Non
277 2013 360 2044 enim
381 2016 470 2045 ortus
493 2017 540 2045 est
564 2024 583 2046 a
611 2023 723 2055 quercu
747 2012 889 2053 antiqua,

183 2067 238 2095 aut
253 2074 272 2095 a
284 2068 389 2106 petra.
412 2064 604 2106 Adumante]
621 2064 709 2096 Vide
725 2073 800 2106 quae
813 2063 889 2094 dix·

183 2115 269 2147 imus
286 2116 329 2147 ad
346 2116 457 2148 Theb.
472 2125 513 2148 11.
528 2119 581 2148 16.

228 2170 270 2199 70
293 2167 426 2208 Latina]
451 2167 616 2199 Romana.

226 2221 266 2250 ⁷1
293 2219 446 2251 Patritiis
474 2217 657 2259 majoribus]
695 2217 705 2235 ‘
721 2216 862 2248 Patritii
878 2215 887 2230 '

184 2269 322 2310 proprie
341 2269 424 2300 dicti
445 2273 524 2300 sunt
547 2267 610 2307 illi,
636 2267 693 2310 qui
719 2267 885 2308 originem

182 2320 356 2352 ducebant
370 2321 411 2353 ab
426 2321 479 2362 iis,
497 2330 581 2362 quos
602 2319 765 2351 Romulus
782 2318 887 2350 Sena·

183 2375 274 2402 tores
289 2372 455 2412 elegerat.
493 2371 623 2403 Postea
635 2379 719 2402 vero
735 2379 812 2402 cum
828 2378 887 2400 ex-

185 2421 300 2452 tinctae
317 2420 462 2453 fuissent
487 2422 540 2453 hae
568 2421 722 2461 familiai,
748 2419 886 2452 Patritii

183 2471 287 2503 etiam
317 2472 412 2511 dicti,
439 2472 497 2513 qui
529 2482 548 2503 e
574 2472 689 2513 plebe,
717 2470 886 2503 beneficio

182 2523 358 2555 consulum
386 2533 426 2554 ac
443 2523 698 2564 imperatorum,
722 2523 756 2554 in
773 2522 885 2554 locum

181 2573 318 2605 illorum
343 2578 599 2606 successerunt.
655 2572 885 2605 Athenienses

181 2627 353 2658 vocabant
368 2626 560 2668 εὐπατρίδας,
585 2631 623 2658 ut
651 2626 772 2658 scribit
797 2626 882 2658 Dio-

181 2677 300 2718 nysius
339 2677 647 2715 Halicarnaswzus,
683 2677 742 2718 qui
775 2677 884 2708 sentit

183 2727 363 2758 Romulum
415 2727 573 2767 exemplo
622 2726 883 2758 Atheniensium

182 2777 426 2818 rempublicam
444 2777 632 2809 ordinasse.

941 1961 1048 1993 fuisse
1074 1961 1201 1993 eximia
1226 1959 1346 1992 forma.
1391 1959 1504 2000 Hujus
1527 1960 1646 1992 Stellae

944 2012 1051 2044 nostri
1067 2011 1275 2044 mentionem
1303 2010 1390 2043 facit
1415 2011 1518 2042 etiam
1545 2010 1649 2044 Taci-

942 2069 997 2097 tus
1013 2064 1103 2095 Ann.
1122 2072 1206 2095 xui.
1222 2063 1340 2104 aitque
1355 2062 1526 2094 Neronem
1542 2061 1574 2092 ei
1589 2071 1647 2093 cu-

943 2125 1012 2147 ram
1029 2114 1198 2154 ludorum,
1213 2114 1271 2155 qui
1285 2112 1327 2144 ab
1339 2111 1413 2154 ipso
1427 2111 1647 2153 parabantur,

943 2165 1178 2197 demandasse.

984 2220 1027 2249 74
1052 2217 1131 2247 Tota
1156 2212 1322 2256 pharetra]
1343 2212 1385 2245 Id
1408 2216 1476 2253 est,
1499 2211 1579 2244 totis
1592 2220 1644 2244 sa-

940 2266 1036 2308 gittis
1052 2266 1234 2306 pharetrae.

982 2321 1023 2349 75
1048 2314 1224 2357 Improbus]
1250 2313 1327 2345 Non
1344 2311 1453 2354 prima
1475 2321 1536 2344 sua
1559 2311 1646 2343 noti-

940 2377 1006 2400 one
1035 2365 1237 2407 accipienda
1263 2365 1338 2396 haec
1359 2372 1438 2404 vox,
1471 2363 1645 2404 Imm-abus,

941 2419 1002 2450 sed
1027 2417 1117 2459 qnod
1147 2416 1233 2447 mire
1261 2413 1423 2446 convenit
1448 2412 1527 2445 huic
1555 2414 1644 2451 loco,

941 2480 1003 2512 pro
1017 2479 1057 2501 eo
1073 2468 1128 2510 qui
1145 2467 1251 2498 instat
1266 2465 1367 2497 etiam
1383 2465 1590 2506 prohibenti,
1604 2469 1645 2497 ut

940 2525 1040 2552 notat
1057 2517 1208 2550 Isidorus
1227 2516 1286 2548 lib.
1302 2524 1339 2547 x.
1363 2515 1530 2556 Papinius
1545 2519 1643 2547 certe

939 2573 1028 2604 hanc
1055 2579 1173 2602 vocem
1205 2567 1310 2599 sumit
1334 2565 1537 2608 frequenter
1554 2565 1644 2598 noti-

938 2632 1002 2655 one
1025 2623 1035 2639 ‘
1051 2618 1188 2662 magni‚¹
1222 2618 1276 2650 vel
1306 2617 1316 2634 ‘
1333 2616 1462 2658 astuti‚’
1482 2616 1538 2647 vel
1559 2616 1641 2648 ‘an-

938 2671 1054 2712 dacis,'
1079 2675 1139 2702 ant
1155 2669 1239 2701 alias
1256 2668 1290 2699 in
1306 2667 1429 2699 bonam
1442 2671 1589 2708 partem.

979 2726 1022 2755 76
1043 2719 1209 2760 Ausoniis]
1246 2717 1357 2759 Italis,
1380 2726 1443 2749 seu
1469 2715 1639 2749 Romanis.

937 2774 1026 2807 Vide
1041 2773 1149 2806 Theb.
1165 2781 1200 2804 v.
