1800 3060
212 203 298 245 172

711 212 750 242 P.
786 210 976 242 PAPan
1009 210 1174 241 S'rA'ru

213 307 417 356 AEdibus,
436 309 480 348 et
499 310 676 349 tenuem
698 305 880 348 volvunt
898 306 1176 360 hypocausta
1198 306 1438 360 vaporem?

215 375 314 418 Nec
333 375 372 416 si
393 375 577 416 Baianis
595 373 749 416 veniat
769 386 915 415 novus
935 373 1102 427 hospes
1125 374 1182 415 ab
1204 373 1311 424 oris,

213 442 344 484 Talia
361 442 606 496 despiciat;
635 441 721 492 (fas
740 442 801 483 sit
821 454 1087 496 componere
1107 442 1279 495 magnis

218 510 367 552 Parva
381 508 417 564 3)
434 509 641 551 Neronea
655 522 736 551 nec
757 510 833 564 qui
852 509 988 551 modo
1005 510 1127 551 lotus
1146 509 1192 550 in
1211 509 1344 560 unda,

218 577 311 620 Hic
330 578 487 619 iterum
508 577 668 619 sudare
687 583 830 631 neget.

891 577 1059 628 Macte,
1082 590 1175 628 oro,
1197 577 1355 619 nitenti

217 644 419 699 IngeniO,
440 643 658 700 curaque,
671 658 810 700 puer:
841 649 987 688 tecum
1006 646 1097 688 ista
1118 647 1367 696 senescant,

218 712 276 756 Et
296 716 372 755 tua
386 713 481 768 jam
493 714 650 755 melior
671 714 820 755 discat
840 713 1016 756 fortuna
1035 713 1223 755 renasci.

1614 712 1672 755 65

217 837 317 876 domo,
327 842 358 870 et
369 838 555 880 hypocausta
569 837 717 870 emittunt
731 841 852 870 tenuem
858 837 1005 876 sumum?
1029 838 1099 869 Nec
1112 848 1207 870 novus
1221 838 1351 877 advena,
1365 836 1425 869 etsi
1437 836 1554 867 veniret
1566 846 1586 867 a
1603 836 1671 876 pla,-

214 881 267 920 gis
281 881 429 920 Baianis,
442 881 507 912 haec
517 884 703 923 contemnat,
714 881 823 922 (liceat
834 890 1012 921 comparare
1023 881 1142 912 modica
1153 879 1360 922 ingentibus)
1373 890 1427 912 nec
1441 879 1504 919 ille,
1517 879 1569 920 qui
1579 889 1675 919 nuper

216 923 316 955 abluit
329 934 361 955 se
376 924 410 956 in
420 934 501 965 aqua
516 924 666 963 Neronis,
679 927 838 956 recusaret
850 924 899 955 hic
910 924 1007 955 denuo
1020 925 1141 956 sudare.
1190 924 1306 963 Macte,
1324 933 1443 964 precor,
1457 933 1474 953 o
1489 922 1673 958 adolescens,

216 967 351 1006 eleganti
366 967 504 1007 ingenio,
512 977 549 998 ac
560 967 683 999 studiis.
726 967 809 998 Hoec
822 968 933 998 durent
948 970 1047 998 tecum
1055 977 1148 1009 usque
1158 968 1200 999 ad
1211 976 1361 998 summam
1368 968 1563 1002 senectutem,
1578 968 1608 997 et
1620 967 1675 996 twa

211 1009 344 1047 fortuna
349 1010 421 1049 jam
436 1009 567 1051 incipiat
580 1011 688 1042 melius
701 1011 835 1042 renasci.

828 1099 1064 1112 ‘mmm‘

219 1155 320 1188 sorios
336 1156 582 1188 voluisse.—64
606 1156 677 1187 Pro
692 1164 826 1196 curaque
850 1153 1076 1186 Marklandus
1102 1153 1191 1194 conj.
1212 1153 1367 1194 cultuque.
1390 1151 1444 1184 Cf.
1459 1151 1585 1184 Annon.
1600 1151 1676 1183 Μο-

221 1199 294 1231 sell.
318 1201 370 1231 18.
397 1202 562 1231 345.—65
588 1198 677 1231 Edd.
700 1208 816 1230 omues
839 1197 970 1229 habent
991 1197 1122 1235 melita,-
1145 1196 1235 1228 unde
1251 1196 1379 1228 Markl.
1394 1195 1553 1227 tentabat
1567 1195 1602 1226 in
1613 1203 1677 1226 nse-

220 1242 306 1280 lius5
326 1241 364 1273 τὸ
386 1242 494 1274 melior
519 1243 608 1274 citat
634 1242 787 1274 Gronov.
814 1241 931 1273 Diatr.
947 1250 1026 1282 cap.
1043 1249 1111 1272 xn.
1127 1245 1163 1272 et
1179 1239 1323 1272 Gevart.
1339 1239 1462 1280 Papin.
1478 1239 1575 1270 Lect.
1597 1247 1675 1278 cap.

222 1293 357 1318 xxxix.
374 1295 452 1317 cum
468 1289 583 1317 tamen
597 1285 677 1317 edd.
697 1294 812 1316 eorum
830 1282 1019 1324 praeferant
1033 1283 1154 1324 melias,
1176 1287 1213 1315 et
1226 1287 1371 1324 uterque
1393 1282 1495 1314 sileat
1509 1281 1553 1313 de
1569 1285 1678 1312 muta·

223 1328 329 1361 tione.
374 1328 467 1361 Hinc
483 1329 517 1360 in
530 1333 665 1361 textum
682 1327 815 1368 recepit
831 1326 1068 1359 Marklandus.

876 1427 1019 1460 NOTAE

222 1494 414 1536 composita
442 1503 527 1526 voce
558 1494 568 1512 ‘
581 1490 802 1534 Pilicrepus,’
833 1492 926 1524 lusor

223 1546 316 1587 pilae.
361 1545 496 1578 Glossae
521 1544 669 1577 Isidori:
693 1545 703 1562 ‘
719 1543 926 1584 pilicrepus,

224 1597 281 1637 qui
309 1596 381 1638 pila
400 1595 511 1629 ludit!
552 1596 688 1629 Nomen
712 1595 777 1627 hoc
801 1594 928 1636 saepius

223 1646 377 1679 occurrit
393 1646 427 1678 in
444 1646 554 1678 veteri
569 1655 736 1678 marmore
752 1645 844 1688 quod
861 1645 929 1687 pri-

224 1707 317 1729 mum
342 1697 505 1740 produxit
532 1697 580 1728 M.
605 1697 784 1737 Velserus,
816 1700 852 1727 et
875 1694 931 1728 hic

225 1749 314 1781 citat
329 1748 514 1781 Gevartins
528 1758 536 1779 z
563 1748 573 1765 ‘
586 1747 694 1779 Ursus
716 1751 866 1787 togatus,
882 1746 933 1778 in-

225 1804 323 1832 terea
346 1800 404 1841 qui
430 1799 556 1840 primus
580 1799 650 1840 pila
665 1798 748 1830 Lusi
763 1797 930 1830 decenter

227 1859 304 1882 cum
321 1850 404 1881 meis
414 1849 594 1889 lusoribus,
608 1848 789 1880 Laudante
802 1848 929 1889 populo

227 1901 381 1932 maximis
394 1900 613 1940 clamoribus,
634 1898 789 1931 Thermis
809 1898 931 1939 Traja-

228 1951 277 1991 ni,
302 1950 458 1982 Thermis
484 1949 665 1991 Agrippae‚
690 1954 727 1981 et
748 1949 830 1989 Titi,
843 1949 932 1980 Mul-

228 2007 300 2034 tum
316 2006 354 2034 et
370 2001 530 2041 Neronis,
545 2001 573 2031 si
596 2005 711 2032 tamen
727 1999 807 2031 milii
823 1999 932 2031 credi-

227 2053 284 2093 tis,
300 2053 374 2091 Ego
391 2061 478 2092 sum,
490 2055 634 2083 ovantes
651 2049 832 2082 convenite
849 2050 934 2081 Pili-

229 2102 348 2144 crepi?
391 2103 438 2134 Et
467 2101 569 2143 paulo
591 2105 694 2142 post:
717 2100 935 2141 ‘Ursumque

230 2154 345 2185 canite
357 2162 442 2184 voce
450 2151 613 2184 concordi
625 2160 756 2191 senem,
771 2150 938 2191 Hilarem,

225 2204 397 2246 jocosum,
426 2202 639 2243 Pilicrepuiu
676 2200 936 2241 Scholasticum‚

232 2255 302 2289 Qui
330 2255 412 2286 vicit
437 2263 553 2285 omnes
576 2257 813 2284 antecessores
836 2251 937 2283 suos.'

232 2306 279 2337 Et
286 2305 408 2346 juncta
420 2303 558 2345 quidem
571 2301 821 2344 Sphaeristeriis
833 2302 937 2343 hypo-

232 2359 354 2388 causta
365 2355 467 2387 docet
477 2354 645 2395 Ulpianus
656 2355 723 2395 leg.
736 2355 789 2385 16.
798 2351 834 2385 ff.
845 2362 938 2384 man-

233 2405 320 2445 dati,
335 2410 372 2437 et
387 2404 521 2437 Plinius
536 2404 597 2436 lib.
613 2413 656 2437 11.
674 2405 739 2446 Ep.
756 2406 808 2436 1⁷.
823 2408 860 2436 et
875 2403 935 2435 lib.

237 2465 272 2488 v.
290 2456 353 2496 Ep.
369 2458 401 2487 6.

278 2508 321 2537 59
354 2503 574 2546 Hypocausta]
596 2503 821 2546 Hypocausta
844 2508 938 2544 sunt,

237 2555 447 2596 Mercuriali,
482 2554 641 2586 fornaces
666 2563 726 2586 seu
755 2554 936 2586 caminatae

238 2613 420 2641 structurae
434 2605 611 2644 calidario,
627 2605 747 2638 ealidae
764 2605 939 2642 lavationi,

239 2665 345 2700 atque
369 2656 504 2688 vasario
529 2656 732 2697 suppositae,
761 2655 795 2687 in
819 2654 940 2697 quibus

240 2709 283 2741 ad
299 2706 568 2740 calefaciendam
583 2715 704 2747 aquam
720 2709 757 2737 et
773 2705 941 2746 praedicta

240 2759 440 2793 balnearum
455 2757 533 2790 loca
544 2754 821 2789 succendebatur
840 2755 941 2797 ignis,

980 1492 1075 1533 cujus
1091 1492 1185 1524 calor
1209 1501 1271 1534 per
1292 1490 1391 1523 tubos
1406 1494 1444 1522 et
1459 1489 1596 1522 canales
1621 1497 1681 1529 pa·

981 1542 1124 1575 rictibus
1141 1543 1174 1574 in
1197 1542 1316 1574 orbem
1335 1540 1453 1574 affixos
1468 1547 1682 1582 quoquover-

981 1602 1036 1624 sus
1060 1592 1300 1634 spargebatur.
1341 1591 1473 1624 Horum
1489 1599 1567 1623 usus
1581 1588 1683 1622 hodie

983 1642 1146 1686 frequens
1170 1644 1205 1675 in
1232 1643 1432 1684 Germania,
1453 1642 1512 1675 ubi
1535 1641 1684 1674 triclinia

984 1693 1145 1727 calefiunt
1160 1693 1391 1736 hypocaustis.

1028 1747 1071 1776 60
1086 1743 1221 1776 Baianis
1233 1743 1314 1785 oris]
1330 1742 1500 1784 Intelligit
1514 1742 1684 1775 Baianum

983 1795 1094 1827 sinum
1112 1794 1203 1827 intra
1217 1794 1390 1826 Misenum
1404 1798 1441 1825 et
1463 1793 1628 1825 Puteolos
1650 1792 1686 1824 in

984 1844 1184 1886 Campania.
1219 1844 1324 1876 Totus
1340 1843 1394 1875 hic
1409 1848 1542 1876 tractus
1556 1842 1687 1875 mariti-

984 1895 1089 1927 timus
1117 1894 1238 1926 miram
1266 1894 1416 1926 habebat
1440 1893 1528 1926 aeris
1555 1897 1687 1934 tempe-

985 1946 1068 1978 riem
1090 1955 1131 1977 ac
1151 1944 1398 1984 amenitatem,
1419 1949 1590 1986 terraeque
1618 1942 1688 1976 fer-

987 1997 1149 2029 tilitatem
1171 1999 1208 2028 et
1230 2004 1344 2027 rerum
1368 1994 1518 2026 omnium
1539 1993 1687 2035 copiam,

987 2048 1022 2079 in
1050 2055 1160 2088 eoque
1183 2049 1283 2078 erant
1305 2054 1403 2086 aquae
1425 2043 1560 2084 calidae,
1581 2048 1619 2076 et
1644 2043 1689 2076 ad

989 2098 1214 2139 voluptatem,
1250 2099 1288 2128 et
1323 2094 1368 2127 ad
1404 2094 1516 2126 varios
1551 2094 1708 2127 morbos'

989 2148 1189 2184 commodae,
1206 2151 1245 2179 ut
1260 2146 1309 2178 ait
1321 2145 1446 2178 Strabo
1471 2144 1534 2178 lib.
1547 2154 1582 2178 ν.
1596 2145 1690 2178 unde

990 2205 1082 2232 teste
1099 2199 1264 2232 Horatio:
1294 2198 1304 2215 ‘
1316 2197 1440 2229 Nullus
1455 2196 1490 2228 in
1502 2196 1585 2229 orbe
1594 2197 1691 2230 locus

989 2251 1082 2282 Baiis
1099 2249 1266 2291 praelucet
1281 2246 1446 2280 amoenis!

1033 2304 1075 2334 62
1092 2300 1237 2333 Neronem
1263 2298 1361 2339 unda]
1386 2297 1559 2339 Designat
1583 2296 1691 2330 Ther-

989 2362 1061 2384 mas
1078 2350 1237 2390 Neronis,
1251 2348 1294 2381 de
1307 2348 1431 2390 quibus
1441 2355 1534 2388 saepe
1547 2346 1691 2380 Martia·

989 2404 1044 2438 lis,
1067 2402 1127 2434 lib.
1148 2409 1213 2433 vn.
1230 2399 1330 2440 Epig.
1351 2401 1405 2430 3³.
1428 2401 1465 2429 et
1485 2397 1545 2430 lib.
1567 2406 1609 2430 u.
1623 2397 1690 2439 Ep.

988 2456 1044 2487 48.
1057 2450 1280 2484 calidissimae
1291 2448 1394 2480 fuisse
1405 2447 1588 2480 videntur:
1599 2447 1692 2480 idem

990 2503 1050 2536 lib.
1067 2511 1102 2535 v.
1123 2501 1226 2543 Epig.
1242 2502 1297 2532 ⁷2.
1329 2498 1564 2532 ‘Neronianas
1585 2498 1616 2531 is
1638 2507 1693 2530 re-

991 2552 1132 2594 frigerat
1146 2548 1321 2583 thermas!

1035 2606 1077 2634 65
1101 2602 1242 2634 Fortuna
1253 2599 1389 2640 renasci]
1411 2599 1578 2631 Etruscus
1594 2604 1692 2640 pater

994 2663 1015 2686 a
1029 2652 1227 2685 Domitiano
1241 2650 1276 2682 iu
1289 2650 1428 2682 exilium
1438 2648 1551 2682 fuerat
1558 2649 1692 2690 missus,

994 2703 1056 2736 sed
1097 2701 1256 2744 precibus
1285 2699 1344 2732 filii
1375 2700 1515 2732 Etrusci
1544 2699 1693 2732 reditum

995 2764 1091 2788 suum
1119 2752 1329 2786 obtinuerat.
1366 2751 1468 2784 Unde
1494 2751 1544 2785 ait
1570 2751 1694 2792 Poeta,
