<?xml version="1.0" encoding="UTF-8"?>
<!DOCTYPE html PUBLIC "-//W3C//DTD XHTML 1.0 Transitional//EN"
    "http://www.w3.org/TR/xhtml1/DTD/xhtml1-transitional.dtd">
<html xmlns="http://www.w3.org/1999/xhtml" xml:lang="en" lang="en">
 <head>
  <title>
</title>
<meta http-equiv="Content-Type" content="text/html;charset=utf-8" />
  <meta name='ocr-system' content='tesseract 3.04.00' />
  <meta name='ocr-capabilities' content='ocr_page ocr_carea ocr_par ocr_line ocrx_word'/>
</head>
<body>
  <div class='ocr_page' id='page_1' title='image "./operaomniaexedit01statuoft/operaomniaexedit01statuoft_0045.png"; bbox 0 0 1800 3060; ppageno 0'>
   <div class='ocr_carea' id='block_1_1' title="bbox 643 173 1627 220">
    <p class='ocr_par' dir='ltr' id='par_1_1' title="bbox 643 173 1627 220">
     <span class='ocr_line' id='line_1_1' title="bbox 643 173 1627 220; baseline -0.005 0"><span class='ocrx_word' id='word_1_1' title='bbox 643 189 707 220; x_wconf 69' lang='lat' dir='ltr'><strong>niz</strong></span> <span class='ocrx_word' id='word_1_2' title='bbox 738 187 941 219; x_wconf 68' lang='lat' dir='ltr'><strong>ummo</strong></span> <span class='ocrx_word' id='word_1_3' title='bbox 972 185 1167 217; x_wconf 73' lang='lat' dir='ltr'><strong>srArlo.</strong></span> <span class='ocrx_word' id='word_1_4' title='bbox 1567 173 1627 216; x_wconf 82' lang='lat'><strong>35</strong></span> 
     </span>
    </p>
   </div>
   <div class='ocr_carea' id='block_1_2' title="bbox 230 281 1079 415">
    <p class='ocr_par' dir='ltr' id='par_1_2' title="bbox 230 281 1079 415">
     <span class='ocr_line' id='line_1_2' title="bbox 271 281 1079 329; baseline -0.011 0"><span class='ocrx_word' id='word_1_5' title='bbox 271 327 273 329; x_wconf 79' lang='grc'>,</span> <span class='ocrx_word' id='word_1_6' title='bbox 739 281 866 324; x_wconf 82' lang='lat' dir='ltr'>Idem</span> <span class='ocrx_word' id='word_1_7' title='bbox 884 281 962 324; x_wconf 93' lang='lat' dir='ltr'><strong>lib.</strong></span> <span class='ocrx_word' id='word_1_8' title='bbox 983 291 1051 321; x_wconf 80' lang='lat' dir='ltr'><strong>vi.</strong></span> <span class='ocrx_word' id='word_1_9' title='bbox 1071 283 1079 288; x_wconf 85' lang='lat'><em>&#39;</em></span> 
     </span>
     <span class='ocr_line' id='line_1_3' title="bbox 230 360 873 415; baseline -0.008 -8"><span class='ocrx_word' id='word_1_10' title='bbox 230 363 411 414; x_wconf 74' lang='lat' dir='ltr'><strong>Statius,</strong></span> <span class='ocrx_word' id='word_1_11' title='bbox 432 360 608 415; x_wconf 82' lang='lat' dir='ltr'><strong>Virgilii</strong></span> <span class='ocrx_word' id='word_1_12' title='bbox 628 360 873 404; x_wconf 85' lang='lat' dir='ltr'><strong>aemulator.</strong></span> 
     </span>
    </p>
   </div>
   <div class='ocr_carea' id='block_1_3' title="bbox 356 452 1438 508">
    <p class='ocr_par' dir='ltr' id='par_1_3' title="bbox 356 452 1438 508">
     <span class='ocr_line' id='line_1_4' title="bbox 356 452 1438 508; baseline -0.005 -10"><span class='ocrx_word' id='word_1_13' title='bbox 356 455 582 498; x_wconf 83' lang='lat' dir='ltr'><strong>Domitius</strong></span> <span class='ocrx_word' id='word_1_14' title='bbox 599 453 867 496; x_wconf 85' lang='lat' dir='ltr'><strong>Calderinus</strong></span> <span class='ocrx_word' id='word_1_15' title='bbox 888 452 1160 495; x_wconf 84' lang='lat' dir='ltr'><strong>Praefatione</strong></span> <span class='ocrx_word' id='word_1_16' title='bbox 1181 452 1239 494; x_wconf 88' lang='lat' dir='ltr'><strong>ad</strong></span> <span class='ocrx_word' id='word_1_17' title='bbox 1261 452 1438 508; x_wconf 84' lang='lat' dir='ltr'><strong>Sylvas.</strong></span> 
     </span>
    </p>
   </div>
   <div class='ocr_carea' id='block_1_4' title="bbox 178 536 1630 727">
    <p class='ocr_par' dir='ltr' id='par_1_4' title="bbox 178 536 1630 727">
     <span class='ocr_line' id='line_1_5' title="bbox 237 536 1630 594; baseline -0.003 -12"><span class='ocrx_word' id='word_1_18' title='bbox 237 539 382 583; x_wconf 89' lang='lat' dir='ltr'><strong>Incidi</strong></span> <span class='ocrx_word' id='word_1_19' title='bbox 399 540 446 581; x_wconf 91' lang='lat' dir='ltr'><strong>in</strong></span> <span class='ocrx_word' id='word_1_20' title='bbox 464 540 541 582; x_wconf 92' lang='lat' dir='ltr'><strong>lib.</strong></span> <span class='ocrx_word' id='word_1_21' title='bbox 555 550 599 580; x_wconf 92' lang='lat' dir='ltr'><strong>v.</strong></span> <span class='ocrx_word' id='word_1_22' title='bbox 621 538 851 594; x_wconf 83' lang='lat' dir='ltr'><strong>Sylvarum</strong></span> <span class='ocrx_word' id='word_1_23' title='bbox 868 537 1014 588; x_wconf 90' lang='lat' dir='ltr'><strong>Statii,</strong></span> <span class='ocrx_word' id='word_1_24' title='bbox 1034 550 1147 592; x_wconf 90' lang='lat' dir='ltr'><strong>opus</strong></span> <span class='ocrx_word' id='word_1_25' title='bbox 1171 537 1415 591; x_wconf 80' lang='lat' dir='ltr'><strong>granditate</strong></span> <span class='ocrx_word' id='word_1_26' title='bbox 1433 536 1630 579; x_wconf 90' lang='lat' dir='ltr'><strong>Heroica</strong></span> 
     </span>
     <span class='ocr_line' id='line_1_6' title="bbox 178 604 1628 660; baseline -0.003 -9"><span class='ocrx_word' id='word_1_27' title='bbox 178 607 380 658; x_wconf 87' lang='lat' dir='ltr'><strong>sublime,</strong></span> <span class='ocrx_word' id='word_1_28' title='bbox 401 611 699 660; x_wconf 83' lang='lat' dir='ltr'><strong>argumentum</strong></span> <span class='ocrx_word' id='word_1_29' title='bbox 716 606 902 655; x_wconf 85' lang='lat' dir='ltr'><strong>varium,</strong></span> <span class='ocrx_word' id='word_1_30' title='bbox 922 605 1122 646; x_wconf 87' lang='lat' dir='ltr'><strong>doctrina</strong></span> <span class='ocrx_word' id='word_1_31' title='bbox 1138 604 1494 656; x_wconf 88' lang='lat' dir='ltr'><strong>remotissimum,</strong></span> <span class='ocrx_word' id='word_1_32' title='bbox 1507 605 1628 659; x_wconf 89' lang='lat' dir='ltr'><strong>quod</strong></span> 
     </span>
     <span class='ocr_line' id='line_1_7' title="bbox 179 672 1369 727; baseline -0.003 -10"><span class='ocrx_word' id='word_1_33' title='bbox 179 687 305 717; x_wconf 88' lang='lat' dir='ltr'><strong>nemo</strong></span> <span class='ocrx_word' id='word_1_34' title='bbox 324 680 426 718; x_wconf 85' lang='lat' dir='ltr'><strong>ante</strong></span> <span class='ocrx_word' id='word_1_35' title='bbox 446 687 526 716; x_wconf 91' lang='lat' dir='ltr'><strong>nos</strong></span> <span class='ocrx_word' id='word_1_36' title='bbox 546 679 625 717; x_wconf 89' lang='lat' dir='ltr'><strong>aut</strong></span> <span class='ocrx_word' id='word_1_37' title='bbox 643 687 778 716; x_wconf 89' lang='lat' dir='ltr'><strong>ausus</strong></span> <span class='ocrx_word' id='word_1_38' title='bbox 797 677 868 715; x_wconf 89' lang='lat' dir='ltr'><strong>est</strong></span> <span class='ocrx_word' id='word_1_39' title='bbox 887 676 962 714; x_wconf 89' lang='lat' dir='ltr'><strong>aut</strong></span> <span class='ocrx_word' id='word_1_40' title='bbox 977 673 1125 727; x_wconf 87' lang='lat' dir='ltr'><strong>potuit</strong></span> <span class='ocrx_word' id='word_1_41' title='bbox 1141 672 1369 726; x_wconf 88' lang='lat' dir='ltr'><strong>attingere.</strong></span> 
     </span>
    </p>
   </div>
   <div class='ocr_carea' id='block_1_5' title="bbox 664 766 1152 822">
    <p class='ocr_par' dir='ltr' id='par_1_5' title="bbox 664 766 1152 822">
     <span class='ocr_line' id='line_1_8' title="bbox 664 766 1152 822; baseline -0.004 -12"><span class='ocrx_word' id='word_1_42' title='bbox 664 767 863 822; x_wconf 86' lang='lat' dir='ltr'>Angelus</span> <span class='ocrx_word' id='word_1_43' title='bbox 884 766 1152 809; x_wconf 90' lang='lat' dir='ltr'><strong>Politianus.</strong></span> 
     </span>
    </p>
   </div>
   <div class='ocr_carea' id='block_1_6' title="bbox 181 845 1628 970">
    <p class='ocr_par' dir='ltr' id='par_1_6' title="bbox 181 845 1628 970">
     <span class='ocr_line' id='line_1_9' title="bbox 239 845 1628 903; baseline -0.001 -13"><span class='ocrx_word' id='word_1_44' title='bbox 239 848 388 903; x_wconf 87' lang='lat' dir='ltr'><strong>Hujus</strong></span> <span class='ocrx_word' id='word_1_45' title='bbox 404 848 650 890; x_wconf 86' lang='lat' dir='ltr'><strong>uberiorem</strong></span> <span class='ocrx_word' id='word_1_46' title='bbox 666 847 721 888; x_wconf 90' lang='lat' dir='ltr'><strong>de</strong></span> <span class='ocrx_word' id='word_1_47' title='bbox 737 845 967 888; x_wconf 88' lang='lat' dir='ltr'><strong>Laudibus</strong></span> <span class='ocrx_word' id='word_1_48' title='bbox 983 845 1164 900; x_wconf 90' lang='lat' dir='ltr'><strong>Papinii</strong></span> <span class='ocrx_word' id='word_1_49' title='bbox 1178 846 1507 889; x_wconf 65' lang='lat' dir='ltr'><strong>&#39;tractationem</strong></span> <span class='ocrx_word' id='word_1_50' title='bbox 1526 847 1628 890; x_wconf 80' lang='lat' dir='ltr'><strong>vide</strong></span> 
     </span>
     <span class='ocr_line' id='line_1_10' title="bbox 181 913 1300 970; baseline -0.001 -13"><span class='ocrx_word' id='word_1_51' title='bbox 181 917 227 957; x_wconf 89' lang='lat' dir='ltr'><strong>in</strong></span> <span class='ocrx_word' id='word_1_52' title='bbox 247 915 456 958; x_wconf 87' lang='lat' dir='ltr'><strong>Oratione</strong></span> <span class='ocrx_word' id='word_1_53' title='bbox 475 928 606 970; x_wconf 87' lang='lat' dir='ltr'><strong>quam</strong></span> <span class='ocrx_word' id='word_1_54' title='bbox 625 915 781 956; x_wconf 90' lang='lat' dir='ltr'><strong>habuit</strong></span> <span class='ocrx_word' id='word_1_55' title='bbox 800 914 962 968; x_wconf 86' lang='lat' dir='ltr'><strong>Sylvas</strong></span> <span class='ocrx_word' id='word_1_56' title='bbox 983 913 1300 957; x_wconf 81' lang='lat' dir='ltr'><strong>Praelecturus.</strong></span> 
     </span>
    </p>
   </div>
   <div class='ocr_carea' id='block_1_7' title="bbox 264 1013 1544 1059">
    <p class='ocr_par' dir='ltr' id='par_1_7' title="bbox 264 1013 1544 1059">
     <span class='ocr_line' id='line_1_11' title="bbox 264 1013 1544 1059; baseline -0.001 -1"><span class='ocrx_word' id='word_1_57' title='bbox 264 1015 396 1058; x_wconf 82' lang='lat' dir='ltr'><strong>Joan.</strong></span> <span class='ocrx_word' id='word_1_58' title='bbox 415 1015 634 1059; x_wconf 72' lang='lat' dir='ltr'><strong>Iovianus</strong></span> <span class='ocrx_word' id='word_1_59' title='bbox 654 1015 886 1057; x_wconf 90' lang='lat' dir='ltr'><strong>Pontanus</strong></span> <span class='ocrx_word' id='word_1_60' title='bbox 906 1014 961 1056; x_wconf 92' lang='lat' dir='ltr'><strong>de</strong></span> <span class='ocrx_word' id='word_1_61' title='bbox 983 1013 1266 1056; x_wconf 89' lang='lat' dir='ltr'><strong>Fortitudine</strong></span> <span class='ocrx_word' id='word_1_62' title='bbox 1285 1015 1361 1056; x_wconf 92' lang='lat' dir='ltr'><strong>lib.</strong></span> <span class='ocrx_word' id='word_1_63' title='bbox 1385 1025 1418 1056; x_wconf 91' lang='lat'><strong>1.</strong></span> <span class='ocrx_word' id='word_1_64' title='bbox 1441 1028 1480 1057; x_wconf 91' lang='lat' dir='ltr'><strong>c.</strong></span> <span class='ocrx_word' id='word_1_65' title='bbox 1500 1015 1544 1058; x_wconf 84' lang='lat'><strong>8.</strong></span> 
     </span>
    </p>
   </div>
   <div class='ocr_carea' id='block_1_8' title="bbox 182 1093 1632 1350">
    <p class='ocr_par' dir='ltr' id='par_1_8' title="bbox 182 1093 1632 1350">
     <span class='ocr_line' id='line_1_12' title="bbox 238 1093 1629 1148; baseline 0 -13"><span class='ocrx_word' id='word_1_66' title='bbox 238 1093 555 1148; x_wconf 85' lang='lat' dir='ltr'><strong>Amphiaraum</strong></span> <span class='ocrx_word' id='word_1_67' title='bbox 581 1094 732 1136; x_wconf 86' lang='lat' dir='ltr'><strong>vivum</strong></span> <span class='ocrx_word' id='word_1_68' title='bbox 768 1099 999 1144; x_wconf 89' lang='lat' dir='ltr'><strong>armatum,</strong></span> <span class='ocrx_word' id='word_1_69' title='bbox 1032 1094 1091 1135; x_wconf 89' lang='lat' dir='ltr'><strong>ad</strong></span> <span class='ocrx_word' id='word_1_70' title='bbox 1129 1093 1293 1135; x_wconf 86' lang='lat' dir='ltr'><strong>inferos</strong></span> <span class='ocrx_word' id='word_1_71' title='bbox 1322 1106 1447 1135; x_wconf 89' lang='lat' dir='ltr'><strong>ruere</strong></span> <span class='ocrx_word' id='word_1_72' title='bbox 1486 1094 1629 1147; x_wconf 87' lang='lat' dir='ltr'><strong>magis</strong></span> 
     </span>
     <span class='ocr_line' id='line_1_13' title="bbox 182 1161 1630 1216; baseline -0.001 -13"><span class='ocrx_word' id='word_1_73' title='bbox 182 1175 316 1216; x_wconf 90' lang='lat' dir='ltr'><strong>quam</strong></span> <span class='ocrx_word' id='word_1_74' title='bbox 335 1161 599 1204; x_wconf 86' lang='lat' dir='ltr'><strong>descendere</strong></span> <span class='ocrx_word' id='word_1_75' title='bbox 630 1161 814 1212; x_wconf 87' lang='lat' dir='ltr'><strong>faciunt,</strong></span> <span class='ocrx_word' id='word_1_76' title='bbox 847 1162 924 1215; x_wconf 92' lang='lat' dir='ltr'><strong>qui</strong></span> <span class='ocrx_word' id='word_1_77' title='bbox 956 1174 1011 1203; x_wconf 90' lang='lat' dir='ltr'><strong>ne</strong></span> <span class='ocrx_word' id='word_1_78' title='bbox 1042 1161 1223 1216; x_wconf 90' lang='lat' dir='ltr'><strong>quidem</strong></span> <span class='ocrx_word' id='word_1_79' title='bbox 1254 1166 1332 1203; x_wconf 86' lang='lat' dir='ltr'><strong>aut</strong></span> <span class='ocrx_word' id='word_1_80' title='bbox 1352 1174 1477 1203; x_wconf 88' lang='lat' dir='ltr'><strong>arma</strong></span> <span class='ocrx_word' id='word_1_81' title='bbox 1494 1175 1630 1203; x_wconf 91' lang='lat' dir='ltr'><strong>manu</strong></span> 
     </span>
     <span class='ocr_line' id='line_1_14' title="bbox 184 1229 1631 1282; baseline -0.001 -11"><span class='ocrx_word' id='word_1_82' title='bbox 184 1235 263 1271; x_wconf 89' lang='lat' dir='ltr'><strong>aut</strong></span> <span class='ocrx_word' id='word_1_83' title='bbox 278 1229 417 1271; x_wconf 82' lang='lat' dir='ltr'><strong>fraena</strong></span> <span class='ocrx_word' id='word_1_84' title='bbox 434 1229 641 1282; x_wconf 88' lang='lat' dir='ltr'><strong>remittit;</strong></span> <span class='ocrx_word' id='word_1_85' title='bbox 685 1242 839 1271; x_wconf 88' lang='lat' dir='ltr'><strong>vemm</strong></span> <span class='ocrx_word' id='word_1_86' title='bbox 866 1229 984 1270; x_wconf 87' lang='lat' dir='ltr'><strong>sieut</strong></span> <span class='ocrx_word' id='word_1_87' title='bbox 1014 1234 1108 1270; x_wconf 89' lang='lat' dir='ltr'><strong>erat</strong></span> <span class='ocrx_word' id='word_1_88' title='bbox 1126 1232 1272 1270; x_wconf 89' lang='lat' dir='ltr'><strong>rectos</strong></span> <span class='ocrx_word' id='word_1_89' title='bbox 1292 1229 1431 1271; x_wconf 82' lang='lat' dir='ltr'><strong>defert</strong></span> <span class='ocrx_word' id='word_1_90' title='bbox 1450 1230 1498 1271; x_wconf 91' lang='lat' dir='ltr'><strong>in</strong></span> <span class='ocrx_word' id='word_1_91' title='bbox 1517 1229 1631 1271; x_wconf 90' lang='lat' dir='ltr'><strong>Tar-</strong></span> 
     </span>
     <span class='ocr_line' id='line_1_15' title="bbox 183 1296 1632 1350; baseline -0.001 -11"><span class='ocrx_word' id='word_1_92' title='bbox 183 1302 279 1340; x_wconf 87' lang='lat' dir='ltr'><strong>tara</strong></span> <span class='ocrx_word' id='word_1_93' title='bbox 296 1309 466 1347; x_wconf 91' lang='lat' dir='ltr'><strong>currus,</strong></span> <span class='ocrx_word' id='word_1_94' title='bbox 485 1301 536 1339; x_wconf 93' lang='lat' dir='ltr'><strong>ut</strong></span> <span class='ocrx_word' id='word_1_95' title='bbox 552 1296 780 1350; x_wconf 84' lang='lat' dir='ltr'><strong>magnifice</strong></span> <span class='ocrx_word' id='word_1_96' title='bbox 801 1310 856 1338; x_wconf 90' lang='lat' dir='ltr'><strong>ac</strong></span> <span class='ocrx_word' id='word_1_97' title='bbox 876 1297 1120 1338; x_wconf 86' lang='lat' dir='ltr'><strong>luculenter</strong></span> <span class='ocrx_word' id='word_1_98' title='bbox 1149 1296 1205 1337; x_wconf 91' lang='lat' dir='ltr'><strong>de</strong></span> <span class='ocrx_word' id='word_1_99' title='bbox 1223 1309 1279 1338; x_wconf 91' lang='lat' dir='ltr'><strong>eo</strong></span> <span class='ocrx_word' id='word_1_100' title='bbox 1298 1296 1474 1339; x_wconf 85' lang='lat' dir='ltr'><strong>Statius</strong></span> <span class='ocrx_word' id='word_1_101' title='bbox 1494 1297 1632 1339; x_wconf 89' lang='lat' dir='ltr'><strong>canit.</strong></span> 
     </span>
    </p>
   </div>
   <div class='ocr_carea' id='block_1_9' title="bbox 563 1394 1263 1447">
    <p class='ocr_par' dir='ltr' id='par_1_9' title="bbox 563 1394 1263 1447">
     <span class='ocr_line' id='line_1_16' title="bbox 563 1394 1263 1447; baseline 0.001 -11"><span class='ocrx_word' id='word_1_102' title='bbox 563 1395 629 1437; x_wconf 89' lang='lat' dir='ltr'><strong>M.</strong></span> <span class='ocrx_word' id='word_1_103' title='bbox 647 1394 751 1437; x_wconf 87' lang='lat' dir='ltr'><strong>Ant.</strong></span> <span class='ocrx_word' id='word_1_104' title='bbox 773 1397 1035 1447; x_wconf 86' lang='lat' dir='ltr'><strong>Sabellicus,</strong></span> <span class='ocrx_word' id='word_1_105' title='bbox 1053 1395 1263 1439; x_wconf 88' lang='lat' dir='ltr'><strong>Annotat.</strong></span> 
     </span>
    </p>
   </div>
   <div class='ocr_carea' id='block_1_10' title="bbox 183 1473 1639 2130">
    <p class='ocr_par' dir='ltr' id='par_1_10' title="bbox 183 1473 1639 2130">
     <span class='ocr_line' id='line_1_17' title="bbox 238 1473 1634 1529; baseline 0.001 -13"><span class='ocrx_word' id='word_1_106' title='bbox 238 1473 392 1517; x_wconf 89' lang='lat' dir='ltr'><strong>Velles</strong></span> <span class='ocrx_word' id='word_1_107' title='bbox 411 1473 651 1529; x_wconf 88' lang='lat' dir='ltr'><strong>Papinium</strong></span> <span class='ocrx_word' id='word_1_108' title='bbox 669 1473 862 1516; x_wconf 85' lang='lat' dir='ltr'><strong>Statium</strong></span> <span class='ocrx_word' id='word_1_109' title='bbox 893 1479 985 1517; x_wconf 91' lang='lat' dir='ltr'><strong>tam</strong></span> <span class='ocrx_word' id='word_1_110' title='bbox 1018 1475 1173 1516; x_wconf 84' lang='lat' dir='ltr'><strong>dextro</strong></span> <span class='ocrx_word' id='word_1_111' title='bbox 1199 1474 1326 1528; x_wconf 88' lang='lat' dir='ltr'><strong>genio</strong></span> <span class='ocrx_word' id='word_1_112' title='bbox 1347 1474 1527 1517; x_wconf 86' lang='lat' dir='ltr'><strong>Thebas</strong></span> <span class='ocrx_word' id='word_1_113' title='bbox 1546 1475 1634 1518; x_wconf 84' lang='lat' dir='ltr'><strong>sor·</strong></span> 
     </span>
     <span class='ocr_line' id='line_1_18' title="bbox 183 1539 1637 1596; baseline -0.001 -11"><span class='ocrx_word' id='word_1_114' title='bbox 183 1543 485 1596; x_wconf 87' lang='lat' dir='ltr'><strong>tissimumque</strong></span> <span class='ocrx_word' id='word_1_115' title='bbox 515 1539 749 1591; x_wconf 89' lang='lat' dir='ltr'><strong>Achillem,</strong></span> <span class='ocrx_word' id='word_1_116' title='bbox 780 1555 911 1596; x_wconf 88' lang='lat' dir='ltr'><strong>quam</strong></span> <span class='ocrx_word' id='word_1_117' title='bbox 943 1541 1103 1596; x_wconf 86' lang='lat' dir='ltr'><strong>Sylvas</strong></span> <span class='ocrx_word' id='word_1_118' title='bbox 1134 1542 1408 1584; x_wconf 86' lang='lat' dir='ltr'><strong>decantasse.</strong></span> <span class='ocrx_word' id='word_1_119' title='bbox 1467 1542 1518 1584; x_wconf 93' lang='lat' dir='ltr'><strong>Si</strong></span> <span class='ocrx_word' id='word_1_120' title='bbox 1549 1556 1637 1584; x_wconf 89' lang='lat' dir='ltr'><strong>non</strong></span> 
     </span>
     <span class='ocr_line' id='line_1_19' title="bbox 183 1608 1635 1663; baseline 0.001 -13"><span class='ocrx_word' id='word_1_121' title='bbox 183 1609 330 1663; x_wconf 87' lang='lat' dir='ltr'><strong>majus</strong></span> <span class='ocrx_word' id='word_1_122' title='bbox 347 1621 523 1658; x_wconf 91' lang='lat' dir='ltr'><strong>nomen,</strong></span> <span class='ocrx_word' id='word_1_123' title='bbox 555 1608 764 1662; x_wconf 86' lang='lat' dir='ltr'><strong>majorem</strong></span> <span class='ocrx_word' id='word_1_124' title='bbox 797 1611 916 1650; x_wconf 89' lang='lat' dir='ltr'><strong>certe</strong></span> <span class='ocrx_word' id='word_1_125' title='bbox 942 1609 1131 1662; x_wconf 83' lang='lat' dir='ltr'><strong>gratiam</strong></span> <span class='ocrx_word' id='word_1_126' title='bbox 1151 1608 1252 1650; x_wconf 87' lang='lat' dir='ltr'><strong>inde</strong></span> <span class='ocrx_word' id='word_1_127' title='bbox 1272 1608 1391 1651; x_wconf 89' lang='lat' dir='ltr'><strong>haud</strong></span> <span class='ocrx_word' id='word_1_128' title='bbox 1410 1610 1547 1652; x_wconf 93' lang='lat' dir='ltr'><strong>dubio</strong></span> <span class='ocrx_word' id='word_1_129' title='bbox 1567 1624 1635 1652; x_wconf 90' lang='lat' dir='ltr'><strong>re-</strong></span> 
     </span>
     <span class='ocr_line' id='line_1_20' title="bbox 185 1673 1637 1731; baseline 0.003 -14"><span class='ocrx_word' id='word_1_130' title='bbox 185 1679 422 1730; x_wconf 84' lang='lat' dir='ltr'><strong>portasset.</strong></span> <span class='ocrx_word' id='word_1_131' title='bbox 480 1673 605 1716; x_wconf 85' lang='lat' dir='ltr'><strong>Nulli</strong></span> <span class='ocrx_word' id='word_1_132' title='bbox 637 1687 832 1729; x_wconf 88' lang='lat' dir='ltr'><strong>unquam</strong></span> <span class='ocrx_word' id='word_1_133' title='bbox 867 1674 1128 1726; x_wconf 74' lang='lat' dir='ltr'><strong>Poetarum,</strong></span> <span class='ocrx_word' id='word_1_134' title='bbox 1161 1675 1282 1729; x_wconf 92' lang='lat' dir='ltr'><strong>quod</strong></span> <span class='ocrx_word' id='word_1_135' title='bbox 1312 1676 1465 1728; x_wconf 88' lang='lat' dir='ltr'><strong>sciam,</strong></span> <span class='ocrx_word' id='word_1_136' title='bbox 1495 1679 1637 1731; x_wconf 83' lang='lat' dir='ltr'><strong>magis</strong></span> 
     </span>
     <span class='ocr_line' id='line_1_21' title="bbox 185 1740 1637 1797; baseline 0.002 -13"><span class='ocrx_word' id='word_1_137' title='bbox 185 1743 410 1796; x_wconf 89' lang='lat' dir='ltr'><strong>proprium</strong></span> <span class='ocrx_word' id='word_1_138' title='bbox 426 1740 511 1783; x_wconf 86' lang='lat' dir='ltr'><strong>fuit</strong></span> <span class='ocrx_word' id='word_1_139' title='bbox 531 1741 681 1783; x_wconf 90' lang='lat' dir='ltr'><strong>subito</strong></span> <span class='ocrx_word' id='word_1_140' title='bbox 709 1746 848 1783; x_wconf 87' lang='lat' dir='ltr'><strong>oestro</strong></span> <span class='ocrx_word' id='word_1_141' title='bbox 877 1741 1160 1794; x_wconf 87' lang='lat' dir='ltr'><strong>incalescere,</strong></span> <span class='ocrx_word' id='word_1_142' title='bbox 1181 1746 1314 1797; x_wconf 88' lang='lat' dir='ltr'><strong>atque</strong></span> <span class='ocrx_word' id='word_1_143' title='bbox 1332 1743 1412 1784; x_wconf 88' lang='lat' dir='ltr'><strong>ubi</strong></span> <span class='ocrx_word' id='word_1_144' title='bbox 1428 1744 1637 1787; x_wconf 88' lang='lat' dir='ltr'><strong>incaluis-</strong></span> 
     </span>
     <span class='ocr_line' id='line_1_22' title="bbox 185 1807 1637 1866; baseline 0.003 -16"><span class='ocrx_word' id='word_1_145' title='bbox 185 1813 273 1860; x_wconf 90' lang='lat' dir='ltr'><strong>set,</strong></span> <span class='ocrx_word' id='word_1_146' title='bbox 289 1808 443 1850; x_wconf 81' lang='lat' dir='ltr'><strong>fortius</strong></span> <span class='ocrx_word' id='word_1_147' title='bbox 453 1807 715 1861; x_wconf 88' lang='lat' dir='ltr'><strong>feliciusque</strong></span> <span class='ocrx_word' id='word_1_148' title='bbox 734 1808 1009 1858; x_wconf 86' lang='lat' dir='ltr'><strong>debacchari,</strong></span> <span class='ocrx_word' id='word_1_149' title='bbox 1023 1814 1073 1850; x_wconf 89' lang='lat' dir='ltr'><strong>ut</strong></span> <span class='ocrx_word' id='word_1_150' title='bbox 1084 1813 1485 1866; x_wconf 88' lang='lat' dir='ltr'><strong>quantumcumque</strong></span> <span class='ocrx_word' id='word_1_151' title='bbox 1502 1812 1637 1855; x_wconf 86' lang='lat' dir='ltr'><strong>Phoe-</strong></span> 
     </span>
     <span class='ocr_line' id='line_1_23' title="bbox 185 1875 1639 1931; baseline 0.002 -13"><span class='ocrx_word' id='word_1_152' title='bbox 185 1877 290 1918; x_wconf 92' lang='lat' dir='ltr'><strong>bum</strong></span> <span class='ocrx_word' id='word_1_153' title='bbox 307 1875 526 1918; x_wconf 87' lang='lat' dir='ltr'><strong>hauserit:</strong></span> <span class='ocrx_word' id='word_1_154' title='bbox 558 1887 612 1917; x_wconf 87' lang='lat' dir='ltr'><strong>ac</strong></span> <span class='ocrx_word' id='word_1_155' title='bbox 630 1875 783 1917; x_wconf 87' lang='lat' dir='ltr'><strong>nescio</strong></span> <span class='ocrx_word' id='word_1_156' title='bbox 806 1889 862 1917; x_wconf 88' lang='lat' dir='ltr'><strong>an</strong></span> <span class='ocrx_word' id='word_1_157' title='bbox 889 1876 1024 1917; x_wconf 86' lang='lat' dir='ltr'><strong>etiam</strong></span> <span class='ocrx_word' id='word_1_158' title='bbox 1051 1876 1280 1931; x_wconf 87' lang='lat' dir='ltr'><strong>majorem,</strong></span> <span class='ocrx_word' id='word_1_159' title='bbox 1311 1877 1471 1919; x_wconf 90' lang='lat' dir='ltr'><strong>eodem</strong></span> <span class='ocrx_word' id='word_1_160' title='bbox 1490 1879 1639 1921; x_wconf 86' lang='lat' dir='ltr'><strong>calore</strong></span> 
     </span>
     <span class='ocr_line' id='line_1_24' title="bbox 188 1941 1638 2000; baseline 0.003 -16"><span class='ocrx_word' id='word_1_161' title='bbox 188 1943 419 1985; x_wconf 85' lang='lat' dir='ltr'><strong>confestim</strong></span> <span class='ocrx_word' id='word_1_162' title='bbox 439 1942 602 1986; x_wconf 92' lang='lat' dir='ltr'><strong>reddat.</strong></span> <span class='ocrx_word' id='word_1_163' title='bbox 661 1941 879 1997; x_wconf 78' lang='lat' dir='ltr'><strong>Caperes,</strong></span> <span class='ocrx_word' id='word_1_164' title='bbox 910 1942 1021 1993; x_wconf 88' lang='lat' dir='ltr'><strong>dixi,</strong></span> <span class='ocrx_word' id='word_1_165' title='bbox 1055 1957 1227 1985; x_wconf 90' lang='lat' dir='ltr'><strong>omnem</strong></span> <span class='ocrx_word' id='word_1_166' title='bbox 1263 1944 1360 1999; x_wconf 85' lang='lat' dir='ltr'><strong>ejus</strong></span> <span class='ocrx_word' id='word_1_167' title='bbox 1390 1958 1570 2000; x_wconf 86' lang='lat' dir='ltr'><strong>operam</strong></span> <span class='ocrx_word' id='word_1_168' title='bbox 1590 1947 1638 1988; x_wconf 90' lang='lat' dir='ltr'><strong>in</strong></span> 
     </span>
     <span class='ocr_line' id='line_1_25' title="bbox 189 2009 1639 2067; baseline 0.003 -16"><span class='ocrx_word' id='word_1_169' title='bbox 189 2009 338 2064; x_wconf 82' lang='lat' dir='ltr'><strong>Sylvis</strong></span> <span class='ocrx_word' id='word_1_170' title='bbox 367 2010 574 2061; x_wconf 87' lang='lat' dir='ltr'><strong>locatam,</strong></span> <span class='ocrx_word' id='word_1_171' title='bbox 607 2011 717 2053; x_wconf 88' lang='lat' dir='ltr'><strong>nihil</strong></span> <span class='ocrx_word' id='word_1_172' title='bbox 750 2014 819 2053; x_wconf 86' lang='lat' dir='ltr'><strong>est</strong></span> <span class='ocrx_word' id='word_1_173' title='bbox 851 2010 941 2053; x_wconf 90' lang='lat' dir='ltr'><strong>illis</strong></span> <span class='ocrx_word' id='word_1_174' title='bbox 972 2011 1222 2063; x_wconf 87' lang='lat' dir='ltr'><strong>amabilius,</strong></span> <span class='ocrx_word' id='word_1_175' title='bbox 1242 2011 1457 2064; x_wconf 88' lang='lat' dir='ltr'><strong>floridius,</strong></span> <span class='ocrx_word' id='word_1_176' title='bbox 1477 2016 1639 2067; x_wconf 84' lang='lat' dir='ltr'><strong>magis-</strong></span> 
     </span>
     <span class='ocr_line' id='line_1_26' title="bbox 189 2076 544 2130; baseline 0.003 -13"><span class='ocrx_word' id='word_1_177' title='bbox 189 2089 274 2130; x_wconf 88' lang='lat' dir='ltr'><strong>que</strong></span> <span class='ocrx_word' id='word_1_178' title='bbox 292 2076 544 2118; x_wconf 72' lang='lat' dir='ltr'><strong>Poeticum.</strong></span> 
     </span>
    </p>
   </div>
   <div class='ocr_carea' id='block_1_11' title="bbox 188 2163 1640 2598">
    <p class='ocr_par' dir='ltr' id='par_1_11' title="bbox 188 2163 1640 2598">
     <span class='ocr_line' id='line_1_27' title="bbox 393 2163 1428 2222; baseline 0.005 -17"><span class='ocrx_word' id='word_1_179' title='bbox 393 2163 450 2205; x_wconf 90' lang='lat' dir='ltr'><strong>A.</strong></span> <span class='ocrx_word' id='word_1_180' title='bbox 470 2164 500 2206; x_wconf 84' lang='lat' dir='ltr'><strong>J</strong></span> <span class='ocrx_word' id='word_1_181' title='bbox 503 2178 612 2206; x_wconf 90' lang='lat' dir='ltr'><strong>anus</strong></span> <span class='ocrx_word' id='word_1_182' title='bbox 633 2165 896 2209; x_wconf 87' lang='lat' dir='ltr'><strong>Parrhasius</strong></span> <span class='ocrx_word' id='word_1_183' title='bbox 917 2167 1064 2222; x_wconf 89' lang='lat' dir='ltr'><strong>Epist.</strong></span> <span class='ocrx_word' id='word_1_184' title='bbox 1085 2167 1338 2219; x_wconf 82' lang='lat' dir='ltr'><strong>Quaestion.</strong></span> <span class='ocrx_word' id='word_1_185' title='bbox 1359 2171 1428 2210; x_wconf 82' lang='lat'><strong>55.</strong></span> 
     </span>
     <span class='ocr_line' id='line_1_28' title="bbox 246 2242 1639 2297; baseline 0.004 -14"><span class='ocrx_word' id='word_1_186' title='bbox 246 2242 482 2297; x_wconf 73' lang='lat' dir='ltr'><strong>Papinius,</strong></span> <span class='ocrx_word' id='word_1_187' title='bbox 511 2242 659 2285; x_wconf 70' lang='lat' dir='ltr'><strong>Poeta</strong></span> <span class='ocrx_word' id='word_1_188' title='bbox 691 2245 1010 2296; x_wconf 85' lang='lat' dir='ltr'><strong>celeberrimus,</strong></span> <span class='ocrx_word' id='word_1_189' title='bbox 1030 2251 1077 2288; x_wconf 88' lang='lat' dir='ltr'><strong>et</strong></span> <span class='ocrx_word' id='word_1_190' title='bbox 1097 2246 1156 2288; x_wconf 91' lang='lat' dir='ltr'><strong>ob</strong></span> <span class='ocrx_word' id='word_1_191' title='bbox 1178 2250 1383 2288; x_wconf 87' lang='lat' dir='ltr'><strong>exactam</strong></span> <span class='ocrx_word' id='word_1_192' title='bbox 1398 2259 1541 2288; x_wconf 87' lang='lat' dir='ltr'><strong>rerum</strong></span> <span class='ocrx_word' id='word_1_193' title='bbox 1559 2259 1639 2288; x_wconf 93' lang='lat' dir='ltr'><strong>no-</strong></span> 
     </span>
     <span class='ocr_line' id='line_1_29' title="bbox 188 2309 1640 2367; baseline 0.003 -17"><span class='ocrx_word' id='word_1_194' title='bbox 188 2309 349 2360; x_wconf 87' lang='lat' dir='ltr'><strong>titiam,</strong></span> <span class='ocrx_word' id='word_1_195' title='bbox 367 2322 585 2364; x_wconf 89' lang='lat' dir='ltr'><strong>suumque</strong></span> <span class='ocrx_word' id='word_1_196' title='bbox 606 2312 830 2364; x_wconf 88' lang='lat' dir='ltr'><strong>peculiare</strong></span> <span class='ocrx_word' id='word_1_197' title='bbox 862 2313 1039 2355; x_wconf 91' lang='lat' dir='ltr'><strong>dicendi</strong></span> <span class='ocrx_word' id='word_1_198' title='bbox 1068 2327 1219 2367; x_wconf 87' lang='lat' dir='ltr'><strong>genus,</strong></span> <span class='ocrx_word' id='word_1_199' title='bbox 1240 2327 1326 2355; x_wconf 93' lang='lat' dir='ltr'><strong>non</strong></span> <span class='ocrx_word' id='word_1_200' title='bbox 1346 2314 1549 2355; x_wconf 90' lang='lat' dir='ltr'><strong>omnibus</strong></span> <span class='ocrx_word' id='word_1_201' title='bbox 1570 2327 1640 2355; x_wconf 89' lang='lat' dir='ltr'><strong>sa-</strong></span> 
     </span>
     <span class='ocr_line' id='line_1_30' title="bbox 192 2375 1606 2435; baseline 0.004 -18"><span class='ocrx_word' id='word_1_202' title='bbox 192 2375 252 2435; x_wconf 80' lang='lat' dir='ltr'><strong>tis</strong></span> <span class='ocrx_word' id='word_1_203' title='bbox 270 2376 444 2418; x_wconf 87' lang='lat' dir='ltr'><strong>obvius.</strong></span> <span class='ocrx_word' id='word_1_204' title='bbox 506 2375 648 2431; x_wconf 88' lang='lat' dir='ltr'><strong>Cujus</strong></span> <span class='ocrx_word' id='word_1_205' title='bbox 668 2391 750 2431; x_wconf 88' lang='lat' dir='ltr'><strong>ego</strong></span> <span class='ocrx_word' id='word_1_206' title='bbox 770 2379 1000 2421; x_wconf 88' lang='lat' dir='ltr'><strong>studiosus</strong></span> <span class='ocrx_word' id='word_1_207' title='bbox 1022 2393 1120 2422; x_wconf 88' lang='lat' dir='ltr'><strong>cum</strong></span> <span class='ocrx_word' id='word_1_208' title='bbox 1139 2393 1317 2434; x_wconf 90' lang='lat' dir='ltr'><strong>semper</strong></span> <span class='ocrx_word' id='word_1_209' title='bbox 1334 2380 1507 2431; x_wconf 86' lang='lat' dir='ltr'><strong>fuerim,</strong></span> <span class='ocrx_word' id='word_1_210' title='bbox 1527 2383 1606 2423; x_wconf 71' lang='grc' dir='ltr'><strong>διο.</strong></span> 
     </span>
     <span class='ocr_line' id='line_1_31' title="bbox 317 2463 1505 2524; baseline 0.005 -20"><span class='ocrx_word' id='word_1_211' title='bbox 317 2463 349 2505; x_wconf 84' lang='lat' dir='ltr'>J</span> <span class='ocrx_word' id='word_1_212' title='bbox 352 2494 362 2504; x_wconf 92' lang='lat'><strong>.</strong></span> <span class='ocrx_word' id='word_1_213' title='bbox 382 2464 586 2519; x_wconf 83' lang='lat' dir='ltr'><strong>Baptista</strong></span> <span class='ocrx_word' id='word_1_214' title='bbox 605 2465 745 2508; x_wconf 82' lang='lat' dir='ltr'><strong>Pius⁴</strong></span> <span class='ocrx_word' id='word_1_215' title='bbox 761 2468 819 2509; x_wconf 91' lang='lat' dir='ltr'><strong>ad</strong></span> <span class='ocrx_word' id='word_1_216' title='bbox 838 2468 1069 2511; x_wconf 89' lang='lat' dir='ltr'><strong>Sidonium</strong></span> <span class='ocrx_word' id='word_1_217' title='bbox 1090 2469 1327 2524; x_wconf 90' lang='lat' dir='ltr'><strong>Epistolar.</strong></span> <span class='ocrx_word' id='word_1_218' title='bbox 1348 2470 1426 2512; x_wconf 93' lang='lat' dir='ltr'><strong>lib.</strong></span> <span class='ocrx_word' id='word_1_219' title='bbox 1451 2481 1505 2510; x_wconf 83' lang='lat'><strong>11.</strong></span> 
     </span>
     <span class='ocr_line' id='line_1_32' title="bbox 250 2539 1068 2598; baseline 0.006 -17"><span class='ocrx_word' id='word_1_220' title='bbox 250 2539 485 2596; x_wconf 87' lang='lat' dir='ltr'><strong>Papinius,</strong></span> <span class='ocrx_word' id='word_1_221' title='bbox 506 2544 865 2598; x_wconf 87' lang='lat' dir='ltr'><strong>elegantissimus</strong></span> <span class='ocrx_word' id='word_1_222' title='bbox 887 2548 1068 2590; x_wconf 53' lang='lat' dir='ltr'><strong>Poetast</strong></span> 
     </span>
    </p>
   </div>
   <div class='ocr_carea' id='block_1_12' title="bbox 197 2667 1146 2765">
    <p class='ocr_par' dir='ltr' id='par_1_12' title="bbox 197 2667 1146 2765">
     <span class='ocr_line' id='line_1_33' title="bbox 235 2667 1146 2715; baseline 0.01 -16"><span class='ocrx_word' id='word_1_223' title='bbox 235 2670 257 2699; x_wconf 74' lang='lat'>4</span> <span class='ocrx_word' id='word_1_224' title='bbox 278 2667 362 2700; x_wconf 80' lang='lat' dir='ltr'><strong>Pius</strong></span> <span class='ocrx_word' id='word_1_225' title='bbox 377 2669 441 2702; x_wconf 78' lang='lat' dir='ltr'><strong>iste</strong></span> <span class='ocrx_word' id='word_1_226' title='bbox 457 2670 605 2712; x_wconf 86' lang='lat' dir='ltr'><strong>alioquin</strong></span> <span class='ocrx_word' id='word_1_227' title='bbox 623 2671 765 2704; x_wconf 76' lang='lat' dir='ltr'><strong>frivolus</strong></span> <span class='ocrx_word' id='word_1_228' title='bbox 785 2682 889 2715; x_wconf 82' lang='lat' dir='ltr'><strong>nuga·</strong></span> <span class='ocrx_word' id='word_1_229' title='bbox 945 2674 1053 2708; x_wconf 80' lang='lat' dir='ltr'><strong>bonus</strong></span> <span class='ocrx_word' id='word_1_230' title='bbox 1069 2674 1146 2709; x_wconf 59' lang='lat' dir='ltr'><strong>fust.</strong></span> 
     </span>
     <span class='ocr_line' id='line_1_34' title="bbox 197 2717 890 2765; baseline 0.013 -18"><span class='ocrx_word' id='word_1_231' title='bbox 197 2719 263 2758; x_wconf 84' lang='lat' dir='ltr'><strong>tor,</strong></span> <span class='ocrx_word' id='word_1_232' title='bbox 286 2717 399 2751; x_wconf 59' lang='lat' dir='ltr'><strong>Poeta</strong></span> <span class='ocrx_word' id='word_1_233' title='bbox 412 2724 527 2753; x_wconf 76' lang='lat' dir='ltr'><strong>tamen</strong></span> <span class='ocrx_word' id='word_1_234' title='bbox 542 2722 590 2754; x_wconf 82' lang='lat' dir='ltr'><strong>sic</strong></span> <span class='ocrx_word' id='word_1_235' title='bbox 605 2723 686 2755; x_wconf 75' lang='lat' dir='ltr'><strong>satis</strong></span> <span class='ocrx_word' id='word_1_236' title='bbox 708 2723 890 2765; x_wconf 83' lang='lat' dir='ltr'><strong>aliquando</strong></span> 
     </span>
    </p>
   </div>
  </div>
 </body>
</html>
