1800 3060
226 172 313 216 322

729 186 771 217 P.
805 185 998 218 PAP1N11
1021 185 1195 238 §STA'rn

230 279 482 334 Praenatet3
514 285 561 323 et
579 281 742 324 subitis
763 283 840 337 qui
862 282 1054 338 perdidit
1073 283 1250 337 inguina
1268 284 1479 326 monstris

230 348 450 400 Glaucus,
473 350 812 411 adhuffluoties
833 352 993 405 patriis
1013 352 1224 394 allabitur
1245 353 1335 395 oris

228 420 472 462 Littoream
493 418 661 461 blanda
681 418 841 461 feriens
861 418 1130 462 Anthedona
1150 421 1309 463 cauda.

227 488 299 530 Tu
321 493 469 530 tamen
487 491 588 530 ante
610 500 781 538 omnes,
800 487 921 529 Diva
941 501 1042 529 cum
1062 493 1199 530 matre
1219 488 1466 541 Palaemon,

225 556 400 607 Annue,
421 556 462 598 si
481 560 655 597 vestras
675 568 800 597 amor
816 562 883 597 est
903 554 1008 596 mihi
1029 555 1224 610 pandere
1245 557 1440 608 Thebas,
1625 560 1682 601 40

227 624 330 666 Nec
351 637 463 666 cano
483 623 683 677 degeneri
703 624 957 666 Phoebeum
976 622 1231 678 Amphiona
1251 624 1437 679 plectro.

227 693 286 735 Et
304 697 444 746 pater,
466 692 619 734 AEolio
635 692 795 747 frangit
813 692 889 747 qui
909 704 1085 734 carcere
1101 697 1274 740 ventos,

228 760 313 802 Cui
334 761 445 803 varii
464 760 614 812 flatus,
634 761 863 815 omnisque
884 773 965 814 per
984 772 1166 814 aequora
1187 760 1316 814 ponti

225 828 437 883 Spiritus,
459 831 592 882 atque
610 827 790 882 hyemes
810 828 1101 882 nimbosaque
1120 828 1274 886 nubila
1294 834 1467 882 parent,

226 896 409 940 Arctius
429 896 608 952 objecto
628 896 821 946 Borean,
842 895 1110 950 Eurumque,
1133 895 1388 951 Notumque
1627 901 1687 941 45

226 1021 300 1049 ante
324 1029 446 1060 navem,
472 1023 503 1052 et
524 1020 619 1052 etiam
642 1019 794 1059 Glaucus,
818 1018 907 1058 cnjus
931 1021 1081 1050 extremoe
1107 1019 1244 1060 corporis
1276 1022 1382 1060 partes
1402 1018 1507 1051 subito
1528 1020 1563 1052 in
1585 1019 1687 1061 pisces

225 1064 354 1093 mutata>
359 1063 508 1104 suerunt,
523 1064 619 1104 etqui
630 1063 767 1104 percutit
779 1062 879 1094 adhuc
893 1062 1004 1094 blanda
1019 1064 1116 1094 cauda
1132 1063 1216 1104 ripas
1231 1061 1440 1100 Anthedona-1,
1464 1063 1583 1103 quoties
1601 1063 1685 1095 venit

226 1105 267 1135 ad
278 1105 403 1145 patrias
425 1107 548 1146 plagas.
592 1106 657 1138 Sed
671 1110 718 1142 tu,
735 1113 798 1146 proe
812 1105 897 1143 aliis,
914 1105 1081 1142 Paloemon,
1097 1106 1188 1144 save,
1213 1115 1281 1136 cum
1305 1105 1378 1137 dita
1397 1105 1552 1145 genitrice
1566 1109 1635 1146 tua,
1658 1106 1686 1137 si

223 1147 304 1179 mihi
317 1148 359 1179 sit
374 1149 511 1181 studium
526 1150 717 1181 memorandi
732 1151 853 1180 vestras
870 1147 1001 1186 Thebas,
1022 1158 1078 1180 nec
1093 1147 1210 1179 celebro
1225 1147 1354 1188 indigno
1368 1148 1504 1180 camnine
1520 1148 1685 1180 Phoebeum

226 1189 415 1232 Amphiona.
463 1193 508 1224 Et
531 1195 634 1233 pater,
659 1192 713 1233 qui
730 1191 871 1223 retundit
895 1194 1003 1223 ventos
1027 1192 1131 1222 AEolio
1152 1193 1298 1231 claustro,
1321 1192 1371 1222 cui
1392 1191 1507 1224 diversi
1530 1192 1684 1230 turbines,

225 1243 329 1266 omnes
351 1235 469 1267 halitus
483 1236 591 1277 maris,
605 1245 642 1267 ac
653 1236 810 1276 procellae,
825 1237 856 1266 et
867 1234 1016 1276 pluriosoe
1032 1234 1124 1266 nubes
1137 1234 1359 1276 obtemperant,
1372 1234 1511 1266 coerceat
1523 1237 1686 1275 angustius

836 1321 934 1336 W
935 1322 1072 1335 OOOOOO

226 1376 336 1409 Basil.
365 1379 429 1409 διο.
474 1378 673 1410 Lectionem
702 1382 854 1410 nostram
880 1378 978 1411 dedit
1008 1378 1302 1411 Gronovius—40
1325 1377 1423 1409 Unus
1452 1375 1582 1409 codex:
1605 1378 1685 1410 mihi

223 1430 363 1461 pangere
378 1420 507 1453 Thebas.
550 1421 619 1453 Sed
636 1422 713 1453 vide
729 1422 882 1454 Gronov,
894 1422 928 1453 in
945 1422 1048 1453 obss.
1067 1431 1116 1453 ιν.
1130 1423 1268 1453 12.-43
1294 1420 1380 1452 Edd.
1392 1425 1477 1452 vett.
1491 1429 1547 1460 per
1560 1429 1686 1461 aequora

225 1464 347 1495 mundi.

393 1464 439 1496 N.
460 1463 624 1496 Heinsius
637 1465 680 1496 ad
697 1465 774 1498 Val.
790 1466 885 1497 Flac.
906 1474 932 1497 1.
953 1467 1027 1497 501.
1044 1474 1107 1506 pro
1120 1463 1230 1496 mundi
1245 1463 1328 1504 legit
1340 1463 1529 1504 μοναὶ-44
1545 1463 1686 1494 Venett.

225 1505 343 1538 Parm.
360 1506 459 1539 Rom.
474 1506 571 1539 Brix.
587 1508 727 1542 Vicent.
743 1508 848 1540 Aldd.
870 1510 936 1542 &c.
963 1518 1001 1540 ac
1015 1508 1149 1550 hyemes.
1194 1506 1347 1539 Mutavit
1363 1505 1684 1538 Marklandus.-46

886 1590 1029 1623 NOTAE

225 1659 262 1689 et
291 1655 416 1698 piscis:
442 1656 610 1697 superiori
641 1661 740 1698 parte
770 1656 927 1690 homines

223 1711 333 1748 erant,
350 1705 505 1738 inferiori
523 1706 646 1748 pisces.

266 1760 310 1790 36
334 1758 378 1789 Et
406 1756 521 1789 subitis
547 1758 600 1799 qui
627 1758 768 1799 perdidit
796 1758 928 1799 inguina

222 1809 370 1841 monstris
404 1808 557 1850 Glaucus]
591 1809 744 1842 Glaucus
773 1810 928 1851 piscator

221 1858 474 1900 Anthedonius,
490 1869 566 1892 cum
591 1870 634 1892 ex
659 1861 765 1893 herba
781 1861 927 1904 quadam

223 1915 410 1952 gustasset,
426 1910 459 1942 in
476 1921 569 1943 mare
586 1921 622 1943 se
639 1911 803 1954 conjecit,
817 1917 852 1944 et
869 1913 927 1943 mi-

223 1962 409 1994 sericordia
422 1963 577 1994 Deorum
594 1962 818 2001 marinorum,
832 1963 926 1994 Deus

223 2016 260 2044 et
276 2012 350 2053 ipse
371 2012 522 2044 marinus
545 2011 659 2044 factus
676 2016 741 2044 est.
783 2013 926 2045 Dicitur

220 2062 414 2104 perdidisse
442 2063 582 2104 inguina
606 2063 729 2095 subitis
754 2064 927 2103 monstris,

221 2114 303 2156 quia
317 2114 483 2155 posterior
490 2114 642 2156 corporis
654 2124 749 2156 pars,
761 2115 804 2146 ab
818 2115 926 2155 ingui-

221 2164 319 2196 nibus
335 2169 371 2197 et
385 2164 487 2204 infra,
502 2165 536 2196 in
553 2165 698 2197 caudam
723 2165 829 2206 piscis
846 2175 925 2197 con-

221 2226 321 2248 versa
336 2222 400 2248 est.
445 2216 536 2248 Vide
551 2215 660 2248 Theb.
675 2224 743 2247 vn.
759 2218 834 2247 335.

264 2270 306 2299 37
331 2268 456 2300 Patr-iis
483 2266 562 2308 oris]
598 2266 640 2298 ld
671 2270 738 2306 est,
766 2266 923 2299 Boeotiae.

218 2317 309 2349 Nam
326 2317 477 2350 Glaucus
492 2322 569 2350 erat
580 2318 725 2349 Boeotus
738 2326 779 2348 ex
793 2315 924 2348 Anthe-

219 2366 309 2399 done
325 2368 411 2400 urbe
426 2368 581 2400 Boeotiae.

263 2420 306 2449 38
336 2418 463 2450 Blanda
490 2418 678 2450 Anthedona
704 2417 818 2458 cauda]
853 2416 921 2449 An—

219 2467 346 2500 thedon
367 2468 448 2499 urbs
474 2468 632 2500 Boeotiae.
675 2467 819 2508 Blanda]
834 2468 924 2501 Quia

217 2518 330 2560 patria
344 2519 469 2560 cuique
480 2519 667 2551 carissima.
694 2518 818 2559 Gauda]
833 2519 924 2552 Quia

219 2569 318 2600 Deus
329 2569 479 2600 marinus
496 2569 652 2601 Glaucus
667 2574 704 2600 et
720 2569 777 2601 Dii
802 2569 925 2601 marini

216 2619 395 2652 habebant
411 2618 537 2651 caudas
550 2619 712 2651 Piscium.

261 2674 304 2702 39
328 2671 416 2702 Diva
425 2680 494 2702 cum
503 2670 618 2710 matre]
642 2670 924 2709 Leucothea,seu

217 2722 334 2754 Matre
344 2722 495 2762 Matuta,
509 2730 583 2762 quae
598 2724 634 2752 et
649 2720 725 2759 Ino,
740 2721 819 2752 dum
833 2721 925 2753 inter

219 2773 371 2806 homiues
388 2776 475 2805 erat.
522 2772 697 2813 Paloemon]
719 2771 785 2805 Qui
799 2776 834 2803 et
848 2772 922 2803 Me-

982 1658 1104 1690 licerta
1134 1657 1225 1690 inter
1254 1657 1358 1689 Deos.
1401 1656 1491 1688 Vide
1519 1655 1626 1688 Theb.
1656 1665 1682 1687 ι.

983 1711 1036 1741 14.

1024 1762 1067 1792 40
1089 1759 1126 1791 Si
1141 1762 1260 1791 vestras
1275 1768 1364 1790 amor
1385 1761 1432 1790 est
1452 1757 1531 1789 mihi
1548 1759 1685 1799 pandere

985 1810 1119 1851 Thebas]
1148 1809 1190 1841 ld
1221 1815 1286 1846 est,
1314 1808 1342 1840 si
1372 1808 1510 1841 celebro
1534 1809 1684 1841 carmine

982 1861 1092 1902 Epico
1103 1870 1162 1892 seu
1171 1859 1347 1892 Thebaide
1357 1864 1506 1891 vestram
1518 1859 1683 1900 patriam3

980 1911 1135 1944 Thebani
1151 1911 1240 1942 enim
1257 1911 1334 1950 Ino,
1348 1914 1384 1942 et
1399 1910 1588 1942 Palaemon.

1022 1966 1063 1995 41
1087 1961 1280 2003 Amphiona]
1315 1961 1404 1993 Vide
1433 1961 1541 1993 Theb.
1571 1969 1598 1993 1.
1629 1963 1683 1993 10.

981 2013 1164 2055 Phoebeum]
1193 2013 1284 2047 Quia
1312 2012 1486 2054 Amphion
1515 2011 1683 2044 citharam

979 2065 1109 2107 optime
1122 2063 1280 2106 pulsabat
1292 2074 1301 2095 ε
1325 2063 1476 2096 Phoebus
1487 2067 1603 2095 autem
1614 2072 1686 2094 mu-

978 2116 1059 2148 sieae
1077 2119 1214 2158 praeest·

1023 2169 1066 2198 42
1093 2167 1135 2198 Et
1146 2165 1253 2208 pater]
1277 2164 1394 2197 AEolns
1409 2169 1475 2205 est,
1486 2173 1548 2196 rex
1563 2167 1685 2196 vento·

981 2218 1137 2259 rum,qui
1163 2217 1242 2248 ideo
1268 2226 1328 2248 rex
1349 2220 1530 2248 ventorum
1557 2214 1684 2254 dictus,

979 2267 1069 2310 quod
1095 2268 1222 2309 primus
1237 2266 1320 2298 velis
1345 2275 1426 2298 usus
1441 2265 1500 2306 sit,
1515 2264 1568 2296 vel
1590 2265 1681 2306 qnod

978 2318 1101 2350 incolae
1118 2317 1320 2359 Strongyles
1333 2316 1464 2356 insulae,
1477 2325 1553 2357 quae
1563 2314 1682 2348 domus

978 2370 1065 2402 AEoli
1092 2369 1234 2408 dicitnr,
1255 2377 1297 2399 ex
1327 2367 1400 2408 ejus
1427 2365 1520 2397 fumo
1546 2365 1683 2407 potissi-

977 2429 1068 2451 mum
1086 2418 1360 2460 pra-sentiscunt,
1375 2415 1512 2458 quinam
1532 2414 1632 2447 flatus
1647 2414 1680 2446 in

977 2469 1091 2501 triduo
1106 2468 1379 2510 portendantur:
1405 2475 1471 2508 qno
1485 2464 1627 2504 factum,
1642 2471 1682 2497 ut

977 2518 1093 2550 AEolns
1117 2527 1178 2550 rex
1203 2521 1381 2549 ventorum
1409 2515 1623 2557 crederetur,
1643 2519 1682 2547 ut

978 2569 1027 2601 ait
1062 2568 1198 2600 Solinus
1225 2577 1303 2608 cap.
1336 2570 1390 2599 12.
1435 2565 1524 2598 Vide
1555 2566 1681 2607 virgil.

979 2618 1112 2652 AEneid.
1130 2628 1155 2651 1.
1171 2618 1216 2650 de
1236 2617 1334 2650 AEolo
1355 2617 1495 2659 ejusque
1516 2617 1682 2657 claustro,

979 2679 1019 2702 ae
1036 2669 1224 2702 Homerum
1237 2669 1272 2700 in
1286 2667 1458 2709 Odyssea.

1021 2723 1061 2752 45
1093 2720 1233 2759 Borean,
1264 2719 1457 2759 Eurumque,
1488 2715 1682 2759 Notumque]

978 2771 1024 2803 Hi
1041 2771 1130 2803 enirn
1147 2779 1262 2802 omnes
1277 2769 1368 2801 venti
1392 2772 1619 2811 tempestates
1640 2777 1680 2800 nc

1790 2244 1800 2278 -ιι
1786 2088 1800 2225 -κᾈ.Μ-·.
1785 1829 1800 2070 *Aua—*enan
1794 1794 1800 1808 -
1795 1771 1800 1782 ..
1797 1754 1800 1760 .
1797 1733 1800 1740 .
1795 1675 1800 1687 Α
