1800 3060
204 174 294 217 340

481 353 554 384 ΙΙΙ.

699 181 741 211 Ρ.
773 178 964 210 ΡΑΡῙΝΙΙ
999 176 1164 209 STATH

617 350 873 383 LAGRYMAE
905 349 1115 381 CLAUDII
1149 342 1394 381 ETRUSGJ.†

247 429 417 465 Hetrusci
433 430 598 473 pietatem
615 429 783 471 ceiebrat,
797 427 855 471 qui
873 431 1006 470 patrem
1022 430 1193 459 mortuum
1209 428 1299 460 veris
1314 427 1474 470 lacrymis
1490 426 1643 460 deflevit.

210 514 396 556 SUMMA
419 513 569 554 Deum
589 510 761 560 Pietas,
783 507 914 563 cujus
934 508 1187 561 gratissima
1207 508 1326 550 coelo

211 581 336 624 Rara
354 580 613 635 profanatas
635 579 884 633 inspectant
902 577 1084 619 numina
1104 581 1257 627 terras,

211 649 318 692 Huc
340 649 498 690 vittata
518 660 709 697 comam,
732 647 953 700 niveoque
973 645 1157 698 insignis
1177 646 1357 694 amictu,

212 715 375 767 Qualis
398 715 543 757 adhuc
564 727 781 768 praesenS,
802 713 1017 767 nullaque
1039 712 1230 767 expulsa
1247 716 1482 754 nocentum

210 783 397 834 Fraude,
417 783 547 824 rudes
569 782 763 836 populos
786 785 913 835 atque
934 793 1069 822 aurea
1090 793 1223 834 regna
1246 780 1445 830 colebas,
1647 781 1677 822 5

211 853 403 895 Mitibus
422 850 628 905 exequiis
650 849 785 902 ades3
816 853 862 890 et
876 848 1066 902 lugentis
1088 846 1267 889 Etrusci
1662 854 1666 856 ·

255 973 409 1014 Suprema
423 972 537 1005 Pietas
552 972 707 1011 Deorum,
734 970 824 1010 cujus
846 969 1066 1009 gratissimum
1079 979 1194 1001 numen
1207 979 1280 1000 raro
1301 969 1528 1010 contemplatur
1547 969 1586 1001 de
1601 969 1676 1000 coelo

209 1018 374 1048 sceleratas
388 1021 500 1055 terras,
515 1016 573 1047 hm:
597 1015 669 1046 veni
683 1015 794 1055 capillo
816 1012 908 1044 vittis
922 1016 1044 1052 ornato,
1066 1017 1095 1043 et
1117 1013 1279 1053 conspicua
1302 1011 1435 1043 candida
1458 1015 1554 1052 vente,
1574 1012 1677 1053 qualis

210 1068 280 1090 erus
304 1070 396 1091 aureo
409 1060 534 1098 soeculo,
557 1069 624 1090 cum
646 1059 784 1089 nondum
800 1057 925 1095 fugata
945 1057 1096 1087 malm-um
1109 1055 1267 1097 flagitiis,
1289 1054 1451 1086 habitabas
1471 1055 1571 1086 adhuc
1591 1054 1677 1085 inter

209 1102 364 1144 simplices
375 1104 516 1145 populos,
530 1105 565 1134 ut
578 1101 663 1134 adsis
676 1101 748 1132 huic
759 1100 882 1141 placido
890 1098 1015 1140 funeri,
1030 1101 1062 1130 et
1076 1098 1145 1130 vide
1157 1099 1228 1139 pias
1242 1098 1518 1141 loerymflemis
1537 1097 1676 1138 Etrusci,

826 1194 905 1207 ”OC
909 1194 1068 1207 “0000“

253 1251 366 1284 Notat
382 1251 576 1284 Gronovius
591 1252 626 1283 in
642 1250 746 1283 codd.
771 1250 886 1283 Rhod.
903 1255 940 1283 et
954 1250 1080 1282 Salisb.
1095 1249 1230 1281 titulum
1247 1249 1344 1290 hujus
1360 1249 1497 1290 Eclogae
1512 1249 1648 1289 concipi
1666 1260 1675 1280 :

215 1296 395 1327 Consolatio
411 1296 452 1326 od
470 1295 637 1326 Claudium
663 1295 850 1326 Etruscum:
875 1299 911 1325 et
937 1295 986 1325 ita
1012 1294 1127 1324 Parm.
1161 1293 1251 1324 Vide
1267 1291 1377 1324 Praef.
1410 1292 1594 1333 Lachrymae
1609 1292 1679 1323 He·

211 1338 311 1369 trasei
328 1338 404 1369 edd.
422 1342 508 1369 vett.
529 1341 538 1355 ⁶
552 1338 748 1378 Utcumque
765 1338 811 1368 sit
826 1340 922 1368 certe
939 1346 1004 1368 vox
1021 1335 1147 1367 Claudii
1161 1336 1320 1367 addenda
1333 1339 1386 1366 est
1401 1335 1502 1366 titulo
1517 1335 1656 1375 Eclogae
1669 1345 1678 1367 t

213 1386 250 1412 et
275 1381 326 1412 ita
342 1380 460 1412 edidi:
484 1380 641 1411 Locrimoe
666 1380 793 1412 Claudii
814 1379 965 1412 Etrusci)
989 1379 1180 1411 Markl.—-3
1206 1379 1299 1410 Nunc
1313 1379 1429 1409 vittata
1443 1387 1545 1409 comos
1559 1377 1678 1409 Parin.

213 1424 308 1455 Nunc
331 1424 447 1456 vittata
472 1433 558 1455 coma
580 1424 676 1454 Rom.
699 1428 736 1454 et
763 1427 832 1455 vet.
861 1422 1130 1461 Lindenbrogii3
1153 1420 1227 1453 Huc
1252 1422 1369 1452 vittata
1392 1430 1511 1452 comam
1533 1420 1678 1452 Venett.

212 1466 319 1498 Aldd.
337 1467 447 1499 Colin.
464 1466 598 1508 Gryph.
615 1466 721 1498 Basil,
737 1467 867 1497 ὄζω-4
892 1465 958 1497 Ed.
974 1469 1045 1497 vet.
1064 1463 1308 1505 Lindenbrogii
1333 1467 1370 1495 et
1391 1464 1489 1495 Rom.
1509 1466 1679 1495 nocentem.

213 1513 278 1541 -6
300 1509 454 1542 Hetrusca·
475 1509 510 1541 in
527 1509 608 1541 edd.
625 1512 802 1541 vem—15
822 1509 966 1541 Venett.
982 1511 1012 1541 1.
1029 1511 1061 1540 2.
1074 1511 1105 1540 3.
1119 1510 1151 1540 4¹.
1173 1507 1290 1539 Parm.
1307 1507 1405 1539 Rom.
1421 1506 1520 1539 Brix.
1536 1506 1678 1538 Vicent.

877 1593 1022 1626 NOTAE

260 1667 275 1697 †
298 1661 463 1703 Lacrymoe
477 1659 619 1701 Etrusci]
635 1659 713 1692 Bini
728 1660 848 1701 scripti
861 1660 921 1691 ha-

214 1712 322 1745 bent:
349 1712 527 1744 Consolatio
543 1713 584 1743 ad
605 1711 770 1743 Claudium
784 1711 923 1743 Hetrus-

214 1774 295 1797 cum.

260 1818 277 1846 1
303 1814 434 1846 Summa
446 1815 550 1846 Deum
566 1811 695 1852 Plelo-9]
711 1812 830 1844 Pietas
846 1821 924 1853 pro—

216 1865 292 1908 prie
308 1865 509 1907 obsequium
522 1865 555 1896 in
573 1868 738 1905 parentes
754 1867 791 1895 et
806 1863 924 1894 horum

216 1915 368 1947 vicissim
393 1916 427 1947 in
451 1915 577 1946 liberos
600 1914 740 1954 caritas,
755 1922 926 1955 omneque

217 1965 379 2005 officium,
395 1965 487 2007 quod
500 1964 674 2005 sanguinis
689 1964 926 2006 propinquitas

217 2017 340 2058 exigit.
384 2017 486 2049 Hanc
512 2017 625 2048 Deam
651 2025 725 2048 esse
752 2015 927 2048 finxerunt

219 2074 369 2111 veteres,
396 2070 583 2112 primisque
608 2069 743 2101 saeculis
767 2069 802 2100 in
827 2069 926 2101 terris

219 2131 296 2154 esse
325 2125 506 2160 moratam,
538 2120 744 2162 tandemque
771 2118 926 2160 fugatam

219 2172 402 2214 impietate
421 2171 608 2208 bominum,
628 2171 663 2202 in
679 2171 803 2203 coelum
819 2179 856 2201 se
873 2180 925 2202 re-

221 2224 369 2263 cepisse.
416 2222 516 2253 Hanc
533 2231 610 2253 cnm
624 2221 770 2255 Justitia
783 2219 928 2252 confun-

221 2273 305 2305 dere
331 2272 469 2304 videtur
495 2272 666 2313 Theognis
694 2272 760 2303 hoc
779 2271 927 2303 disticho

221 2334 348 2356 aureo:
374 2321 474 2355 Οὐδὲν
498 2323 532 2354 ἐν
550 2322 716 2363 ἀνθρώποις
739 2321 855 2364 πατρὸς
875 2320 931 2353 καὶ

222 2375 337 2416 μητρὸς
353 2373 625 2416 ἄμεινον,Ἔπλεθ’
641 2373 726 2406 ὅσοις
734 2372 835 2414 ὁσίης,
850 2372 928 2414 Κύρ-

223 2438 269 2464 νε,
289 2424 409 2465 μέμηλε
424 2426 532 2463 Δικῆς.
576 2425 668 2456 Inter
682 2425 828 2456 mortales
848 2423 929 2455 nihil

223 2478 335 2509 melius
349 2479 395 2508 est
409 2480 501 2516 patre
515 2487 552 2508 ac
566 2479 678 2518 matre,
692 2475 742 2507 his
756 2474 866 2516 quibus
879 2484 931 2507 cu-

225 2537 263 2558 ra
276 2530 321 2559 est
332 2530 449 2557 sanctae
461 2527 619 2559 Justitiae.

271 2577 464 2608 Gratissima
492 2579 565 2608 coelo
584 2576 729 2617 numina]
750 2577 798 2608 Ea
825 2575 931 2616 enim,

227 2627 377 2659 docente
399 2626 566 2658 Hesiodo.
611 2626 713 2664 Κυδνή
733 2627 762 2657 τ’
785 2626 883 2664 αἰδοίη
896 2638 933 2658 τε

228 2679 307 2709 θεοῖς
316 2675 347 2708 οἳ
353 2676 516 2716 Ὄλυμπον
531 2674 649 2715 ἔχουσι.
685 2677 868 2709 Veneranda
881 2687 933 2709 ca-

226 2738 324 2768 roque
340 2728 428 2765 Diis,
440 2727 493 2769 qui
511 2727 677 2769 Olympum
691 2728 846 2759 habitant.

1019 1662 1040 1692 2
1066 1659 1170 1700 Raro]
1199 1659 1271 1691 Pro
1298 1668 1384 1692 raro.
1428 1658 1488 1691 Sic
1511 1657 1659 1701 Virgilio
1671 1671 1682 1692 τ

977 1712 987 1729 ‘
998 1711 1124 1744 AEneas
1140 1721 1176 1743 se
1192 1710 1378 1743 matutinus
1393 1709 1542 1752 ageba&
1562 1711 1599 1743 id
1614 1716 1682 1751 est,

978 1772 1090 1794 mane.
1135 1763 1182 1794 Et
1197 1762 1261 1793 hoc
1277 1762 1375 1802 dicit,
1392 1762 1473 1804 quia
1487 1771 1566 1795 raro
1580 1761 1682 1795 liberi

980 1813 1068 1855 grati
1084 1813 1118 1844 in
1135 1818 1296 1854 parentes
1311 1813 1541 1846 inveniuntur.

1021 1867 1041 1896 3
1067 1863 1141 1895 Huc
1154 1864 1271 1895 vittata
1280 1873 1408 1902 comam,
1422 1863 1569 1904 niveoque
1581 1863 1684 1903 insig-

978 1915 1027 1946 nis
1051 1914 1183 1954 amictu]
1204 1914 1283 1946 Non
1297 1914 1352 1946 hic
1367 1913 1600 1946 conciliandus
1614 1913 1683 1945 Pa-

981 1967 1092 2008 pinius
1108 1976 1183 1998 cum
1198 1975 1235 1998 se
1251 1966 1338 2007 ipso,
1362 1964 1454 2007 quod
1470 1964 1627 2006 pluribus
1647 1964 1683 1996 in

979 2018 1064 2049 locis
1086 2016 1179 2048 dicat
1203 2016 1377 2058 depositas
1399 2015 1434 2047 in
1455 2015 1550 2048 luctu
1565 2014 1684 2055 vittas,

980 2067 1202 2108 indutamqne
1218 2066 1344 2108 pullam
1359 2070 1504 2098 vestem.
1538 2064 1617 2097 Nec
1630 2064 1686 2096 hic

980 2118 1200 2160 quaerendum
1221 2127 1263 2149 an
1285 2116 1435 2150 foeminae
1450 2117 1485 2149 in
1500 2117 1595 2149 luctu
1611 2125 1688 2148 ves-

981 2175 1051 2202 tem
1081 2169 1225 2210 nigram:
1247 2173 1308 2201 aut
1329 2169 1439 2201 albam
1461 2168 1686 2210 gestaverint.

981 2221 1060 2253 Hoc
1085 2222 1174 2252 enim
1189 2221 1272 2253 nihil
1288 2220 1373 2253 facit
1388 2220 1430 2252 ad
1458 2220 1685 2262 propositum.

983 2271 1073 2305 Quia
1088 2271 1200 2304 Poeta
1221 2282 1287 2303 non
1302 2271 1423 2303 habuit
1437 2271 1493 2303 hic
1514 2270 1629 2302 oculos
1643 2269 1686 2301 ad

982 2323 1124 2364 luctum,
1146 2328 1185 2354 nt
1211 2323 1339 2364 optime
1362 2322 1524 2354 observat
1537 2321 1686 2353 Bernar-

983 2373 1050 2404 tius
1069 2372 1114 2404 ad
1133 2373 1224 2404 hunc
1241 2373 1364 2413 locum,
1378 2371 1438 2403 sed
1451 2371 1495 2403 ad
1511 2371 1686 2403 solennem

982 2424 1067 2455 Deae
1090 2424 1233 2460 cultum,
1258 2433 1358 2466 quam
1381 2432 1447 2454 non
1472 2425 1541 2454 tam
1562 2420 1687 2452 invitat

984 2474 1026 2506 ad
1040 2473 1154 2516 funus,
1169 2485 1268 2516 quam
1281 2473 1323 2506 ad
1334 2473 1555 2515 spectandam
1569 2472 1688 2503 Etrus-

984 2524 1017 2556 ci
1031 2525 1209 2565 pietatem,
1225 2534 1301 2566 quae
1312 2524 1383 2555 sola
1397 2523 1431 2554 in
1448 2527 1573 2555 terram
1589 2530 1687 2553 revo-

983 2582 1065 2605 care
1082 2574 1173 2605 illam
1189 2578 1326 2615 potest:
1343 2572 1421 2604 ideo
1436 2572 1545 2604 Deam
1559 2571 1634 2603 vult
1644 2580 1686 2602 eo

986 2623 1240 2661 cultrvvenire,
1259 2632 1326 2665 quo
1351 2631 1456 2655 aureo
1486 2622 1614 2655 saeculo
1636 2622 1687 2653 uti

986 2674 1130 2717 solebat,
1137 2678 1181 2706 *ut
1193 2674 1247 2705 bic
1262 2673 1400 2705 dicitur.
