1800 3060
234 235 325 279 246

742 248 782 278 P.
813 246 1005 278 PA1‘1N11
1036 247 1227 279 STATn*

240 344 516 395 Nobiscum3
548 347 593 385 et
611 348 748 396 gratae
769 347 1023 398 carpentem
1044 356 1226 386 munera
1246 357 1426 396 mensae,
1662 349 1692 390 5

241 411 553 466 Errantemque
574 411 682 453 toris
701 411 861 452 mediae
880 411 982 465 plus
1004 416 1203 464 tempore
1223 413 1367 455 noctis

240 479 449 533 Vidimus
466 493 476 520 :
508 477 666 520 affatus
687 478 816 519 etiam
834 478 1134 532 meditataque
1153 479 1289 521 verba
1362 485 1364 487 ’

238 543 544 590 Reddideras:
576 551 624 588 at
643 560 760 588 nunc
779 551 940 587 aeterna
956 546 1135 588 silentia
1157 547 1320 590 Lethes

239 617 322 660 Ille
342 629 532 658 canorus
552 615 691 656 habes
709 627 719 654 :
751 615 881 656 cedat
901 614 1199 657 Phaethontia
1219 616 1339 670 vulgi

241 683 414 726 Fabula
430 697 441 734 ;
471 695 552 723 nec
573 682 658 724 soli
676 683 901 724 celebrant
922 695 1003 723 sua
1021 682 1173 724 funera
1187 684 1329 738 cycni.

1634 687 1689 730 10

238 752 303 794 At
322 751 404 793 tibi
421 755 585 804 quanta
606 750 764 791 domus
785 750 920 791 rutila
941 750 1154 791 testudine
1174 752 1356 805 fulgens,

239 820 560 873 Connexusque
580 819 702 860 ebori
721 819 937 871 virgarum
958 823 1188 871 argenteus
1205 819 1329 871 ordo,

236 887 542 941 Argutumque
562 891 638 928 tuo
655 886 886 928 stridentia
902 886 1053 928 limina
1071 886 1237 928 cornu?

235 955 304 996 En
325 955 521 1010 querulae
534 954 630 1009 jam
650 959 811 1008 sponte
831 954 946 996 fores
964 954 973 996 Ξ
1002 958 1131 997 vacat
1150 954 1226 996 ille
1246 955 1402 998 beatus

158 2132 162 2135 ’
218 2126 380 2166 ῐίῑὴεείιιι,
391 2125 482 2157 inter
491 2124 639 2156 ‘silentia
648 2124 795 2164 Lethes‚'
804 2130 839 2156 et
849 2124 923 2156 ‘ille

234 1077 390 1109 nobiscum
405 1077 562 1109 hesternos
574 1075 655 1108 cibos
668 1075 849 1114 moriturus,
864 1078 894 1107 et
908 1075 1042 1107 vidimus
1057 1078 1087 1107 te
1101 1076 1295 1116 coiligentem
1306 1078 1388 1110 ‘dona
1399 1081 1504 1118 gratoe
1515 1088 1639 1120 mensoe,
1653 1082 1686 1110 et

235 1123 401 1158 vagantem
422 1129 478 1160 per
503 1120 597 1150 lectos
616 1121 686 1159 plus
699 1119 829 1150 dimidio
845 1119 943 1149 noctis
954 1130 964 1150 .·
987 1119 1167 1151 reddideras
1181 1121 1275 1151 etiam
1290 1130 1452 1159 sermones,
1467 1125 1496 1152 et
1511 1122 1602 1153 rerba
1617 1131 1685 1162 quoe

234 1159 399 1194 didiceras.
443 1163 490 1194 At
504 1172 583 1193 nunc
598 1165 633 1193 tu
653 1165 718 1192 tam
731 1162 880 1200 garrulus
893 1171 998 1192 sernas
1012 1165 1160 1193 oeternum
1174 1163 1335 1194 silentium
1348 1164 1382 1195 in
1398 1164 1522 1203 Inferis.
1565 1164 1687 1196 Fabula

237 1205 446 1236 Phaethontia
461 1206 535 1236 adeo
549 1207 710 1236 decantata
724 1205 814 1235 sileat
828 1214 840 1240 ,·
862 1205 920 1235 soli
944 1205 1042 1236 olores
1064 1215 1125 1236 non
1149 1209 1264 1237 canunt
1278 1215 1364 1237 snum
1379 1211 1517 1239 mortem.
1558 1207 1605 1239 At
1619 1216 1686 1247 φησι

234 1252 303 1279 erat
319 1251 372 1279 tua
387 1258 480 1279 cavea
496 1248 655 1288 splendens
670 1247 766 1278 rutila
782 1247 947 1287 testudine,
970 1247 1055 1286 cujus
1079 1247 1240 1287 virgarum
1265 1252 1484 1289 argenteorum
1509 1252 1583 1282 ordo
1598 1250 1686 1282 ebore

234 1291 487 1322 connectebatur:
509 1290 596 1329 cnjus
609 1291 717 1321 limina
732 1289 913 1321 resonabant
927 1293 1038 1329 argute
1053 1293 1106 1321 tuo
1119 1294 1219 1322 rostro
1229 1289 1246 1323 :1
1268 1301 1350 1323 nunc
1356 1291 1446 1330 fores
1459 1294 1542 1324 ultro
1555 1302 1686 1334 quemn-

234 1336 300 1374 tur,
320 1335 400 1375 quod
414 1334 558 1366 desolatae
573 1333 657 1364 sint.-
680 1334 759 1364 illud
775 1333 862 1371 felix
886 1333 1055 1364 claustrum
1080 1336 1180 1376 meat,
1196 1343 1250 1366 nec
1264 1335 1396 1376 amplius
1409 1336 1578 1368 audiuntur
1592 1336 1686 1367 mule-

843 1428 1081 1442 eeeeeeeeeeee

231 1494 362 1537 Gryph.
377 1495 510 1526 &c.·-—9
532 1493 696 1526 Heinsius
726 1494 768 1525 ad
791 1493 895 1526 Ovid.
921 1495 1064 1527 Heroid.
1091 1496 1202 1536 Epist.
1230 1505 1307 1529 xiv.
1330 1500 1383 1530 95.
1401 1506 1464 1538 pro
1478 1496 1571 1528 habes
1584 1506 1683 1539 repo-

231 1538 378 1570 nendum
412 1537 557 1577 putabat
584 1537 661 1568 obis.
714 1537 764 1569 At
793 1536 839 1568 cf.
868 1538 983 1569 Nostr.
1010 1539 1188 1580 Protrept.
1211 1539 1323 1581 Crisp.
1353 1543 1427 1572 136.
1452 1539 1557 1571 ovid.
1582 1540 1682 1573 Rem.

230 1581 348 1612 Amor.
369 1583 445 1611 629.
463 1584 498 1611 et
514 1579 674 1611 Genethl.
690 1580 819 1611 Lucan.
838 1583 1003 1612 111.——10
1027 1581 1141 1612 Parm.
1157 1592 1217 1613 non
1231 1584 1388 1614 soli.——14
1412 1583 1456 1614 Et
1467 1583 1603 1624 querula·
1613 1583 1685 1622 jum

230 1625 375 1655 Venett.
392 1625 423 1654 l.
439 1625 472 1653 2.
485 1625 517 1654 3.
531 1624 564 1654 4.
576 1623 691 1654 Parm.
706 1624 800 1654 Rom.
813 1623 908 1654 Brix.
923 1623 1060 1655 Vicent.
1073 1623 1177 1656 Aldd.
1193 1625 1304 1657 Colin.
1317 1625 1449 1666 Grypb.
1461 1628 1526 1657 &m
1547 1626 1557 1642 ‘
1570 1625 1683 1666 Opor-

231 1667 296 1698 tuit
312 1665 416 1697 scribi
432 1665 495 1696 hoc
507 1665 609 1696 modo
623 1676 632 1696 ι
662 1666 712 1696 En
727 1665 743 1698 !
765 1669 859 1696 muloe
874 1676 934 1697 non
949 1666 1151 1706 spontesores
1166 1667 1182 1699 Ι
1202 1671 1294 1699 ται-αι
1307 1668 1361 1700 ille
1373 1668 1491 1707 beatus,
1505 1669 1559 1708 ᾂσ.
1602 1668 1682 1702 Jam

229 1709 342 1741 omnia
359 1708 447 1740 belle
464 1707 650 1739 cohaerent.
693 1708 827 1739 Limina
842 1709 920 1739 olim
936 1714 994 1739 tuo
1011 1715 1120 1741 rostro
1136 1710 1343 1750 stridebant,
1360 1720 1450 1742 nnnc
1465 1714 1560 1742 mutoe
1581 1716 1685 1751 sunt3

228 1751 289 1784 sed
307 1761 368 1783 non
381 1754 489 1791 sponte
498 1756 526 1790 φ,
538 1751 659 1789 invito,
676 1754 711 1781 et
727 1751 820 1792 quasi
843 1751 908 1783 hoc
932 1751 1101 1783 silentium
1130 1752 1294 1785 dolentes.
1339 1753 1395 1785 Ita
1411 1753 1536 1785 Achiu.
1562 1762 1587 1785 1.
1603 1756 1680 1786 23⁶7.

220 1794 336 1827 Theb.
360 1803 443 1825 viu.
459 1796 533 1825 196.
558 1799 593 1824 et
609 1794 706 1833 Yirg.
718 1802 768 1824 xx.
785 1796 860 1825 827.
902 1794 983 1825 Tale
999 1795 1171 1836 quidpiam
1195 1805 1314 1827 sensus
1331 1796 1468 1828 videtur
1483 1796 1656 1837 requirere
1670 1807 1680 1828 ε

228 1838 288 1870 sed
300 1837 445 1870 multum
462 1836 560 1868 abest
575 1841 613 1868 ut
623 1834 786 1868 affirmem
802 1836 949 1868 Statium
973 1838 1025 1868 ita
1042 1838 1244 1879 scripsisse-¹
1267 1839 1388 1872 Mau-kl.
1431 1838 1550 1871 Edidit
1565 1843 1679 1879 tamen

882 1907 1023 1940 NOTAE

265 1978 286 2006 8
310 1975 443 2006 AEterna
470 1972 596 2004 silentia
624 1971 753 2013 Lethes]
789 1971 830 2004 Id
859 1975 925 2012 est,
978 1973 1141 2007 vaticinii.
1183 1974 1372 2007 Martialis:
1395 1974 1547 2008 ‘Dulcia
1562 1974 1678 2010 defec-

220 2025 319 2058 sedes
347 2024 475 2056 Lethes
501 2023 633 2055 tacitas.
677 2023 786 2054 Lethe
809 2027 924 2054 autem
980 2029 1016 2056 ta
1028 2025 1384 2059 modulaturcarmina
1399 2027 1515 2068 lingua
1529 2027 1678 2069 Cycnus,

220 2076 344 2109 fluvius
357 2074 572 2113 Inferorum3
595 2078 630 2105 et
642 2073 726 2105 facit
742 2073 853 2105 Poeta
865 2083 923 2104 an·
978 2080 1138 2107 cantator
1162 2075 1293 2108 funeris
1319 2077 1392 2117 ipse
1413 2075 1488 2108 sni!
1531 2076 1609 2109 Hoc
1625 2082 1676 2109 ta-

977 2134 1053 2157 men
1090 2125 1280 2158 fabulosum
1315 2127 1415 2159 multi
1445 2127 1602 2169 credunt,
1637 2133 1677 2160 ut

975 2176 1117 2209 Plinius.

1020 2231 1060 2260 12
1085 2230 1309 2271 conuentusque
1331 2229 1416 2261 ebori
1440 2229 1600 2269 virgarum
1623 2240 1675 2262 ar-

219 2180 389 2211 canorus.'
421 2175 526 2208 ovid.
542 2175 631 2207 Met.
649 2184 736 2206 xm.
762 2175 847 2207 ‘Ille
859 2175 923 2216 igi-

219 2235 276 2262 tur
307 2233 480 2260 tantorum
509 2225 632 2266 victor,
661 2224 809 2266 Achille,
841 2226 921 2258 Vic-

215 2284 270 2312 tus
299 2289 336 2311 es
357 2289 376 2310 a
403 2277 523 2310 timido
549 2276 664 2309 Graiae
687 2280 823 2319 raptore
851 2286 920 2309 ma-

214 2329 317 2362 ritae-³

258 2383 280 2412 9
303 2378 516 2411 Phaethontia
528 2378 619 2418 vulgi
634 2378 775 2415 Fabiam
797 2380 919 2411 necsoli

213 2430 369 2465 celebrant
383 2440 440 2461 sna
458 2429 578 2468 funera
591 2428 695 2470 cycni]
718 2428 839 2461 Poetae
867 2429 916 2462 fa-

213 2482 378 2516 bulantur
414 2481 567 2521 Cycnum
611 2489 729 2520 regem
766 2480 916 2522 Liguriae

211 2533 316 2566 fuisse
331 2530 467 2565 affinem
483 2531 723 2571 Phaethontis,
737 2540 777 2563 ac
799 2532 916 2565 audito

213 2586 286 2626 ejus
301 2592 395 2623 casu,
406 2581 576 2614 desiderio
594 2582 823 2622 contabuisse,
834 2584 915 2616 etin

211 2645 310 2668 avem
339 2634 391 2666 sui
415 2632 559 2664 nominis
576 2642 778 2664 conversum
795 2632 914 2668 fuisse.

211 2686 378 2721 Proditur
413 2684 517 2715 etiam
551 2692 696 2723 cycnum
730 2689 913 2726 antequam

209 2737 388 2776 moriatur,
399 2733 631 2766 suavissimum
641 2737 778 2765 cantum
788 2734 892 2767 edere
903 2745 912 2765 τ

211 2799 253 2822 ea
267 2788 311 2820 de
335 2795 438 2819 eausa
463 2793 561 2816 sacer
584 2786 636 2816 est
662 2782 816 2825 Apollini
832 2786 911 2818 Deo

971 2282 1103 2318 genteus
1117 2280 1205 2321 ordo]
1220 2281 1366 2312 Caveam
1383 2279 1545 2312 describit
1560 2281 1674 2322 virgu-

973 2329 1014 2361 lis
1030 2331 1202 2371 argenteis
1217 2332 1432 2369 instructam,
1447 2335 1483 2364 et.
1505 2332 1673 2365 intextam

971 2380 1087 2413 ebore.

1014 2433 1054 2462 13
1081 2430 1202 2471 Cornu]
1239 2430 1280 2463 Id
1311 2435 1377 2471 est,
1404 2435 1525 2464 rostro.
1570 2431 1671 2472 Nam,

969 2481 1088 2512 miram
1118 2481 1223 2512 habet
1261 2481 1422 2514 duritiem
1459 2482 1574 2522 rostri,
1603 2492 1671 2525 quo

969 2541 1006 2563 se
1022 2532 1154 2572 excipit
1168 2536 1202 2563 et
1214 2531 1382 2572 innititur,
1394 2535 1485 2563 teste
1499 2532 1627 2565 Plinio.

1013 2584 1053 2613 14
1066 2582 1117 2613 En
1128 2582 1337 2622 queruloejam
1346 2585 1453 2622 sponte
1457 2581 1562 2624 sores]
1582 2583 1670 2616 Ροὲ·

969 2633 1037 2665 tica
1062 2633 1260 2675 hyperbole.
1306 2633 1410 2664 Fores
1430 2643 1495 2664 non
1520 2633 1595 2675 jam
1612 2644 1670 2667 vo·

967 2684 1059 2716 cales
1094 2684 1250 2716 extincto
1286 2684 1456 2724 Patisco,
1492 2683 1554 2716 sed
1590 2693 1668 2725 pro-

966 2735 1077 2777 prium
1093 2734 1201 2768 edunt
1223 2743 1356 2777 sonum,
1367 2733 1498 2773 ,doloris
1513 2734 1564 2766 sui
1579 2734 1668 2771 indi-

968 2795 1056 2819 cem·
