1800 3060
783 162 1056 195 PRAEFA‘mo.
1598 153 1654 196 19

195 249 376 307 pertius.
434 248 535 291 Uno
568 262 682 292 anno
717 249 1004 291 Parmensem
1027 247 1274 304 praecessit,
1295 248 1536 302 impressus
1562 247 1653 290 Ve-

195 321 328 366 netiis
344 318 430 361 An.
450 318 579 361 1472.
638 316 744 359 Non
771 316 931 359 dubito
966 317 1075 371 quin
1105 315 1203 359 haec
1239 317 1297 358 sit
1315 317 1512 358 omnium
1534 318 1654 359 anti-

194 388 411 445 quissima
426 387 581 428 harum
599 385 834 439 Sylvarum
852 384 1029 427 Editio:
1059 389 1193 435 certe,
1206 384 1402 427 omnium
1420 385 1651 426 rarissima

194 461 287 510 θείς
332 468 477 510 neque
505 454 779 495 mentionem
810 453 908 507 ejus
941 453 1051 494 alibi
1083 453 1260 494 invenio
1280 456 1574 508 praeterquam
1604 454 1650 494 in

193 525 384 570 obscuro
413 524 500 564 isto
529 521 690 575 angulo
720 520 943 563 Editionis
973 520 1256 573 Parmensis;
1300 520 1433 562 istius
1467 534 1649 576 quoque

193 604 405 647 perquam
423 603 550 632 rarae.

235 649 458 701 -Romana
489 669 667 712 quoque
688 656 855 706 Editio,
875 656 979 698 licet
998 657 1055 698 ab
1077 656 1183 698 aliis
1203 656 1472 711 praeflorata,
1494 658 1649 700 nonni-

193 727 257 769 hil
275 727 380 770 novi
394 739 454 768 ex
477 738 562 768 suo
583 725 785 775 contulit,
807 729 853 766 et
872 725 1090 766 lectiones
1108 724 1362 766 Parmensis
1391 731 1437 768 et
1457 726 1652 768 Venetae

195 793 330 836 Editt.
350 782 649 845 confirmavit;
696 792 817 847 quod
851 794 1023 846 passim
1056 792 1246 834 videbis.
1308 793 1433 836 Huic
1470 795 1653 849 praesuit

196 861 419 905 Domitius
437 859 713 910 CalderinuS‚
731 873 789 901 ex
813 860 991 914 scriptis
1012 861 1056 902 in
1077 860 1278 902 diversos
1298 860 1523 905 Auctores
1543 864 1654 904 bene

195 935 341 980 notuS,
360 934 419 979 et,
446 932 496 970 ut
526 928 608 970 illo
645 941 761 979 aive,
788 929 857 970 vir
892 941 998 970 sane
1026 929 1331 970 doctissimus.
1393 930 1544 973 Multa
1579 930 1656 972 ille

197 997 340 1040 Statio
358 997 549 1039 feliciter
567 996 788 1048 restituit;
834 997 878 1038 in
907 997 1059 1039 multis
1079 997 1309 1051 pueriliter
1328 999 1495 1040 erravit
1514 1012 1525 1040 :
1569 999 1658 1040 hoc

196 1069 348 1108 tamen
365 1065 541 1106 nomine
561 1066 752 1106 maxime
773 1064 1043 1119 culpandus,
1065 1065 1185 1120 quod
1216 1066 1253 1107 si
1285 1066 1391 1120 quid
1418 1079 1506 1108 non
1528 1067 1658 1107 intel-

195 1133 372 1184 lexerit,
389 1132 540 1174 statim
555 1133 740 1174 mutavit
755 1146 767 1185 ;
797 1133 931 1175 etiam
948 1133 1139 1174 absurde
1158 1146 1503 1188 nonnunquam3
1535 1149 1659 1190 saepe

197 1200 347 1250 etiam,
379 1199 499 1254 quod
528 1199 659 1241 valde
690 1201 907 1255 suspicor,
938 1200 1059 1241 nulla
1088 1201 1305 1243 mentione
1324 1201 1457 1244 facta.
1518 1202 1658 1246 Utilis

198 1273 346 1310 tamen
377 1266 544 1318 Editio,
578 1268 701 1322 quod
732 1268 1006 1310 diversorum
1037 1267 1259 1310 Codicum
1293 1269 1561 1324 scripturam
1591 1286 1660 1314 re-

197 1339 459 1390 praesentet3
490 1349 590 1378 cum
610 1336 708 1390 Jam
739 1349 870 1390 paene
905 1341 1053 1377 certus
1076 1337 1176 1386 sim,
1198 1337 1463 1388 Domitium,
1482 1340 1658 1392 quando

198 1403 332 1446 istam
352 1404 595 1458 evulgaret,
623 1418 707 1448 non
737 1404 909 1446 vidisse
940 1408 1018 1446 aut
1048 1404 1353 1455 Parmensem‚
1383 1411 1463 1447 aut
1499 1407 1660 1449 Libros

196 1484 255 1513 ex
273 1472 439 1526 quibus
460 1472 716 1515 Parmensis
736 1485 954 1528 expressa
973 1473 1058 1515 fuit
1075 1487 1084 1514 :
1128 1473 1183 1514 de
1211 1486 1299 1527 quo
1329 1473 1570 1529 aliquando
1591 1477 1658 1522 in,-

202 1543 348 1581 certus
362 1552 496 1582 eram.

259 1606 352 1648 Sed
369 1606 534 1648 dudum
554 1612 656 1650 ante
676 1614 832 1651 nactos
852 1608 940 1650 hos
954 1608 1096 1651 libros
1109 1610 1365 1664 suspicatus
1385 1624 1519 1662 eram,
1535 1613 1660 1667 quod

201 1677 365 1728 postea
382 1686 532 1716 verum
562 1676 777 1730 comperi,
798 1690 886 1718 non
914 1677 1103 1719 multum
1131 1679 1294 1720 auxilii
1329 1682 1657 1734 expectandum

203 1754 305 1785 esse
325 1754 356 1785 a
374 1741 547 1784 duobus
567 1744 640 1786 vel
669 1745 808 1786 tribus
845 1746 1179 1800 exemplaribus
1198 1747 1459 1801 quibusvis:
1490 1750 1662 1804 quippe

202 1809 339 1852 altius
361 1809 570 1852 adactum
598 1817 694 1852 erat
725 1812 907 1864 vulnus3
949 1818 994 1853 et
1023 1819 1127 1867 post
1155 1815 1303 1856 omnia
1333 1829 1435 1869 quae
1464 1816 1661 1858 invenire

201 1878 328 1931 potui
346 1889 375 1919 a
401 1878 508 1919 viris
539 1878 686 1920 doctis
715 1880 926 1921 restituta
954 1879 1027 1920 vel
1049 1893 1074 1920 e
1094 1880 1243 1921 Libris
1272 1882 1344 1923 vel
1372 1882 1566 1936 ingenio,
1595 1898 1663 1926 re-

203 1945 380 1989 stabant
398 1946 542 1988 adhuc
561 1960 690 2001 paene
701 1947 928 1989 innumera
941 1960 1041 2001 quae
1060 1948 1185 1990 nullo
1204 1949 1336 1991 modo
1357 1957 1486 1992 erant
1504 1952 1665 1994 intelli·

202 2011 362 2065 genda.
420 2013 513 2055 His
538 2015 673 2068 igitur
698 2015 1022 2066 incumbebam,
1041 2016 1140 2058 haec
1157 2018 1423 2071 premebam,
1443 2024 1490 2060 et
1510 2033 1663 2062 omnes

205 2080 411 2134 strophas
443 2082 691 2123 vertebam:
742 2086 786 2124 et
815 2082 1033 2124 interdum
1067 2085 1235 2125 veritas
1274 2086 1418 2139 primo
1456 2086 1663 2130 discursu

206 2158 308 2189 sese
325 2146 550 2200 ingerebat
567 2163 580 2202 ;
610 2150 846 2204 aliquando
857 2164 927 2192 res
943 2155 1035 2192 erat
1049 2153 1307 2194 morosioris
1324 2154 1663 2208 disquisitionis.

205 2213 260 2256 In
279 2226 476 2256 summa:
511 2216 552 2257 si
571 2217 676 2271 quid
693 2218 739 2259 in
755 2219 826 2260 his
841 2220 973 2260 rebus
994 2221 1104 2261 certi
1125 2220 1199 2272 sit,
1212 2233 1345 2274 paene
1366 2223 1513 2263 ausim
1529 2223 1575 2264 in
1592 2237 1665 2266 me

205 2281 400 2336 recipere
417 2288 465 2325 et
482 2290 713 2338 praestare,
733 2290 778 2327 te
791 2286 887 2341 jam
907 2287 1053 2340 legere
1073 2302 1209 2342 posse
1227 2289 1359 2330 Statii
1379 2289 1540 2345 Sylvas
1559 2291 1664 2345 plus

208 2361 343 2403 quam
361 2355 430 2392 ter
457 2356 631 2394 centum
663 2352 779 2394 locis
814 2355 1048 2396 restitutas
1078 2369 1137 2396 ex
1167 2356 1456 2410 conjectura3
1497 2359 1665 2412 partim

186 2423 342 2459 ‘sensu
359 2425 584 2472 praeeunte
603 2425 647 2461 et
665 2422 919 2463 necessario
939 2422 1194 2476 postulante
1212 2423 1297 2466 has
1313 2424 1663 2477 emendationes,

207 2484 372 2539 partim
388 2485 529 2528 literis
549 2491 595 2530 et
613 2489 774 2530 calami
794 2489 1006 2532 ductibus
1021 2491 1078 2533 ad
1099 2503 1225 2534 veras
1246 2492 1487 2535 Lectiones
1502 2493 1664 2536 ducen-

208 2551 355 2595 tibus:
387 2554 500 2596 adeo
518 2559 567 2597 ut
578 2555 676 2610 jam
696 2569 788 2598 non
807 2561 975 2600 restent
993 2558 1287 2612 quadraginta
1303 2560 1406 2602 loca
1424 2561 1479 2602 de
1499 2562 1662 2616 quibus

209 2618 453 2674 desperem.
511 2623 542 2664 J
545 2624 777 2666 uveniliter
804 2625 935 2666 nimis
965 2625 1132 2667 dictum
1159 2626 1244 2668 hoc
1264 2627 1345 2668 tibi
1363 2627 1474 2669 forte
1494 2629 1665 2671 videbi-

210 2689 302 2728 tur:
333 2689 551 2743 spondeo,
571 2691 739 2733 dictum
770 2705 869 2734 esse
899 2693 1015 2736 citra
1049 2694 1368 2737 affectationem
1390 2700 1467 2739 aut
1490 2698 1664 2751 Jactan-
