1800 3060
234 187 322 231 356

232 292 330 336 Aut
349 293 414 336 uti
433 305 569 335 verna
588 292 718 335 novis
736 293 916 346 expirat
934 306 1130 347 purpura
1149 294 1304 347 pratis.

730 198 771 229 Ρ.
804 198 996 230 ΡΑΡῙΝΙΙ
1028 199 1192 231 8ΤΑΊῚῙ

1605 296 1692 339 130

234 360 320 403 Illa
341 360 578 415 sagittiferi
597 360 999 409 circumvolitastis,
1019 359 1220 411 Amores,

233 427 426 479 Funera,
447 433 736 482 maternoque
756 440 887 481 rogos
909 429 1100 471 unxistis
1122 424 1319 472 amomo:

233 495 336 538 Nec
357 496 517 537 modus
537 501 615 537 aut
633 495 795 550 pennis
814 496 978 537 laceris
1001 499 1079 538 aut
1099 497 1293 538 crinibus
1312 497 1457 551 ignem

232 563 462 616 Spargere,
482 562 750 617 collataeque
768 575 924 617 pyram
944 568 1142 605 struxere
1163 565 1394 618 pharetrae.

233 629 364 680 Quas
381 634 486 671 tunc
505 629 700 680 inferias,
721 635 799 673 aut
818 644 920 684 quae
939 632 1130 673 lamenta
1149 632 1352 674 dedisses

1601 633 1688 674 135

232 697 465 747 MaterniS,
498 696 697 747 Etrusce,
717 697 852 751 rogis,
879 699 956 753 qui
973 698 1127 741 funera
1146 700 1288 753 patris

231 764 370 806 Haud
390 768 562 805 matura
581 769 728 818 putas,
749 769 880 819 atque
898 765 981 807 hos
999 767 1102 819 pius
1123 767 1312 820 ingemis
1332 767 1500 809 annos?

230 832 365 874 Illum
383 836 441 882 et,
464 832 541 885 qui
561 835 671 873 nutu
691 844 875 885 superas
895 845 1014 874 nunc
1034 837 1255 887 temperat
1275 846 1418 883 arceS,

229 899 489 952 Progeniem
510 898 671 940 claram
693 899 819 940 terris
839 899 1031 952 partitus
1050 905 1092 942 et
1112 900 1257 951 astris,

227 966 382 1008 Laetus
403 965 594 1008 Idumaei
613 966 796 1008 donavit
815 966 986 1008 honore
1006 967 1241 1022 triumphi:

1599 968 1685 1008 140

224 1087 402 1119 moriuntur
416 1087 450 1119 iu
475 1087 565 1119 novis
586 1088 701 1128 pratis.
749 1088 930 1120 pharetrati
948 1089 1116 1130 Cupidines
1130 1089 1286 1121 volita-stis
1310 1088 1394 1120 circa
1408 1089 1466 1120 has
1479 1090 1636 1131 exequias,
1651 1093 1684 1121 et

224 1130 371 1162 illevistis
386 1140 498 1172 pyram
512 1140 629 1161 amomo
644 1134 796 1170 materno,
811 1140 867 1162 nec
881 1134 1024 1163 cessastis
1040 1132 1207 1172 flammis
1195 1132 1331 1172 mfioere,
1353 1135 1410 1163 aut
1432 1131 1602 1164 dilaniatus
1615 1133 1685 1163 alas

225 1177 282 1205 aut
295 1182 410 1211 amnas,
426 1176 458 1204 et
480 1173 657 1204 contulistis
672 1177 791 1205 vestras
802 1174 969 1213 pharetras
988 1176 1145 1206 struendoe
1159 1174 1223 1213 ejus
1247 1184 1348 1216 pyroe.
1396 1174 1476 1210 Quoe
1492 1178 1565 1206 tunc
1577 1175 1682 1213 justa,

224 1219 280 1248 aut
301 1226 378 1257 quas
397 1217 551 1257 lacrymas
565 1216 727 1247 obtulisses
751 1226 828 1256 rogo
847 1219 998 1254 materno,
1013 1217 1067 1258 qui
1081 1217 1181 1248 credis
1200 1218 1400 1248 acceleratam
1420 1221 1550 1248 mortem
1569 1217 1684 1257 patris,

223 1262 255 1290 et
265 1258 338 1300 pius
351 1258 445 1307 defles
457 1259 704 1298 nonagermrium
717 1261 845 1290 senem?
866 1259 925 1290 Ille
940 1258 993 1299 qui
1007 1268 1088 1291 nunc
1101 1259 1186 1300 regit
1203 1269 1257 1291 suo
1271 1263 1349 1290 nutu
1363 1260 1498 1291 caelestes
1512 1261 1629 1298 domos,
1650 1263 1683 1290 et

223 1301 278 1342 qui
292 1301 401 1333 divisit
416 1300 498 1334 inter
513 1302 621 1333 coelum
635 1304 667 1334 et
681 1305 748 1332 terr
748 1311 800 1333 am
810 1301 913 1344 filios,
926 1302 1017 1333 laetus
1030 1301 1138 1343 affecit
1152 1303 1232 1334 hunc
1247 1302 1423 1334 muneribus
1437 1283 1683 1343 triumphalibus,

832 1385 1071 1399 000000000900

219 1448 424 1482 Sabellicus.
469 1450 663 1482 Pubeneesve
678 1451 831 1482 correxit
845 1451 1194 1484 Marklandus.—1so
1216 1452 1284 1484 Aut
1297 1451 1352 1483 aba·
1365 1461 1462 1483 verna
1476 1449 1679 1482 Wakefield.

221 1493 257 1524 in
275 1492 490 1533 Append.ad
511 1493 604 1533 Sylv.
627 1493 715 1525 Crit.
735 1493 830 1525 Part.
846 1496 988 1526 3.--132
1010 1495 1124 1526 Parm.
1145 1495 1242 1526 Rom.
1269 1499 1307 1526 et
1331 1498 1398 1526 vet.
1423 1493 1681 1532 Lindenbroffi,

220 1538 555 1576 maternosque—134
576 1535 586 1553 ‘
602 1535 695 1567 Olim
722 1537 984 1568 emendaveram
1013 1538 1214 1579 colhtoequm
1239 1538 1312 1579 jam
1341 1537 1442 1568 video
1467 1536 1678 1567 Gronoviurn

218 1587 419 1619 occupasse,
444 1578 557 1610 Diatr.
573 1587 648 1619 cap.
663 1581 730 1610 32)
751 1579 873 1611 Markl.
895 1580 1087 1622 conectaeque
1102 1580 1269 1612 exhibent
1294 1579 1375 1612 edd.
1400 1583 1487 1610 vett.
1509 1587 1678 1610 omnes.—

874 1664 1017 1698 NOTAE

217 1735 253 1769 in
271 1736 462 1774 Glauciam,
479 1737 538 1769 ubi
553 1737 674 1771 similis
684 1740 904 1781 comparatio.

262 1791 325 1821 130
361 1789 466 1821 Verna
491 1790 646 1831 purpura]
683 1791 796 1831 Viola,
823 1792 922 1824 violae

218 1839 309 1871 enim
327 1839 490 1880 purpurei
505 1845 584 1872 sunt
599 1840 735 1872 coloris.

263 1892 322 1920 131
360 1889 548 1928 Sagittiferi
588 1891 725 1932 amores]
778 1890 921 1923 Amores

217 1939 307 1971 enim
321 1947 379 1970 seu
394 1940 580 1981 Cupidines
596 1950 674 1972 cum
693 1950 774 1972 arcu
788 1946 825 1973 et
841 1942 920 1983 pba-

216 1995 312 2021 retra
325 1989 460 2030 sagittis
474 1991 576 2031 plena
587 1991 621 2022 in
631 1991 781 2023 humeris
793 2001 920 2034 reprae-

215 2039 452 2071 sentabantur.

260 2092 324 2121 132
346 2089 492 2130 Amomo]
536 2090 731 2128 Amomum,
768 2101 919 2132 unguen-

214 2145 288 2172 tum
310 2140 593 2181 pretiosissimum
621 2151 665 2172 ex
694 2151 825 2174 amomo
850 2142 918 2174 fac-

216 2195 301 2230 tum,
317 2189 408 2232 qnod
432 2190 527 2231 injici
556 2191 690 2223 solebat
715 2192 806 2232 rogis
831 2202 919 2224 mor-

214 2245 363 2272 tuorum.
407 2240 573 2282 Materno]
595 2242 636 2274 Id
649 2246 713 2281 est,
728 2243 886 2275 Veneris.

258 2294 320 2323 133
345 2292 416 2323 Nec
430 2294 538 2323 modus
550 2295 606 2324 aut
618 2292 728 2334 pennis
739 2293 850 2324 laceris
862 2297 919 2325 aut

213 2341 367 2383 crinibus]
390 2342 475 2375 Vult
491 2342 600 2375 Poeta
615 2342 802 2384 Cupidines
819 2349 918 2376 tanto

214 2391 334 2422 dolore
349 2390 492 2424 affectos
517 2393 561 2424 ob
585 2399 728 2425 mortem
748 2394 918 2434 Etruscae,

213 2446 254 2472 nt
281 2450 342 2473 nec
362 2447 549 2482 parcerent
576 2442 726 2474 crinibus
749 2443 831 2483 suis,
850 2453 916 2476 nec

213 2491 348 2535 pennis,
371 2492 632 2535 lacerarentque
659 2502 731 2526 eas,
773 2494 821 2525 Et
844 2503 916 2525 mo-

213 2550 286 2572 rem
303 2542 428 2582 tangit,
443 2552 512 2583 quo
537 2543 650 2575 crines
666 2544 915 2585 rumpebantur

212 2591 247 2622 in
266 2591 374 2631 luctu,
390 2595 427 2623 et
451 2593 542 2633 rogis
566 2593 813 2635 injiciebantur
826 2604 914 2626 mor-

213 2646 362 2674 tuorum.
378 2641 382 2645 ’
403 2640 550 2674 Amores
564 2653 693 2683 pennas
708 2645 811 2677 etiam
826 2644 915 2676 lace·

213 2699 289 2722 rare
307 2697 492 2732 poterant3
515 2693 598 2725 alati
612 2695 702 2727 enim
719 2699 828 2726 erant.

257 2744 319 2774 134
344 2744 532 2785 countoeque
557 2742 779 2786 [collectaeque]
818 2746 915 2786 Legit

981 1741 1176 1774 Gronovius
1205 1742 1335 1773 collatae.
1378 1739 1469 1772 Vide
1498 1748 1604 1780 supra
1627 1747 1676 1770 vs.

975 1794 1031 1824 42.

1020 1844 1082 1873 13⁷
1105 1842 1178 1873 Hos
1191 1840 1301 1881 annos]
1323 1840 1366 1872 Id
1377 1843 1444 1879 est,
1458 1837 1674 1880 patrem,qni

976 1894 1046 1923 tam
1073 1901 1177 1923 senex
1207 1897 1361 1922 mortuns
1390 1895 1468 1928 est;
1491 1889 1676 1928 nonaginta

975 1941 1063 1972 enim
1079 1949 1184 1972 annos
1208 1940 1396 1972 excessisse
1417 1938 1542 1971 dicitur
1555 1938 1674 1969 Etrus·

974 2001 1032 2024 cus
1047 1997 1159 2032 pater.

1018 2044 1081 2074 138
1105 2041 1171 2078 Qui
1191 2044 1270 2073 nutu
1285 2048 1412 2081 superas
1424 2047 1506 2070 nunc
1523 2040 1675 2078 temperat

972 2092 1072 2133 arces]
1095 2093 1343 2133 Vespasianum
1356 2095 1487 2132 patrem
1501 2088 1675 2128 intelligit,

974 2144 1031 2185 qui
1045 2143 1081 2175 in
1097 2152 1272 2175 numerum
1290 2143 1440 2174 Deorum
1456 2140 1585 2172 relatus
1599 2137 1674 2171 fue-

973 2199 1038 2225 rat.

1016 2246 1078 2275 139
1101 2243 1291 2283 Progeniem
1313 2243 1430 2274 claram
1455 2241 1550 2273 terris
1571 2239 1673 2282 parti-

970 2297 1023 2325 tus
1045 2298 1076 2325 et
1099 2294 1211 2335 astris]
1233 2292 1404 2334 Intelligit
1430 2291 1518 2323 filios
1543 2291 1673 2332 Vespa-

972 2344 1071 2383 siani,
1087 2354 1228 2386 quornm
1244 2344 1342 2376 Titus
1363 2342 1468 2375 etiam
1490 2347 1570 2383 post
1583 2349 1672 2373 mor-

971 2399 1041 2426 tem
1072 2395 1168 2426 Deus
1194 2393 1318 2433 factus,
1340 2393 1430 2425 alter
1451 2401 1531 2423 vero
1551 2389 1669 2423 Domi-

971 2444 1083 2475 tianus
1099 2444 1132 2475 in
1148 2444 1249 2476 terris
1265 2443 1407 2476 relictus
1422 2447 1511 2474 erat.

1014 2496 1075 2525 140
1098 2494 1226 2526 Honore
1237 2493 1407 2534 triumphi]
1429 2492 1470 2524 Id
1486 2496 1553 2531 est,
1566 2490 1669 2522 dona-

969 2543 1019 2575 vit
1032 2545 1172 2581 honore,
1190 2553 1256 2584 quo
1272 2543 1391 2575 donari
1407 2542 1520 2574 solent
1539 2541 1666 2573 milites

969 2595 1261 2635 triumphantium.
1306 2591 1452 2632 Idmaei]
1476 2591 1566 2624 Quia
1583 2592 1669 2623 Ves-

969 2645 1139 2685 pasianus,
1158 2654 1238 2675 mox
1259 2644 1355 2675 Titus
1380 2643 1582 2677 domuerant
1603 2645 1667 2678 Ju-

970 2695 1075 2733 daeos,
1093 2696 1257 2737 Titusque
1282 2695 1384 2728 etiam
1409 2700 1667 2736 expugnaverat

970 2745 1210 2787 Hierosolyma
1238 2750 1343 2786 caput
1366 2745 1500 2787 gentis3
1534 2745 1578 2778 de
1602 2745 1664 2786 δας
