1800 3060
182 212 269 256 198
687 224 728 254 P.
763 223 956 254 ΡΑΡιΝιι
991 224 1156 255 s'rA'ru

184 319 246 362 At
265 319 426 374 legisse
441 318 596 373 juvat:
627 321 780 360 tenero
803 319 870 361 sic
892 319 1080 360 blandus
1102 319 1265 362 Achilli

184 385 371 428 Semifer
392 387 652 428 AEmonium
673 386 883 428 vincebat
904 386 1044 428 Pelea
1064 386 1245 428 Chiron.

186 453 285 495 Nec
306 453 476 506 genitor
495 453 658 494 Peleus
674 458 825 495 natum
845 453 1078 495 comitatus
1097 454 1142 495 in
1162 467 1285 496 arma

184 520 367 571 Troica,
391 521 469 561 sed
491 533 593 562 caro
615 521 810 563 Phoenix
830 521 1029 562 haerebat
1049 521 1242 563 alumno.

189 588 388 641 Optabat
406 589 530 641 longe
551 588 720 630 reditus
743 589 963 630 Pallantis
984 592 1168 630 ovantes

191 655 411 706 Evander,
432 655 549 696 fidus
571 669 744 709 pugnas
765 657 998 710 spectabat
1018 655 1222 698 Acoetes.

188 722 395 776 Cumque
417 723 573 776 procul
593 723 748 764 nitidis
768 724 938 777 genitor
960 729 1158 765 cessaret
1180 725 1237 765 ab
1259 725 1405 775 astris,

190 791 485 845 Fluctivagus
507 791 730 833 volucrem
754 793 959 834 comebat
981 792 1146 834 Persea
1168 791 1348 847 Dictys.

1595 457 1652 498 90

1598 794 1656 835 95

186 917 352 946 generasse
365 920 486 942 necesse
501 914 561 952 est,
585 913 618 941 at
633 910 784 950 elegimus
799 910 851 950 qui
866 910 953 941 nobis
964 912 1097 951 placent.
1144 910 1198 942 Sic
1215 912 1390 943 Centaurus
1407 911 1523 942 Chiron
1536 919 1659 951 supera·

190 951 242 982 bat
260 953 352 984 Pelea
369 954 549 985 AEmom‘um
570 963 672 985 amore
697 953 731 984 in
750 962 879 994 puerum
892 953 1056 984 Achillem.
1103 954 1171 985 Nec
1194 955 1351 993 longoecus
1370 954 1482 985 Peleus
1495 953 1659 985 comitatus

190 994 351 1036 estfilium
366 997 406 1027 ad
422 997 645 1037 expeditionem
663 996 841 1035 Troianam,
854 997 908 1027 sed
924 996 1063 1028 Phoenix
1086 1000 1158 1028 tunc
1181 997 1358 1028 adhaerebat
1373 997 1484 1028 dilecto
1498 996 1659 1037 discipulo.

195 1036 342 1070 Evander
357 1040 489 1070 multum
510 1039 704 1071 desiderabat
720 1039 899 1070 Pallantem
914 1038 1029 1070 reverti
1043 1039 1204 1077 rictorem,
1224 1040 1315 1082 fidus
1328 1041 1442 1071 Aeetes
1457 1040 1566 1070 aderat
1575 1048 1659 1079 proe-

193 1079 255 1111 lz'is.
305 1082 348 1113 Et
362 1092 432 1114 cum
452 1085 544 1123 pater
558 1092 618 1114 non
624 1082 732 1121 ferret
752 1091 838 1122 opem
861 1091 881 1112 α
896 1081 1039 1121 fulgenti
1064 1083 1148 1125 coelo,
1163 1082 1278 1124 Dictys
1288 1083 1426 1124 piscator
1438 1082 1540 1114 alebat
1553 1081 1660 1113 alitem

805 1178 1043 1190 OWNNOOO

193 1241 298 1272 Bern.
323 1240 475 1272 Gronov.
502 1241 623 1273 Barth.
655 1239 802 1272 Amstel.
830 1240 960 1281 Delph.
988 1241 1143 1273 &cm—89
1171 1240 1308 1273 Semitir
1330 1241 1510 1282 legendnm
1539 1244 1660 1282 putant

193 1284 311 1315 Donsa
324 1283 366 1315 P.
383 1289 420 1315 et
433 1284 550 1315 Barth.
568 1284 623 1314 hic
638 1288 675 1315 et
690 1283 895 1324 ubicumque
909 1283 941 1314 in
959 1283 1055 1315 bonis
1072 1285 1272 1316 auctoribus
1287 1283 1327 1315 τὸ
1342 1284 1478 1323 Semifer
1493 1283 1656 1316 occurrit.

193 1329 281 1358 —9o
305 1327 372 1358 Nec
395 1327 501 1358 senior
529 1327 642 1358 Peleus
667 1327 794 1357 Venet.
811 1329 842 1358 1.
859 1326 974 1357 Parm.
1003 1327 1098 1358 Rom.
1122 1327 1219 1358 Brix.
1248 1327 1386 1359 vicent.
1418 1327 1521 1358 Aldd.
1548 1325 1660 1358 Colin.

196 1369 332 1411 Gryph.
350 1370 456 1401 Basil.
475 1369 590 1401 Plant.
605 1370 671 1401 Til.
687 1371 752 1400 διο.
801 1369 918 1400 Lectio
935 1375 1051 1400 nostra
1063 1373 1115 1400 est
1131 1379 1173 1400 ex
1190 1371 1432 1402 emendatione
1451 1367 1659 1401 Marklandi.

192 1414 277 1444 —91
306 1413 401 1444 Troia
416 1412 535 1443 malint
552 1412 674 1444 Heius.
691 1418 726 1443 et
738 1411 944 1443 Burm.—92
963 1412 1108 1443 Palantis
1124 1412 1203 1445 edd.
1223 1415 1394 1445 veta-03
1417 1412 1547 1444 Acestes
1563 1412 1659 1442 Rom.

193 1456 307 1487 Aeetes
323 1455 427 1487 Aldd.
446 1455 558 1486 Coun.
581 1455 718 1495 Gryph.
743 1460 779 1486 et
809 1455 1010 1486 planu—95
1037 1455 1046 1472 ‘
1069 1455 1194 1486 Parum
1210 1455 1326 1487 sensui
1341 1454 1514 1487 satisfacit
1529 1464 1594 1486 vox
1608 1465 1657 1484 co-

195 1498 299 1529 mebat
311 1509 324 1536 ‚·
346 1507 422 1540 quae
438 1498 519 1529 nihil
537 1497 707 1538 significat
723 1501 850 1538 praeter
873 1499 883 1515 ‘
907 1496 1074 1528 orual)at.'
1121 1497 1227 1539 Atqui
1247 1508 1366 1540 parum
1391 1502 1444 1529 est
1460 1507 1581 1528 ornare
1599 1497 1659 1527 ali-

197 1551 299 1583 quem
316 1550 472 1583 puerum,
488 1541 553 1572 nisi
579 1540 789 1572 institutioni
818 1539 871 1571 vel
895 1540 1096 1571 educationi
1125 1551 1240 1572 curam
1270 1541 1371 1572 simul
1400 1539 1602 1582 impendas3
1623 1542 1661 1571 et

856 1637 995 1670 NOTAE

195 1706 308 1740 Quam
334 1703 461 1744 legisse
479 1703 594 1744 juvet,
622 1712 720 1744 quam
745 1702 903 1742 genuisse

195 1754 302 1788 velit!
337 1754 521 1786 Pulchram
535 1753 589 1784 hic
605 1752 788 1784 antithesin
806 1756 903 1783 notat

197 1806 394 1846 Gevartius,
409 1805 500 1836 inter
515 1804 588 1836 haec
601 1803 707 1835 verba
717 1812 835 1834 necesse
847 1805 904 1843 est,

197 1862 235 1890 et
251 1858 359 1898 juvat.
406 1855 508 1895 Nam,
523 1861 561 1886 ut
586 1855 647 1895 ait,
671 1853 903 1885 necessarium

196 1908 277 1950 quid
293 1911 330 1938 et
352 1903 499 1937 ἀκούσιον
510 1909 562 1937 est
578 1904 612 1936 in
628 1904 848 1945 generatione
863 1903 903 1934 li-

196 1958 372 1997 berorum,
383 1965 461 1988 cum
474 1964 539 1987 non
555 1954 600 1986 sit
615 1955 649 1986 in
661 1958 777 1985 nostra
789 1958 904 1995 potes-

196 2013 284 2047 tate,
302 2011 340 2038 ut
365 2007 453 2037 tales
471 2014 686 2046 geum-emim,
699 2005 816 2046 quales
843 2014 902 2046 op-

198 2063 322 2090 tamus.
378 2055 510 2088 Contra
539 2064 622 2086 vero
648 2054 684 2086 in
719 2054 905 2095 adoptione

197 2107 341 2141 ἑκούσιον
355 2107 436 2150 quid
463 2110 517 2138 est
540 2110 576 2137 et
603 2105 844 2143 voluntarium,
869 2109 907 2136 et

198 2170 260 2201 pro
282 2158 429 2191 arbitrio
453 2161 572 2188 nostro
596 2155 781 2187 formamus
807 2155 907 2187 nobis

199 2212 287 2243 tales
323 2210 463 2250 liberos,
500 2207 617 2250 quales
655 2207 832 2246 volumus;
866 2216 906 2238 ac

200 2260 345 2302 proinde
366 2259 473 2300 magis
492 2267 654 2290 amamus,
700 2257 747 2288 Et
762 2257 827 2289 hoc
840 2262 907 2297 est,

200 2310 291 2352 quod
306 2309 464 2341 Valerius
477 2308 648 2340 Maximus
663 2307 794 2339 innuit:
810 2307 819 2325 ⁶
838 2308 907 2339 Ge-

199 2359 314 2399 nitos,⁷
329 2358 454 2401 inquit,
468 2358 478 2375 ‘
490 2357 654 2390 nascendi
679 2367 765 2395 sors,
787 2356 909 2389 fortui-

200 2417 274 2443 tum
290 2419 395 2451 opus;
419 2409 600 2451 adoptivos
622 2417 702 2440 vero
718 2413 755 2440 et
769 2408 908 2449 ascitos,

202 2462 301 2494 unius
318 2461 481 2501 cujusque
499 2459 755 2501 solidojudicio
773 2459 908 2490 incoac-

202 2517 238 2544 ta
255 2511 409 2543 voluntas
425 2508 607 2550 producit!

244 2565 287 2595 89
310 2560 443 2599 Semifer
458 2559 589 2599 Chiron]
621 2559 812 2591 Centaurus
828 2559 907 2591 Chi-

203 2622 264 2644 ron
277 2614 472 2652 praeceptor
484 2608 638 2640 Achillis.
657 2609 853 2650 AEmom'um]
864 2608 907 2640 Id

203 2661 485 2704 est,Thessalum.
520 2659 685 2699 Vincebat]
702 2658 829 2691 Amore
842 2660 906 2691 sci-

204 2715 286 2746 licet
298 2714 331 2744 in
343 2712 461 2744 filium.
480 2709 592 2750 Pelea]
607 2709 748 2742 Patrem
759 2709 913 2743 Achillis.

247 2767 290 2796 90
314 2761 452 2802 Natum]
489 2761 612 2793 Filium
642 2759 825 2793 Achillem.
870 2761 913 2794 In

957 1712 1045 1733 arma
1064 1703 1188 1744 Troica]
1210 1702 1248 1734 Id
1263 1706 1330 1742 est,
1347 1701 1389 1734 ad
1405 1700 1662 1743 expeditionem

957 1753 1148 1793 Trojanam.

1000 1805 1039 1835 91
1066 1803 1219 1844 Phoenix]
1241 1802 1388 1834 Phoenix
1405 1806 1601 1843 praeceptor
1616 1800 1663 1833 A·

958 1853 1080 1891 chillis,
1092 1853 1292 1894 Amyntoris
1305 1852 1407 1884 filius.
1446 1852 1574 1884 Narrat
1589 1851 1663 1892 ipse

956 1903 1103 1934 Phoenix
1120 1913 1157 1934 se
1174 1903 1278 1934 filium
1295 1903 1477 1944 adoptasse
1493 1902 1664 1934 Achillem

957 1953 1047 1993 apud
1066 1953 1253 1984 Homerum
1278 1952 1378 1985 Iliad.
1393 1957 1431 1985 Θ.
1478 1953 1524 1984 Et
1540 1958 1576 1984 ut
1591 1952 1665 1984 fue·

958 2004 1002 2035 rit
1017 2004 1211 2036 individuus
1226 2013 1338 2036 comes
1352 2004 1494 2037 Achillis
1515 2004 1667 2045 probant

957 2055 1050 2087 haec:
1074 2057 1142 2088 Πῶς
1156 2055 1195 2087 ἂν
1213 2053 1308 2088 ἔπειτ’
1333 2054 1394 2087 ἀπὸ
1408 2057 1476 2088 σεῖο
1497 2055 1590 2097 φίλον
1613 2054 1665 2087 τέ-

959 2116 1013 2137 κος
1027 2103 1094 2137 αὖθι
1108 2105 1254 2146 λιποίμην
1268 2104 1351 2138 Oios.
1393 2107 1552 2142 Quomodo
1558 2109 1667 2147 postea

949 2155 1029 2197 fieri
1044 2160 1158 2198 posset,
1179 2156 1290 2189 dilecte
1295 2156 1365 2199 fili,
1379 2159 1416 2188 ut
1430 2167 1450 2188 α
1464 2160 1495 2188 te
1517 2158 1602 2188 solus
1615 2157 1666 2188 de-

958 2216 1089 2238 sererer.

1004 2256 1156 2297 Alumno]
1185 2256 1324 2289 Achilli.

1005 2310 1047 2339 92
1071 2307 1244 2348 Pallantis]
1269 2307 1385 2339 Pallas
1400 2306 1488 2340 filins
1504 2307 1669 2349 Evandri,

962 2363 1062 2388 notus
1079 2367 1120 2388 ex
1141 2357 1296 2388 AEneide.

1004 2410 1046 2439 93
1071 2408 1233 2449 Evander]
1269 2405 1430 2438 Evander
1459 2411 1560 2446 pater
1588 2406 1668 2438 Pal·

963 2458 1080 2497 tantis,
1109 2462 1211 2489 notus
1248 2466 1291 2488 ex
1330 2455 1485 2487 AEneide.
1529 2456 1667 2498 Acoetes]

964 2507 1105 2540 Acoetes
1143 2507 1351 2548 paedagogus
1397 2505 1576 2543 Pallantis,
1611 2509 1668 2538 cui

964 2558 1124 2591 Evander
1141 2562 1240 2599 pater
1257 2557 1266 2574 ‘
1282 2557 1373 2588 bella
1387 2566 1554 2598 suumque
1571 2558 1670 2589 timo-

964 2619 1035 2641 rem
1051 2614 1089 2641 et
1115 2608 1255 2640 audacis
1278 2607 1350 2638 nati
1365 2607 1583 2639 commiserat
1610 2618 1669 2639 an-

966 2658 1051 2692 nos.¹
1097 2658 1187 2690 Vide
1201 2657 1390 2690 AEneidem.

1009 2713 1052 2742 94
1077 2708 1228 2749 Genitor]
1249 2708 1402 2749 Jupiter,
1417 2712 1515 2748 pater
1525 2707 1658 2739 Persei.

1008 2763 1050 2793 95
1077 2759 1280 2799 Fluctivagus
1294 2757 1426 2800 Dictys]
1459 2757 1584 2800 Dictys
1603 2758 1671 2800 pis-
