1800 3060
226 215 311 258 182

724 229 765 258 P.
799 228 991 260 PAPINll
1028 230 1194 261 STATn

456 324 674 366 Mirantur
694 325 888 378 pumilos
906 325 1168 369 ferociores.

454 393 484 434 J
488 405 558 433 am
579 393 722 434 noctis
743 393 1030 447 propioribus
1051 396 1137 436 sub
1159 397 1328 438 umbris

458 459 603 502 Dives
625 460 802 514 sparsio
822 473 935 514 quos
956 461 1051 514 agit
1070 463 1316 505 tumultus!

457 527 563 568 Huc
586 527 753 568 intrant
774 527 938 569 faciles
960 528 1047 569 emi
1068 529 1256 583 puellae:

459 595 554 636 Hic
575 595 829 648 agnoscitur
849 608 995 646 omne,
1019 597 1142 650 quod
1163 597 1347 639 theatris

453 661 548 704 Aut
567 663 710 704 forma
730 662 894 716 placet,
915 666 991 704 aut
1014 664 1228 716 probatur
1249 671 1358 706 arte.

456 730 562 772 Hoc
583 729 801 785 plaudunt
819 742 949 783 grege
968 730 1127 785 Lydiae
1149 735 1388 783 tumenteS,

1632 734 1689 775 70

456 798 543 839 Illo
565 797 785 853 cymbala,
808 798 1086 852 tinnulaeque
1107 799 1287 841 Gades:

456 866 556 908 Illic
577 867 753 920 agmina
771 866 1051 909 confremunt
1071 867 1299 922 Syrorum,

222 997 318 1028 grues
339 989 471 1029 lapsum
485 988 524 1019 od
540 987 644 1019 turios
658 987 860 1027 direptiones,
872 989 998 1027 stupent
1010 996 1108 1018 nanos
1121 987 1277 1026 fortiores
1289 987 1392 1020 solito.

1438 988 1545 1027 Nunc,
1559 987 1610 1020 die
1632 989 1688 1019 ad·

225 1034 468 1072 vesperascente,
492 1032 637 1070 opulenta
661 1029 795 1061 missilia
820 1039 894 1070 quos
919 1031 1015 1061 edunt
1041 1031 1213 1071 strepitus?
1235 1031 1311 1062 Huc
1337 1030 1464 1062 subeunt
1489 1032 1689 1071 pueuoe,quae

217 1073 316 1112 focile
329 1077 493 1106 emuntur.-
515 1074 566 1104 hic
580 1083 667 1104 omne
680 1076 850 1113 spectatur,
863 1074 945 1112 quod
959 1073 993 1103 in
1009 1072 1142 1104 theatris
1155 1077 1210 1105 aut
1225 1077 1385 1105 venustate
1404 1074 1536 1112 arridet,
1550 1077 1604 1105 aut
1619 1077 1689 1105 arte

224 1116 382 1149 laudatur.
429 1118 469 1148 In
483 1116 538 1148 hoc
553 1117 678 1156 agmine
692 1116 804 1158 Lydia·
829 1115 927 1147 obesoe
950 1115 1078 1148 saltant.
1123 1116 1195 1147 Illic
1216 1116 1357 1158 cymbala
1379 1120 1411 1148 et
1438 1117 1568 1148 tinnulae
1586 1117 1687 1149 Gadi-

842 1211 961 1224 eeeeee

964 1211 1083 1224 oooooo

225 1278 377 1311 correxit
393 1276 679 1310 Geminium—66
700 1277 800 1308 Dices
809 1278 928 1318 spus-sio
943 1277 1059 1310 Parm.
1073 1277 1177 1318 eposio
1192 1278 1291 1310 Rom.
1302 1282 1338 1310 et
1350 1281 1422 1310 vet.
1433 1277 1688 1318 Lindenbrogii.

224 1324 310 1353 -67
335 1321 402 1352 Hic
416 1321 517 1353 intrat
538 1321 658 1352 mallet
672 1320 799 1352 Markl.
827 1320 926 1352 Hemi
945 1321 1056 1361 puellae
1079 1322 1177 1353 Rom.
1204 1325 1240 1352 et
1258 1321 1314 1353 ed.
1337 1324 1405 1353 vet.
1431 1320 1688 1362 Lindenbrogii.

222 1364 312 1396 Vide
333 1364 516 1397 justinian.
539 1364 629 1404 Imp.
658 1363 794 1395 Novell.
811 1371 870 1395 cv.
891 1366 1005 1395 1.-70
1030 1364 1144 1395 Ludiae
1167 1364 1256 1396 Scal.
1281 1363 1324 1395 ad
1351 1363 1480 1395 catull.
1498 1371 1592 1395 xxx.
1609 1373 1687 1404 pro-

225 1406 331 1439 bante
358 1406 512 1438 Barthio.
545 1407 666 1448 Lydius
686 1405 846 1438 defendit
866 1406 1046 1438 Turnebus
1064 1416 1126 1439 xv.
1146 1409 1283 1440 17.-71
1306 1406 1380 1438 Illic
1403 1416 1520 1439 omnes
1533 1406 1634 1439 codd.
1650 1411 1687 1438 et

888 1500 919 1532 N
926 1499 1029 1532 O'rAE

223 1575 303 1597 nem
332 1564 555 1607 praebueriut.
611 1563 729 1606 Atque
763 1564 830 1596 hoc
860 1573 929 1595 non

223 1615 450 1657 improbabile
478 1624 569 1655 esse,
601 1614 629 1645 is
658 1613 760 1646 facile
790 1614 929 1655 sentiet,

225 1666 283 1707 qui
299 1675 354 1704 ea,
366 1675 443 1707 quae
456 1665 500 1697 de
516 1665 707 1696 daemonum
723 1665 871 1706 spectris
893 1665 930 1696 in

222 1715 570 1757 septemtrionalibus
596 1715 790 1755 regionibus
805 1715 927 1756 passim

223 1776 393 1808 apparere
409 1766 531 1807 solitis,
546 1766 654 1798 Olaus
675 1766 833 1807 Magnus,
850 1765 927 1798 Jor-

222 1818 363 1855 nandes,
379 1821 415 1849 et
427 1818 568 1849 Marcus
580 1817 735 1848 Venetus
751 1815 797 1847 de
813 1816 927 1848 deser-

225 1873 262 1900 to
278 1869 352 1910 Lop
367 1868 402 1899 in
414 1867 559 1900 Cathaio
575 1866 729 1907 tradunt,
743 1865 928 1908 diligenter

224 1919 487 1952 examinaverit.

266 1974 310 2003 66
337 1970 437 2002 Dives
449 1968 586 2011 sparsio]
607 1969 654 2000 Et
667 1967 744 2007 hoc,
759 1976 803 1999 ex
818 1969 926 2000 muni-

222 2022 364 2055 ficentia
394 2021 652 2062 imperatorum,
682 2019 739 2060 qui
761 2019 929 2061 solebant,

223 2073 343 2105 diebus
354 2071 466 2113 festis,
478 2071 630 2103 diversas
647 2079 715 2108 res,
730 2079 807 2112 quae
831 2070 841 2087 ‘
852 2071 929 2102 mis-

224 2125 300 2157 silia
312 2123 323 2138 '
346 2122 624 2165 appellabantur,
639 2129 802 2161 spargere
818 2121 853 2152 in
870 2131 928 2162 po-

224 2176 356 2218 pulum,
372 2183 451 2216 quae
471 2171 675 2213 occupantis
691 2175 819 2211 essent,
836 2172 927 2203 unde

221 2225 296 2257 haec
312 2224 444 2266 sparsio,
467 2223 478 2240 ⁶
491 2222 613 2263 rapina
627 2225 665 2252 et
676 2220 845 2261 direptio'
868 2230 926 2252 vo-

227 2276 385 2308 cabatur.
430 2274 530 2305 Dives
555 2282 637 2304 vero
664 2271 708 2303 ob
729 2271 926 2312 multiplici-

221 2331 329 2359 tatem
361 2330 397 2358 et
423 2325 625 2356 varietatem
655 2332 767 2354 rerum
793 2332 926 2363 sparsa-

222 2388 308 2410 rum.
353 2377 514 2409 Meminit
541 2379 576 2407 et
600 2373 785 2406 Suetonius
807 2374 926 2405 Domi-

224 2428 318 2461 tiano
347 2438 424 2469 cap.
455 2430 486 2458 4.
529 2424 666 2457 ‘Omne
682 2433 790 2466 genus
814 2434 926 2456 rerum

221 2478 362 2511 missilia
393 2476 540 2518 sparsit!
584 2475 764 2507 Interdum
786 2484 853 2506 non
879 2484 929 2506 so-

221 2530 294 2562 lum
310 2537 365 2560 res
381 2527 581 2566 mittebant,
594 2525 655 2557 sed
681 2531 842 2562 tesseras,
858 2526 930 2567 qui-

223 2580 288 2613 bus
317 2577 445 2620 aliquid
475 2577 677 2617 inscriptum
708 2579 795 2608 erat„
837 2576 929 2608 Vide

224 2630 439 2673 Xiphilinum
460 2628 615 2660 Nerone.

266 2684 308 2714 67
355 2679 478 2713 Faciles
501 2678 576 2719 emi]
597 2679 726 2720 Tangit
755 2679 929 2711 detestan-

225 2733 305 2764 dam
330 2729 627 2768 consuetudinem,
643 2739 712 2771 qua
727 2730 927 2762 meretrices

224 2788 306 2827 post
331 2782 429 2815 ludos
442 2781 556 2814 finitos
571 2780 722 2812 onmium
737 2779 869 2812 libidini
886 2789 927 2812 ac

984 1564 1132 1596 licentiae
1147 1564 1458 1607 prostituebantur.
1502 1563 1591 1597 Vide
1605 1564 1687 1597 Ter-

984 1615 1060 1647 tull.
1075 1615 1119 1647 de
1131 1615 1357 1657 spectaculis.

1025 1670 1068 1698 70
1079 1667 1191 1709 Lydiae
1201 1666 1370 1708 tumentes]
1383 1666 1538 1708 Scaliger
1547 1666 1631 1708 legit
1640 1667 1688 1698 lu-

981 1716 1061 1749 dias.
1084 1717 1212 1749 Ludius
1225 1716 1366 1759 proprie
1377 1717 1513 1750 Graecis
1522 1716 1687 1759 ὀρχεστὴς,

980 1769 1115 1800 saltator
1127 1769 1270 1801 Latinis.
1296 1768 1364 1800 Sed
1374 1768 1454 1800 nihil
1463 1769 1663 1802 mutandum
1675 1780 1686 1809 ;

982 1828 1059 1851 nam
1090 1824 1128 1852 et
1156 1820 1283 1861 Lydias
1308 1819 1430 1852 obesas
1453 1824 1490 1852 et
1514 1824 1685 1852 tumentes

981 1869 1084 1902 fuisse
1097 1870 1200 1903 docet
1209 1871 1231 1904 J
1236 1872 1388 1903 uvenalis
1401 1872 1471 1903 Sat.
1483 1879 1568 1903 vm.
1581 1874 1591 1889 ⁶
1601 1872 1686 1903 Tur-

981 1920 1060 1961 gida
1089 1921 1135 1951 nil
1161 1921 1302 1961 prodest
1317 1920 1458 1952 condita
1473 1921 1604 1962 pyxide
1621 1922 1687 1963 Ly-

982 1970 1051 2003 de.'
1094 1971 1208 2013 Lydiae
1223 1975 1338 2003 antem
1355 1981 1397 2002 ex
1419 1971 1532 2013 Lydia
1545 1972 1687 2013 regione

981 2020 1075 2053 Asiae
1089 2022 1242 2054 minoris.
1277 2021 1367 2053 Vide
1382 2021 1489 2054 Theb.
1503 2030 1556 2053 vr.
1570 2023 1649 2054 54⁰.

1022 2073 1063 2103 71
1112 2071 1312 2112 Tinnuloeque
1349 2071 1472 2112 Gades]
1517 2071 1687 2114 Intelligit

981 2122 1113 2163 puellas
1130 2122 1320 2155 Gaditanas
1345 2122 1537 2154 saltatrices
1561 2127 1598 2154 et
1611 2131 1687 2155 ero-

982 2173 1160 2205 talistrias.
1205 2173 1380 2205 Dicuntur
1402 2173 1534 2204 tinnuloe
1547 2172 1592 2205 ob
1614 2177 1685 2206 tes-

981 2225 1071 2256 tulas
1087 2228 1123 2256 et
1139 2224 1298 2264 ossicula,
1314 2223 1437 2266 quibus
1449 2224 1542 2256 inter
1556 2225 1684 2256 saltan-

982 2274 1062 2306 dum
1081 2275 1252 2316 crepitum
1268 2273 1472 2307 excitabant
1487 2285 1498 2306 ε
1525 2283 1602 2316 quae
1616 2279 1686 2307 tes-

982 2325 1064 2356 tnlae
1096 2324 1255 2357 dicuntur
1278 2324 1434 2356 Martiali
1461 2325 1687 2366 ‘croumata,’

988 2376 998 2394 ‘
1006 2376 1138 2408 scabilli
1149 2376 1160 2390 ’
1172 2377 1290 2416 etiam,
1299 2375 1444 2414 Gallice,
1455 2376 1687 2416 Castagnettoe.

981 2427 1158 2460 ,luvenalis
1195 2427 1267 2458 Sat.
1308 2434 1359 2457 xi.
1404 2427 1415 2444 ‘
1432 2426 1593 2458 Forsitan
1628 2436 1686 2458 ex-

982 2482 1113 2518 pectes,
1137 2482 1175 2508 ut
1201 2476 1375 2509 Gaditana
1391 2485 1512 2508 sonoro
1534 2476 1686 2518 Incipiat

984 2528 1119 2569 prurire
1145 2526 1273 2559 choro.’
1317 2526 1434 2558 Gades
1463 2533 1579 2558 autem
1609 2527 1686 2560 duae

983 2578 1102 2611 insulae
1129 2579 1163 2610 in
1190 2577 1280 2610 freto
1300 2577 1476 2610 Gaditano
1492 2578 1525 2609 in
1542 2578 1616 2619 ipso
1632 2588 1686 2610 ca·

984 2630 1058 2672 pite
1074 2629 1234 2661 Baeticae.
1278 2628 1369 2660 Vide
1388 2628 1536 2660 Plinium
1553 2628 1614 2661 lib.
1639 2638 1686 2662 lv.

984 2689 1060 2721 cap.
1076 2682 1131 2711 22.
1175 2678 1304 2719 Hodie,
1321 2678 1430 2710 cadiz.

1025 2733 1068 2762 72
1091 2729 1260 2771 Syrorum]
1280 2728 1358 2770 Syri
1373 2737 1510 2769 semper
1523 2728 1612 2761 ludis
1627 2729 1688 2762 de-

982 2780 1058 2813 diti.
1090 2779 1180 2813 Vide
1193 2779 1396 2812 Strabonem
1413 2784 1450 2811 et
1461 2778 1692 2822 Stephanum.
