1800 3060
224 208 282 251 98

726 221 767 252 P.
800 221 994 254 PAPINII
1029 222 1194 254 STATH

223 314 426 357 Pendent
445 316 686 358 innumeris
708 316 892 372 fastigia
912 319 1021 361 nixa
1041 320 1283 372 columnis3

223 382 410 426 Robora
432 385 685 427 Dalmatico
705 386 853 428 lucent
873 388 1035 430 satiata
1055 389 1257 431 metallo:

222 450 483 494 Excludunt
503 453 652 495 radios
673 454 814 508 sylvis
834 455 1022 497 decussa
1043 457 1232 498 vetustis

223 519 430 574 Frigora3
463 522 689 576 perspicui
709 523 866 564 vivunt
885 524 931 565 in
952 537 1168 566 marmore
1186 525 1351 567 fontes.

1599 527 1686 569 155

223 588 326 631 Nec
347 593 495 630 servat
516 589 692 631 Natura
713 591 862 633 vices:
892 591 966 634 hic
988 592 1132 634 Sirius
1154 593 1286 646 alget,

222 657 392 699 Bruma
410 661 559 711 tepet3
590 670 854 713 versumque
876 659 1033 701 domus
1050 660 1136 702 sibi
1155 663 1370 716 temperat
1389 674 1566 704 annum.

221 723 406 766 Exultat
425 724 542 775 visu,
563 726 786 781 tectisque
806 729 996 781 potentis
1018 729 1207 771 alumnae

221 791 326 834 Non
345 805 477 834 secus
498 793 614 835 alma
633 793 809 846 Venus,
829 808 963 850 quam
984 795 1023 837 si
1043 796 1233 850 Paphon
1253 809 1430 852 aequore
1450 797 1508 839 ab
1528 797 1638 850 alto,

220 911 331 939 tantur
342 909 486 950 pluribus
498 910 664 943 columnis.-
686 911 845 952 laquearia
869 911 973 943 nitent
996 912 1170 942 incrustata
1192 921 1267 943 auro
1289 911 1484 944 Dalmatico.
1528 912 1680 954 Antiquoe

219 954 251 982 et
266 953 413 983 umbrosae
427 954 522 995 sylvoe
533 957 639 985 arcent
660 955 768 985 radios
791 956 875 991 solis.
921 954 1073 986 Pellucidi
1090 954 1200 992 sontes
1213 954 1323 994 fluunt
1348 955 1382 986 in
1406 965 1568 987 marmore.
1613 956 1682 987 Nec

218 998 333 1026 natura
347 1000 452 1027 sert-at
468 999 684 1038 tempestatum
699 997 801 1028 vices.-
822 997 874 1028 hio
898 996 1004 1028 Sirius
1027 997 1124 1036 riget,
1150 998 1256 1039 hyems
1281 998 1373 1036 calet,
1394 1001 1426 1029 et
1450 999 1556 1030 domus
1578 1001 1681 1030 mtat

216 1036 277 1069 sibi
292 1048 417 1080 annum,
431 1042 463 1071 et
476 1041 663 1073 moderatur.
712 1040 815 1072 Venus
827 1050 912 1082 atque
923 1041 1040 1080 gaudet
1055 1040 1159 1072 videre
1169 1044 1200 1072 et
1210 1040 1314 1073 subire
1324 1041 1407 1073 oedes
1417 1041 1526 1073 divitis
1535 1043 1684 1081 alumne,

835 1133 1076 1146 WMOO

219 1206 342 1238 Heius.
359 1207 391 1238 in
416 1206 566 1242 Advers.
588 1218 622 1250 p.
643 1211 719 1241 604.
744 1209 1058 1242 moderatrix—152
1081 1208 1251 1250 Splendeat
1278 1210 1374 1242 malit
1397 1209 1680 1243 Mammam.—

219 1251 282 1280 153
308 1250 474 1283 Dalmatio
491 1252 588 1283 Rom.
604 1254 636 1283 1.
651 1254 684 1283 2.
700 1252 887 1284 Venett.2.
904 1255 936 1284 3.
952 1254 984 1283 4.
1003 1257 1040 1284 et
1054 1253 1119 1294 Til.
1135 1253 1314 1285 Dalmatico
1335 1253 1438 1286 codd.
1459 1264 1536 1286 cum
1552 1254 1679 1286 Venet.

219 1294 251 1324 1.
276 1297 311 1323 et
336 1292 440 1325 Aldd.
470 1295 588 1326 sociata
611 1295 735 1326 metallo
762 1295 851 1336 conj.
878 1295 983 1326 Bern.
1009 1300 1044 1327 et
1072 1295 1222 1336 Lipsius3
1247 1297 1426 1328 Piccartns
1441 1306 1459 1327 e
1475 1296 1594 1328 codice
1617 1306 1678 1328 suo

217 1336 340 1367 sancita
350 1338 595 1369 metalla—154
620 1338 776 1369 Handius
792 1347 835 1369 ex
851 1337 981 1369 duobus
997 1337 1098 1370 codd.
1115 1342 1151 1370 et
1167 1339 1283 1372 Parm.
1297 1339 1407 1371 edidit
1419 1340 1514 1380 sylvis
1524 1338 1681 1378 demissa,-

218 1378 341 1410 Heius.
359 1380 447 1420 conj.
462 1381 612 1419 demulsa,
629 1386 689 1412 aut
703 1380 870 1421 diffusa.—
881 1383 941 1412 155
967 1379 1088 1413 Heins.
1103 1381 1146 1413 ad
1162 1381 1284 1414 Claud.
1298 1381 1376 1414 Ruf.
1394 1391 1418 1413 ι.
1434 1385 1508 1415 153.
1530 1381 1678 1414 Advers.

217 1430 253 1461 p.
269 1423 345 1453 605.
362 1427 397 1453 et
413 1423 523 1463 Epist.
548 1423 679 1464 Syllog.
702 1424 797 1455 Tom·
815 1432 848 1456 v.
873 1433 906 1464 p.
931 1426 1008 1455 533.
1032 1424 1203 1457 correxit:
1226 1426 1260 1456 in
1285 1425 1678 1464 murmurafontes.—15⁷

218 1463 318 1495 Idem
335 1465 368 1495 in
391 1465 531 1497 ineditis
548 1467 615 1508 legi
633 1466 734 1507 jubet
748 1477 756 1497 :
779 1474 966 1507 vernumque
980 1468 1098 1508 domus,
1113 1469 1276 1508 ‹yffi—158
1301 1469 1459 1500 Est-ultam
1474 1468 1542 1499 visu
1554 1468 1678 1500 Venet-

219 1509 250 1540 1.
277 1510 450 1550 tectumque
477 1509 634 1541 tentabat
658 1509 895 1542 Maru—159
918 1510 1044 1543 Venet.
1068 1513 1100 1543 1.
1124 1520 1238 1552 quoese
1251 1511 1475 1553 phuam—160
1498 1511 1679 1553 Idaliasque

875 1609 1021 1642 NOTAE

216 1681 301 1713 pura
323 1672 431 1714 Tyria
455 1673 604 1705 omnium
635 1673 923 1715 praestantissima

216 1723 428 1763 tingebatur.

261 1774 460 1816 Moderator]
482 1774 662 1806 Moderator
675 1773 704 1807 G
710 1774 844 1807 evartio
859 1779 924 1815 est,

215 1825 346 1857 tinctor
371 1835 533 1867 purpurae
559 1826 685 1866 Tyriae,
711 1836 772 1857 seu
797 1826 923 1858 serico-

215 1875 332 1917 hapta.
378 1876 509 1908 Cruceo
530 1886 611 1908 vero
632 1877 809 1907 moderator
830 1877 922 1908 aheni

217 1926 322 1968 Tyrii,
338 1936 469 1967 murex,
484 1927 541 1968 qui
568 1927 687 1958 eadem
713 1928 846 1959 ratione
871 1928 921 1959 di-

215 1977 306 2008 citur
340 1979 526 2018 moderator,
557 1987 622 2019 qua
659 1978 849 2019 Psittacus,
877 1987 919 2010 ιι.

213 2026 408 2068 sylvarum,
437 2027 564 2059 dicitur
593 2029 781 2068 ‘regnator
811 2029 921 2069 piagae

214 2077 320 2110 Eoae:
363 2078 402 2109 In
419 2087 486 2120 quo
505 2078 593 2110 enim
617 2078 694 2110 loco
712 2079 921 2121 unumquod-

216 2137 282 2169 que
312 2129 443 2161 eminet
475 2139 548 2171 prae
579 2129 669 2171 aliis,
696 2130 745 2162 ibi
775 2140 919 2173 regnare

214 2180 465 2222 quodammodo
481 2180 619 2213 dicitur.

258 2234 319 2264 153
348 2231 524 2263 Dalmatico
540 2231 682 2273 metallo]
697 2231 740 2263 Id
756 2235 821 2272 est,
835 2241 919 2264 auro

213 2283 436 2315 Dalmatico:
460 2281 660 2314 aurifodinae
685 2281 774 2314 euim
801 2291 919 2323 reper-

213 2338 259 2365 tae
283 2338 363 2365 sunt
384 2334 418 2365 in
433 2327 608 2365 'Dalmatia
630 2337 788 2374 ternpore
808 2333 918 2364 Nero-

213 2384 276 2415 nis.
325 2383 498 2415 Dalmatia
511 2392 592 2415 vero
605 2392 684 2425 pars
695 2383 827 2424 Illyrici
839 2392 918 2415 con-

213 2435 359 2467 termina
374 2435 547 2467 Liburniae
564 2435 606 2467 ad
627 2444 797 2467 occasum.
846 2436 918 2467 Sta-

214 2488 280 2518 tius
294 2495 343 2518 1v.
379 2487 557 2527 Sylvarum
575 2486 618 2518 ad
633 2486 795 2520 Junium:
820 2485 919 2517 ‘Dal-

212 2543 315 2569 matae
331 2542 477 2574 montes,
494 2537 551 2568 ubi
567 2537 651 2569 Dite
666 2537 739 2569 viso
764 2537 917 2569 Pallidus

212 2588 322 2620 fossor
335 2587 438 2625 redit,
449 2593 616 2630 erutoque
629 2588 801 2620 Concolor
812 2587 918 2620 auro.’

212 2640 310 2671 Idem
328 2639 431 2671 Lach.
447 2639 633 2670 Hetrusci:
655 2639 665 2656 ‘
683 2637 855 2680 Quicquid
873 2637 916 2670 ab

211 2689 367 2721 auriferis
383 2690 513 2731 ejectat
528 2689 642 2720 Iberia
658 2688 767 2729 fossis,
777 2690 917 2722 Dalma-

212 2739 280 2771 tico
299 2740 388 2781 quod
403 2744 520 2771 monte
537 2739 648 2771 nitet.’
691 2740 841 2779 Robora,
856 2747 916 2771 seu

213 2790 343 2830 trabes,
366 2799 405 2822 ac
428 2790 602 2832 laquearia
626 2789 735 2831 primo
759 2790 917 2822 inaurata

976 1679 1056 1707 sunt
1078 1675 1114 1707 in
1139 1675 1313 1717 Capitolio
1334 1680 1414 1718 post
1437 1674 1680 1716 Carthaginem

975 1735 1150 1758 eversam:
1187 1736 1268 1758 mox
1292 1727 1328 1758 iu
1350 1725 1493 1768 privatis
1522 1725 1680 1757 domibus

976 1786 1059 1808 auro
1088 1781 1184 1808 tecta
1211 1775 1365 1810 fuerunt.
1407 1776 1499 1807 Vide
1528 1776 1679 1808 Plinium

974 1827 1032 1860 lib.
1048 1837 1189 1859 xxxin.
1203 1837 1281 1869 cap.
1297 1831 1330 1860 4.

1020 1881 1082 1910 154
1107 1879 1213 1921 Syluis
1232 1879 1358 1910 demessa
1372 1877 1503 1910 vetustis
1518 1876 1657 1916 Frigora
1666 1888 1678 1915 ,-

973 1928 1128 1970 perspicui
1139 1930 1250 1960 vivunt
1259 1929 1292 1959 in
1306 1927 1584 1970 marmor-osorius]
1608 1927 1679 1959 Ne-

975 1988 1048 2010 mus
1063 1979 1151 2010 enim
1175 1979 1299 2011 eratin
1323 1979 1454 2010 aedibus
1469 1978 1679 2010 Violantinae

969 2029 1072 2070 juxta
1102 2028 1246 2071 fontem,
1275 2029 1366 2071 quod
1395 2029 1499 2061 etiam
1530 2031 1679 2061 testatur

976 2079 1149 2111 Martialis
1163 2090 1172 2111 τ
1195 2084 1205 2098 ‘
1220 2080 1311 2112 Fons
1326 2079 1485 2112 Dominae
1500 2079 1615 2119 regina
1631 2079 1678 2110 lo·

975 2130 1021 2168 ci,
1040 2140 1108 2172 quo
1129 2130 1256 2170 gaudet
1267 2129 1427 2162 Ianthis!
1475 2128 1624 2170 Frigora]
1644 2128 1677 2160 A

974 2181 1213 2223 consequenti,
1237 2181 1329 2223 quod
1357 2179 1536 2222 praecedit,
1552 2179 1678 2211 inteili-

974 2233 1046 2273 git:
1071 2243 1147 2265 nam
1161 2242 1236 2265 cum
1249 2242 1293 2264 ex
1303 2231 1430 2263 umbris
1442 2229 1571 2271 frigora
1579 2228 1678 2269 fiant,

971 2283 1036 2315 hoc
1058 2293 1119 2324 pro
1141 2283 1271 2315 umbris
1292 2281 1441 2322 accepit.
1481 2281 1614 2322 Vivant]
1634 2279 1677 2311 Id

973 2338 1039 2374 est,
1060 2329 1185 2366 fluimt.
1228 2333 1286 2365 Sic
1311 2332 1418 2364 Theb.
1435 2340 1487 2363 rx.
1517 2332 1528 2349 ‘
1545 2330 1675 2371 Purga-

973 2388 1051 2416 tura
1073 2385 1197 2416 malum
1219 2382 1323 2414 fluvio
1338 2382 1476 2414 vivente
1497 2382 1678 2422 soporem.’

973 2436 1019 2467 Et
1032 2435 1129 2475 Virg.
1173 2435 1183 2452 ‘
1202 2435 1247 2465 Et
1269 2442 1324 2465 me
1350 2431 1488 2464 flumine
1503 2431 1582 2463 vivo
1606 2430 1677 2463 Ab·

972 2485 1095 2518 luel-ol

1015 2540 1078 2569 156
1100 2535 1220 2577 Sirius]
1243 2535 1345 2568 Sidus
1361 2534 1524 2567 caniculae
1540 2533 1676 2567 calidis-

970 2588 1106 2620 simum.
1149 2587 1239 2618 Vide
1254 2586 1363 2618 Theb.
1378 2596 1404 2618 1.

1014 2642 1077 2671 159
1099 2638 1247 2680 Paphon]
1268 2637 1406 2678 Paphos
1429 2635 1592 2678 oppidum
1608 2635 1676 2678 Cy-

970 2690 1038 2732 pri,
1053 2689 1086 2721 in
1102 2698 1167 2731 quo
1182 2688 1340 2729 religiose
1355 2687 1532 2720 colebatur
1547 2686 1675 2727 venus,

970 2746 1008 2773 ut
1025 2749 1142 2773 omnes
1158 2738 1282 2772 sciunt.
