1800 3060
205 211 292 254 264

702 224 741 253 P.
778 222 967 253 PAPINII
1003 223 1167 255 S'rA'rn

207 316 411 358 Attendit
431 320 556 359 torvo
578 317 719 360 tristis
741 318 1018 362 Rhamnusia
1038 321 1191 362 vultu:

206 383 277 425 Ac
298 385 488 438 primum
505 385 794 440 implevitque
814 393 946 438 toros,
967 389 1199 443 oculisque
1221 390 1406 431 nitorem

205 451 410 502 Addidit,
433 457 477 493 et
498 452 635 494 solito
657 454 894 495 sublimius
915 467 997 496 ora
1017 455 1199 507 levavit,

1616 457 1675 498 75

204 519 358 574 (Heu!
390 519 550 560 misero
570 521 703 562 letale
724 519 916 575 favens)
935 534 1123 577 seseque
1143 522 1337 565 videndo

203 650 359 691 piadibus.

406 653 524 685 Moesta
540 654 684 685 Nemesis
697 654 835 694 respexit
859 663 928 685 eum
943 654 1026 686 limis
1041 655 1147 694 oculis,
1159 665 1196 686 uc
1207 655 1342 695 primum
1356 655 1496 697 implevit
1511 654 1578 695 ejus
1589 663 1672 686 mus-

205 695 301 732 culos,
317 699 348 726 et
361 696 495 735 proebuic
500 697 663 736 fulgorem
677 698 784 737 oculis,
807 701 837 729 et
862 697 1019 728 decoravit
1044 699 1165 729 ”uuum
1178 699 1287 737 for-mu
1308 699 1400 730 solito
1415 698 1594 739 egregiori:
1614 698 1674 729 heu

205 737 294 768 donis
306 740 478 780 cumulans,
493 743 527 771 ut
543 741 696 771 crudelius
711 741 743 771 in
755 750 823 772 eum
838 742 974 782 saeviret,
988 743 1018 772 et
1034 743 1082 772 tot
1098 743 1183 773 dotes
1197 742 1328 775 videndo
1339 752 1403 774 sese
1418 741 1628 782 excruciavit,
1641 743 1673 772 et

851 828 997 861 NOTAE
1025 847 1027 849 v

204 892 269 924 hoc
285 894 538 935 elegantissimo
553 898 715 940 loquendi
740 899 840 931 modo
864 899 916 930 in-

205 944 280 975 nuit
293 945 466 978 Pliiletum
484 950 685 989 pervenisse
702 948 775 982 fere
793 951 835 982 ad
854 950 914 982 de-

205 995 328 1027 cimum
339 1002 498 1030 octavum
509 1001 623 1032 aetatis
637 1011 781 1041 annum;
807 1006 914 1034 meta-

206 1046 314 1086 phora
351 1048 511 1081 desumta
543 1061 562 1082 a
599 1052 686 1083 ludis
719 1053 814 1084 Eleis
852 1064 912 1085 seu

206 1096 413 1139 olympicis,
434 1101 490 1141 qui
514 1102 634 1142 quinto
665 1113 800 1145 quoque
823 1114 911 1135 anno

205 1147 480 1187 celebrabantur,
511 1157 548 1183 et
569 1153 656 1185 ludis
683 1155 836 1196 Nemeis,
853 1156 910 1197 qui

206 1198 310 1230 tertio
334 1210 468 1242 quoque
490 1212 578 1234 anno
595 1204 768 1246 redibant,
787 1212 824 1238 ut
840 1216 910 1237 om-

205 1258 263 1279 nes
295 1250 419 1292 sciunt,
442 1257 478 1283 et
505 1252 580 1294 ipse
611 1254 776 1296 Papinius
806 1257 910 1289 docet

202 1300 310 1334 Theb.
335 1311 370 1334 v.
393 1303 500 1336 ‘Cum
529 1306 663 1338 tristem
689 1307 908 1349 Hypsipylen

203 1352 345 1384 ducibus
356 1354 497 1386 sudatus
509 1355 651 1388 Achivis
661 1357 775 1389 Ludus
789 1363 825 1390 et
836 1363 909 1391 atra

203 1412 339 1434 sacrum
371 1405 493 1437 recolit
514 1407 681 1439 Trieteris
709 1408 911 1449 Ophelten!

210 1454 294 1485 Vita>
322 1456 436 1487 adultae
458 1458 567 1489 limine
593 1459 747 1499 [carmen]
771 1459 812 1491 Id
844 1465 911 1502 est,

202 1515 301 1547 quem
318 1507 426 1539 omnis
441 1508 508 1540 vitu
530 1509 661 1549 adulta,
676 1520 792 1542 omnes
807 1511 908 1552 juve-

202 1566 263 1587 nes
280 1557 461 1590 canebant.
506 1559 576 1591 Pro
593 1570 715 1592 carmen
732 1567 844 1593 autem
862 1562 908 1593 le-

201 1606 252 1647 git
284 1607 480 1640 Gronovius
501 1619 642 1651 germen,
667 1612 786 1654 aitque
808 1613 907 1653 hujus

202 1657 268 1688 loci
295 1667 430 1690 sensum
457 1670 552 1692 esse:
580 1661 635 1692 ille
659 1663 908 1704 pulcherrimus

194 1707 359 1747 juvenum
378 1709 480 1741 modo
498 1712 580 1743 vitae
604 1713 732 1745 adultae
754 1724 907 1756 germen,

199 1758 234 1789 id
262 1763 329 1799 est,
349 1757 411 1791 flos
426 1760 562 1794 intratae
578 1763 824 1797 adolescentiae
840 1770 906 1798 ten·

200 1809 293 1841 debat
317 1815 451 1852 nectere,
470 1814 523 1853 850.
550 1813 635 1855 legit
658 1815 748 1847 idem
774 1816 909 1849 Grono-

201 1861 276 1892 vius
305 1863 449 1895 tendebat
473 1875 535 1906 pro
560 1867 702 1899 tentabat
724 1877 744 1899 a
766 1868 910 1900 Senensi

201 1912 267 1943 Ms.
284 1917 320 1944 et
336 1914 489 1947 Romano
505 1916 637 1957 codice,
661 1923 696 1950 et
715 1919 799 1951 dicit
821 1919 909 1951 Poe-

202 1967 269 1994 tam
281 1973 378 1996 usum
389 1965 567 2006 eleganter
578 1969 682 2000 verbo
697 1969 906 2003 Horatiano:

197 2012 363 2055 ‘Singula
392 2014 436 2046 de
473 2016 569 2048 nobis
602 2019 680 2050 anni
710 2020 910 2060 praedantur

201 2067 346 2096 euntes:
382 2065 553 2107 Eripuere
580 2067 693 2108 jocos,
724 2070 908 2111 Venerem,

201 2114 372 2155 convivia,
387 2115 503 2147 ludum
517 2127 526 2148 :
551 2117 710 2150 Tendunt
725 2124 907 2162 extorque-

200 2175 237 2196 re
255 2164 437 2206 poemata!
459 2167 518 2198 Sic
534 2167 634 2200 alibi:
657 2169 778 2211 ‘Aqua
795 2171 908 2204 tendit

201 2225 360 2257 rumpere
378 2217 578 2259 plumbum,’
601 2229 662 2260 pro
677 2221 811 2254 nititur.
841 2224 905 2255 Le·

200 2267 251 2307 git
277 2266 449 2299 Gruterus
473 2269 594 2301 culmen
617 2270 692 2303 loco
715 2281 851 2312 carmen,
868 2278 908 2306 ut

200 2318 244 2348 sit
257 2327 351 2349 mens
370 2318 543 2351 Pliiletum
557 2321 713 2362 attigisse
726 2333 835 2365 prope
848 2324 906 2357 de-

199 2370 324 2402 cimum
338 2374 500 2402 octavum
514 2373 627 2404 aetatis
639 2383 776 2416 annum,
788 2377 844 2418 qui
853 2380 907 2408 est

198 2421 317 2452 culmen
333 2422 408 2452 citae
422 2423 552 2464 adultae,
574 2423 609 2455 id
625 2428 693 2466 est,
706 2426 906 2459 adolescen-

200 2471 281 2511 tioe;
309 2471 543 2505 adolescentia
557 2475 647 2506 euim
662 2476 783 2518 incipit
794 2477 836 2509 ab
849 2488 908 2509 an·

199 2532 243 2554 no
259 2523 374 2554 aetatis
388 2522 606 2566 duodecimo,
618 2527 672 2558 vel
689 2529 805 2568 potius
816 2528 908 2561 deci-

199 2584 256 2606 mo
270 2578 407 2615 quarto,
422 2578 459 2606 et
484 2574 600 2608 finitur
624 2587 715 2610 anno
742 2579 906 2620 vigesimo

200 2625 324 2666 primo,
355 2629 434 2666 post
460 2635 559 2667 quem
589 2628 713 2670 incipit
728 2630 904 2671 juventus.

199 2675 258 2708 Sic
273 2675 425 2707 decimus
446 2679 588 2708 octavus
603 2679 718 2711 aetatis
732 2689 836 2712 annus
851 2686 906 2714 est

199 2727 318 2758 culmen
342 2725 595 2759 adolescentiae.
639 2728 730 2761 Nam
747 2736 826 2772 post
840 2733 905 2765 hoc

202 2781 338 2818 tempus
354 2776 479 2819 incipit
498 2787 639 2820 vergere
654 2778 697 2811 ad
707 2780 903 2821 juventam.

969 899 1020 931 Cl.
1037 899 1222 932 Salmasius
1239 899 1273 931 in
1285 899 1398 942 Epist.
1415 901 1470 932 86.
1484 898 1528 931 ad
1539 898 1674 931 Grono-

968 951 1058 981 vium
1087 951 1172 992 legit
1200 951 1333 991 crimen,
1371 961 1432 992 pro
1468 959 1606 990 carmen,
1637 953 1676 981 et

968 1006 1131 1042 punctum
1148 1002 1246 1043 ponit
1264 1006 1343 1043 post
1356 1001 1396 1032 τὸ
1409 1001 1526 1032 udultoe
1538 1011 1551 1037 ;
1564 1003 1600 1032 et
1615 999 1677 1038 ait,

966 1050 1095 1083 Poetas
1112 1052 1221 1084 solere
1237 1058 1274 1084 et
1285 1050 1470 1093 aliquando
1482 1050 1674 1081 Historicus

967 1103 1093 1134 acerba
1130 1101 1252 1135 funera
1289 1103 1493 1144 plerumque
1526 1100 1673 1133 Invidiae

965 1152 1042 1193 ipsi,
1057 1163 1156 1195 quam
1173 1153 1240 1185 θεὸν
1254 1152 1552 1192 σωματοτοωῦνται,
1571 1155 1607 1183 et
1624 1151 1675 1182 in-

966 1203 1045 1234 vido
1083 1203 1187 1235 alicui
1217 1204 1349 1235 numini
1386 1203 1553 1242 tribuere,
1583 1201 1673 1243 qnod

964 1255 1247 1295 praestantissima
1262 1263 1408 1296 quaeque
1425 1253 1511 1285 nolit
1523 1253 1557 1284 in
1572 1253 1674 1284 terris

963 1303 1136 1337 diurnare.
1179 1304 1284 1346 Apud
1326 1305 1419 1336 illam
1455 1304 1673 1335 divinitatem

961 1354 1080 1386 crimen
1095 1359 1161 1396 est,
1171 1355 1225 1386 vel
1242 1364 1304 1395 pro
1315 1354 1456 1386 crimine
1469 1354 1626 1393 habetur,
1637 1353 1673 1384 in

963 1405 1081 1438 adulto
1110 1415 1256 1447 corpore
1281 1405 1417 1437 virtutis
1442 1414 1565 1445 magna
1595 1413 1674 1445 spes

965 1457 1136 1495 exoriens,
1153 1460 1189 1497 et
1214 1465 1293 1488 sese
1317 1465 1487 1488 exerens:
1512 1455 1590 1486 ideo
1605 1459 1674 1486 sta—

968 1508 1027 1538 tim
1046 1508 1077 1538 in
1091 1506 1204 1538 medio
1220 1516 1323 1538 cursu
1342 1506 1518 1538 demetere
1534 1505 1674 1546 satagit,

963 1557 1158 1599 priusquam
1175 1557 1217 1588 ad
1239 1556 1373 1598 frugem
1385 1561 1424 1588 et
1437 1557 1674 1588 maturitatem

965 1608 1156 1648 perveniat.
1216 1607 1340 1649 Itaque
1374 1607 1504 1639 crimen
1534 1607 1673 1638 Phileto

964 1657 1087 1699 fuisse,
1111 1668 1180 1700 quo
1206 1658 1350 1690 Invidiae
1364 1667 1424 1689 seu
1450 1657 1591 1689 Nemesi
1606 1656 1674 1689 fuit

962 1710 1103 1742 invisus.
1148 1709 1267 1742 Adulea
1283 1710 1364 1750 vita,
1376 1719 1436 1740 seu
1450 1707 1604 1740 decimus
1616 1717 1673 1739 oc-

962 1765 1062 1792 tavus
1075 1770 1192 1799 annus,
1203 1765 1257 1791 est
1268 1759 1330 1791 flos
1342 1760 1414 1801 ipse
1427 1759 1553 1799 aetatis,
1565 1757 1674 1790 inillis

962 1812 1121 1852 maxime,
1148 1812 1206 1853 qui
1234 1810 1345 1842 forma
1375 1809 1673 1851 commendantur,

961 1868 1000 1895 ut
1011 1864 1100 1895 hunc
1113 1864 1286 1895 Philetum
1299 1863 1518 1895 commendat
1526 1862 1672 1894 Statius.

963 1914 1061 1946 Idem
1076 1914 1261 1946 Salmasius
1278 1914 1311 1944 in
1336 1913 1445 1955 Epist.
1460 1915 1514 1944 88.
1529 1913 1570 1944 ad
1587 1922 1670 1944 eun-

964 1964 1041 1996 dem
1068 1965 1281 1996 Gronov-ium
1303 1964 1407 2004 legit:
1431 1963 1506 1995 vita»
1527 1964 1617 1994 modo
1631 1963 1670 1994 11¹-

964 2025 1031 2046 men
1047 2016 1164 2046 aduuoe
1184 2015 1316 2047 Neclere
1329 2013 1481 2046 tentabat.
1504 2012 1670 2054 Nectere‚

963 2066 1087 2108 inquit,
1103 2066 1264 2098 tentabat
1279 2075 1380 2097 unam
1403 2063 1598 2097 Trieterida
1611 2064 1671 2095 tri-

965 2116 1026 2148 bus
1051 2116 1330 2158 Olympiadibus,
1366 2115 1456 2158 quod
1493 2119 1550 2147 est
1576 2115 1671 2147 limen

964 2172 1096 2199 tantum
1127 2173 1164 2199 et
1189 2166 1394 2198 vestibulum
1419 2166 1474 2197 vel
1500 2166 1671 2207 ingressus

960 2218 1036 2249 citoe
1061 2219 1200 2250 aduuae:
1223 2228 1267 2249 ex
1293 2217 1435 2258 ephebis
1460 2226 1584 2258 nempe
1609 2226 1670 2248 ex-

960 2274 1124 2309 cesserat,
1149 2268 1209 2311 qui
1233 2278 1392 2310 egressus
1407 2273 1459 2300 est
1476 2268 1605 2300 adultae
1621 2268 1670 2300 vi·

962 2324 1019 2350 tae.
1064 2319 1136 2350 Per
1169 2318 1424 2360 appositionem
1450 2318 1569 2359 itaque
1594 2318 1668 2350 haec

961 2369 1146 2401 dicuntur:
1177 2370 1252 2401 vitoe
1268 2371 1358 2401 modo
1371 2370 1466 2401 limen
1481 2370 1612 2400 adulta.

1003 2426 1046 2458 ⁷3
1072 2424 1285 2464 Rhamnusia]
1308 2424 1389 2455 Dea
1412 2422 1583 2460 Nemesis,
1605 2432 1667 2454 seu

961 2476 1137 2516 Adrastia,
1166 2473 1359 2506 Rhamnusia
1381 2472 1477 2505 dieta
1497 2482 1518 2503 a
1541 2471 1669 2505 Rham.

960 2532 1067 2558 nunte
1094 2525 1222 2566 oppido
1245 2523 1386 2563 Atticae,
1409 2522 1444 2554 in
1466 2532 1532 2564 quo
1549 2533 1668 2564 super-

959 2576 1039 2609 bum
1051 2575 1202 2608 habebat
1213 2573 1388 2614 templum.
1433 2572 1523 2604 Vide
1547 2583 1666 2616 supra,

959 2638 1008 2661 vs.
1025 2630 1084 2660 69.
1119 2624 1251 2666 Tristis]
1273 2625 1322 2656 Ut
1335 2633 1440 2665 supra
1450 2623 1579 2656 dicitur
1593 2625 1603 2643 ‘
1617 2626 1668 2657 in·

956 2678 1064 2720 felix,'
1090 2676 1183 2720 quod
1213 2685 1267 2707 res
1297 2675 1395 2707 laetas
1423 2679 1460 2706 et
1484 2684 1667 2718 prosperas

960 2730 1046 2812 oda·
1066 2774 1312 2817 Letalefavens]
1334 2774 1424 2808 Haec
1441 2775 1532 2817 enim
1545 2775 1665 2809 omnia
