<?xml version="1.0" encoding="UTF-8"?>
<!DOCTYPE html PUBLIC "-//W3C//DTD XHTML 1.0 Transitional//EN"
    "http://www.w3.org/TR/xhtml1/DTD/xhtml1-transitional.dtd">
<html xmlns="http://www.w3.org/1999/xhtml" xml:lang="en" lang="en">
 <head>
  <title>
</title>
<meta http-equiv="Content-Type" content="text/html;charset=utf-8" />
  <meta name='ocr-system' content='tesseract 3.04.00' />
  <meta name='ocr-capabilities' content='ocr_page ocr_carea ocr_par ocr_line ocrx_word'/>
</head>
<body>
  <div class='ocr_page' id='page_1' title='image "./operaomniaexedit01statuoft_0020.png"; bbox 0 0 1800 3060; ppageno 0'>
   <div class='ocr_carea' id='block_1_1' title="bbox 172 203 1039 246">
    <p class='ocr_par' dir='ltr' id='par_1_1' title="bbox 172 203 1039 246">
     <span class='ocr_line' id='line_1_1' title="bbox 172 203 1039 246; baseline 0.002 -3"><span class='ocrx_word' id='word_1_1' title='bbox 172 203 228 243; x_wconf 90' lang='grc'>10</span> <span class='ocrx_word' id='word_1_2' title='bbox 766 214 1039 246; x_wconf 65' lang='lat' dir='ltr'>PRAEFA&#39;rlo.</span> 
     </span>
    </p>
   </div>
   <div class='ocr_carea' id='block_1_2' title="bbox 174 306 1631 755">
    <p class='ocr_par' dir='ltr' id='par_1_2' title="bbox 174 306 1631 755">
     <span class='ocr_line' id='line_1_2' title="bbox 176 306 1628 363; baseline 0.003 -14"><span class='ocrx_word' id='word_1_3' title='bbox 176 309 285 362; x_wconf 88' lang='lat' dir='ltr'>quin</span> <span class='ocrx_word' id='word_1_4' title='bbox 306 308 370 349; x_wconf 84' lang='lat' dir='ltr'>ita</span> <span class='ocrx_word' id='word_1_5' title='bbox 398 309 620 363; x_wconf 81' lang='lat' dir='ltr'><strong>scripserit</strong></span> <span class='ocrx_word' id='word_1_6' title='bbox 652 306 880 352; x_wconf 89' lang='lat' dir='ltr'>Rutilius:</span> <span class='ocrx_word' id='word_1_7' title='bbox 925 316 969 351; x_wconf 89' lang='lat' dir='ltr'>et</span> <span class='ocrx_word' id='word_1_8' title='bbox 1000 312 1038 352; x_wconf 90' lang='lat' dir='ltr'>si</span> <span class='ocrx_word' id='word_1_9' title='bbox 1072 310 1193 352; x_wconf 88' lang='lat' dir='ltr'>istud</span> <span class='ocrx_word' id='word_1_10' title='bbox 1229 310 1397 352; x_wconf 65' lang='lat' dir='ltr'>Poema</span> <span class='ocrx_word' id='word_1_11' title='bbox 1426 312 1628 354; x_wconf 87' lang='lat' dir='ltr'><strong>editurus</strong></span> 
     </span>
     <span class='ocr_line' id='line_1_3' title="bbox 175 377 1630 431; baseline 0.002 -14"><span class='ocrx_word' id='word_1_12' title='bbox 175 389 336 427; x_wconf 88' lang='lat' dir='ltr'>essem,</span> <span class='ocrx_word' id='word_1_13' title='bbox 360 377 455 418; x_wconf 86' lang='lat' dir='ltr'>sine</span> <span class='ocrx_word' id='word_1_14' title='bbox 475 377 749 418; x_wconf 74' lang='lat' dir='ltr'>haesitatione</span> <span class='ocrx_word' id='word_1_15' title='bbox 770 377 815 418; x_wconf 92' lang='lat' dir='ltr'>in</span> <span class='ocrx_word' id='word_1_16' title='bbox 846 377 1116 419; x_wconf 87' lang='lat' dir='ltr'>Contextum</span> <span class='ocrx_word' id='word_1_17' title='bbox 1151 378 1386 431; x_wconf 80' lang='lat' dir='ltr'>reciperem</span> <span class='ocrx_word' id='word_1_18' title='bbox 1409 380 1421 398; x_wconf 92' lang='lat'>‘</span> <span class='ocrx_word' id='word_1_19' title='bbox 1442 392 1605 420; x_wconf 86' lang='lat' dir='ltr'>cornua</span> <span class='ocrx_word' id='word_1_20' title='bbox 1619 378 1630 393; x_wconf 91' lang='lat'><em>&#39;</em></span> 
     </span>
     <span class='ocr_line' id='line_1_4' title="bbox 174 443 1630 497; baseline 0.001 -12"><span class='ocrx_word' id='word_1_21' title='bbox 174 456 255 497; x_wconf 88' lang='lat' dir='ltr'>pro</span> <span class='ocrx_word' id='word_1_22' title='bbox 277 447 288 464; x_wconf 75' lang='lat'><strong><em>⁶</em></strong></span> <span class='ocrx_word' id='word_1_23' title='bbox 303 443 509 485; x_wconf 65' lang='lat' dir='ltr'>nomina?</span> <span class='ocrx_word' id='word_1_24' title='bbox 568 444 645 485; x_wconf 90' lang='lat' dir='ltr'>Sic</span> <span class='ocrx_word' id='word_1_25' title='bbox 679 447 692 465; x_wconf 94' lang='lat'>‘</span> <span class='ocrx_word' id='word_1_26' title='bbox 714 447 915 497; x_wconf 87' lang='lat' dir='ltr'>tempora</span> <span class='ocrx_word' id='word_1_27' title='bbox 930 443 940 459; x_wconf 94' lang='lat'>&#39;</span> <span class='ocrx_word' id='word_1_28' title='bbox 961 449 1006 485; x_wconf 87' lang='lat' dir='ltr'>et</span> <span class='ocrx_word' id='word_1_29' title='bbox 1042 447 1054 465; x_wconf 91' lang='lat'>‘</span> <span class='ocrx_word' id='word_1_30' title='bbox 1076 457 1254 486; x_wconf 88' lang='lat' dir='ltr'>munera</span> <span class='ocrx_word' id='word_1_31' title='bbox 1268 443 1279 459; x_wconf 90' lang='lat'>&#39;</span> <span class='ocrx_word' id='word_1_32' title='bbox 1301 449 1630 487; x_wconf 82' lang='lat' dir='ltr'>commutantur</span> 
     </span>
     <span class='ocr_line' id='line_1_5' title="bbox 176 510 1629 565; baseline 0.001 -14"><span class='ocrx_word' id='word_1_33' title='bbox 176 510 367 552; x_wconf 87' lang='lat' dir='ltr'>Manilio</span> <span class='ocrx_word' id='word_1_34' title='bbox 390 522 454 551; x_wconf 88' lang='lat' dir='ltr'>1v.</span> <span class='ocrx_word' id='word_1_35' title='bbox 475 511 574 553; x_wconf 79' lang='lat'><strong>205.</strong></span> <span class='ocrx_word' id='word_1_36' title='bbox 595 514 607 532; x_wconf 85' lang='lat'>‘</span> <span class='ocrx_word' id='word_1_37' title='bbox 623 512 802 553; x_wconf 88' lang='lat' dir='ltr'>nomina</span> <span class='ocrx_word' id='word_1_38' title='bbox 816 511 825 525; x_wconf 93' lang='lat'>&#39;</span> <span class='ocrx_word' id='word_1_39' title='bbox 848 516 893 552; x_wconf 90' lang='lat' dir='ltr'>et</span> <span class='ocrx_word' id='word_1_40' title='bbox 919 514 931 532; x_wconf 90' lang='lat'>‘</span> <span class='ocrx_word' id='word_1_41' title='bbox 947 510 1157 565; x_wconf 87' lang='lat' dir='ltr'>praemia&#39;</span> <span class='ocrx_word' id='word_1_42' title='bbox 1179 510 1310 553; x_wconf 88' lang='lat' dir='ltr'>Ovid.</span> <span class='ocrx_word' id='word_1_43' title='bbox 1326 512 1449 554; x_wconf 87' lang='lat' dir='ltr'>Fast.</span> <span class='ocrx_word' id='word_1_44' title='bbox 1468 524 1514 554; x_wconf 76' lang='grc' dir='ltr'>ν.</span> <span class='ocrx_word' id='word_1_45' title='bbox 1529 513 1629 555; x_wconf 79' lang='lat'><strong>205.</strong></span> 
     </span>
     <span class='ocr_line' id='line_1_6' title="bbox 175 577 1630 632; baseline 0.003 -14"><span class='ocrx_word' id='word_1_46' title='bbox 175 581 188 602; x_wconf 84' lang='lat'>‘</span> <span class='ocrx_word' id='word_1_47' title='bbox 210 577 410 632; x_wconf 85' lang='lat' dir='ltr'>gurgite&#39;</span> <span class='ocrx_word' id='word_1_48' title='bbox 439 583 483 620; x_wconf 89' lang='lat' dir='ltr'>et</span> <span class='ocrx_word' id='word_1_49' title='bbox 504 579 688 620; x_wconf 85' lang='lat' dir='ltr'>‘littore’</span> <span class='ocrx_word' id='word_1_50' title='bbox 725 578 974 620; x_wconf 85' lang='lat' dir='ltr'>Claudiano</span> <span class='ocrx_word' id='word_1_51' title='bbox 995 580 1040 619; x_wconf 88' lang='lat' dir='ltr'>in</span> <span class='ocrx_word' id='word_1_52' title='bbox 1063 578 1213 620; x_wconf 89' lang='lat' dir='ltr'>Rufin.</span> <span class='ocrx_word' id='word_1_53' title='bbox 1239 590 1270 620; x_wconf 88' lang='lat'>1.</span> <span class='ocrx_word' id='word_1_54' title='bbox 1292 579 1391 622; x_wconf 78' lang='lat'>186.</span> <span class='ocrx_word' id='word_1_55' title='bbox 1427 582 1440 601; x_wconf 94' lang='lat'><em>‘</em></span> <span class='ocrx_word' id='word_1_56' title='bbox 1460 580 1630 622; x_wconf 86' lang='lat' dir='ltr'>omine’</span> 
     </span>
     <span class='ocr_line' id='line_1_7' title="bbox 176 645 1631 699; baseline 0.001 -13"><span class='ocrx_word' id='word_1_57' title='bbox 176 649 223 686; x_wconf 90' lang='lat' dir='ltr'>et</span> <span class='ocrx_word' id='word_1_58' title='bbox 241 649 253 667; x_wconf 94' lang='lat'>‘</span> <span class='ocrx_word' id='word_1_59' title='bbox 270 651 450 699; x_wconf 80' lang='lat' dir='ltr'>pectore</span> <span class='ocrx_word' id='word_1_60' title='bbox 463 645 473 661; x_wconf 92' lang='lat'>&#39;</span> <span class='ocrx_word' id='word_1_61' title='bbox 495 646 672 688; x_wconf 87' lang='lat' dir='ltr'>Catullo</span> <span class='ocrx_word' id='word_1_62' title='bbox 691 645 745 687; x_wconf 88' lang='lat' dir='ltr'>de</span> <span class='ocrx_word' id='word_1_63' title='bbox 767 645 910 699; x_wconf 86' lang='lat' dir='ltr'>Nupt.</span> <span class='ocrx_word' id='word_1_64' title='bbox 929 645 1024 686; x_wconf 90' lang='lat' dir='ltr'>Pel.</span> <span class='ocrx_word' id='word_1_65' title='bbox 1046 651 1091 687; x_wconf 89' lang='lat' dir='ltr'>et</span> <span class='ocrx_word' id='word_1_66' title='bbox 1108 646 1234 687; x_wconf 84' lang='lat' dir='ltr'>Thet.</span> <span class='ocrx_word' id='word_1_67' title='bbox 1256 646 1314 688; x_wconf 89' lang='lat' dir='ltr'>ad</span> <span class='ocrx_word' id='word_1_68' title='bbox 1333 646 1479 690; x_wconf 90' lang='lat' dir='ltr'>finem.</span> <span class='ocrx_word' id='word_1_69' title='bbox 1526 647 1631 690; x_wconf 82' lang='lat' dir='ltr'>Val.</span> 
     </span>
     <span class='ocr_line' id='line_1_8' title="bbox 178 712 561 755; baseline 0 -1"><span class='ocrx_word' id='word_1_70' title='bbox 178 712 370 755; x_wconf 86' lang='lat' dir='ltr'>Flaccus</span> <span class='ocrx_word' id='word_1_71' title='bbox 396 725 446 755; x_wconf 81' lang='grc' dir='ltr'>ιι.</span> <span class='ocrx_word' id='word_1_72' title='bbox 463 713 561 754; x_wconf 76' lang='lat'><strong>324.</strong></span> 
     </span>
    </p>
   </div>
   <div class='ocr_carea' id='block_1_3' title="bbox 294 812 1459 935">
    <p class='ocr_par' dir='ltr' id='par_1_3' title="bbox 294 812 1459 935">
     <span class='ocr_line' id='line_1_9' title="bbox 519 812 1459 868; baseline 0.001 -14"><span class='ocrx_word' id='word_1_73' title='bbox 519 812 677 854; x_wconf 88' lang='lat' dir='ltr'>Venus</span> <span class='ocrx_word' id='word_1_74' title='bbox 698 814 799 867; x_wconf 89' lang='lat' dir='ltr'>ipsa</span> <span class='ocrx_word' id='word_1_75' title='bbox 819 812 978 854; x_wconf 90' lang='lat' dir='ltr'>volens</span> <span class='ocrx_word' id='word_1_76' title='bbox 1000 812 1079 854; x_wconf 90' lang='lat' dir='ltr'>dat</span> <span class='ocrx_word' id='word_1_77' title='bbox 1099 818 1302 867; x_wconf 87' lang='lat' dir='ltr'>tempora</span> <span class='ocrx_word' id='word_1_78' title='bbox 1316 813 1459 868; x_wconf 87' lang='lat' dir='ltr'>jungi,</span> 
     </span>
     <span class='ocr_line' id='line_1_10' title="bbox 294 880 1355 935; baseline 0.003 -14"><span class='ocrx_word' id='word_1_79' title='bbox 294 880 412 922; x_wconf 91' lang='lat' dir='ltr'>Dum</span> <span class='ocrx_word' id='word_1_80' title='bbox 433 882 548 923; x_wconf 79' lang='lat' dir='ltr'>vires</span> <span class='ocrx_word' id='word_1_81' title='bbox 568 885 705 932; x_wconf 86' lang='lat' dir='ltr'>utero,</span> <span class='ocrx_word' id='word_1_82' title='bbox 725 884 1011 935; x_wconf 87' lang='lat' dir='ltr'>maternaque</span> <span class='ocrx_word' id='word_1_83' title='bbox 1034 881 1193 922; x_wconf 89' lang='lat' dir='ltr'>sufficit</span> <span class='ocrx_word' id='word_1_84' title='bbox 1213 886 1328 923; x_wconf 84' lang='lat' dir='ltr'>aetas</span> <span class='ocrx_word' id='word_1_85' title='bbox 1345 895 1355 924; x_wconf 89' lang='lat'><strong>:</strong></span> 
     </span>
    </p>
   </div>
   <div class='ocr_carea' id='block_1_4' title="bbox 173 980 1642 2794">
    <p class='ocr_par' dir='ltr' id='par_1_4' title="bbox 173 980 1642 2794">
     <span class='ocr_line' id='line_1_11' title="bbox 178 980 1634 1037; baseline 0.002 -14"><span class='ocrx_word' id='word_1_86' title='bbox 178 982 234 1023; x_wconf 92' lang='lat' dir='ltr'>de</span> <span class='ocrx_word' id='word_1_87' title='bbox 254 985 266 1002; x_wconf 92' lang='lat'>‘</span> <span class='ocrx_word' id='word_1_88' title='bbox 287 982 520 1023; x_wconf 90' lang='lat' dir='ltr'>connubiis</span> <span class='ocrx_word' id='word_1_89' title='bbox 539 980 549 997; x_wconf 91' lang='lat'>’</span> <span class='ocrx_word' id='word_1_90' title='bbox 579 982 798 1035; x_wconf 85' lang='lat' dir='ltr'>loquitur3</span> <span class='ocrx_word' id='word_1_91' title='bbox 841 982 958 1023; x_wconf 89' lang='lat' dir='ltr'>unde</span> <span class='ocrx_word' id='word_1_92' title='bbox 991 987 1118 1036; x_wconf 88' lang='lat' dir='ltr'>patet</span> <span class='ocrx_word' id='word_1_93' title='bbox 1137 996 1234 1024; x_wconf 89' lang='lat' dir='ltr'>eum</span> <span class='ocrx_word' id='word_1_94' title='bbox 1256 983 1503 1037; x_wconf 86' lang='lat' dir='ltr'>scripsisse,</span> <span class='ocrx_word' id='word_1_95' title='bbox 1522 985 1536 1005; x_wconf 90' lang='lat'>‘</span> <span class='ocrx_word' id='word_1_96' title='bbox 1558 983 1634 1027; x_wconf 88' lang='lat' dir='ltr'>dat</span> 
     </span>
     <span class='ocr_line' id='line_1_12' title="bbox 179 1048 1633 1106; baseline 0.004 -18"><span class='ocrx_word' id='word_1_97' title='bbox 179 1048 353 1090; x_wconf 82' lang='lat' dir='ltr'>foedera</span> <span class='ocrx_word' id='word_1_98' title='bbox 368 1048 497 1103; x_wconf 88' lang='lat' dir='ltr'>jungi</span> <span class='ocrx_word' id='word_1_99' title='bbox 510 1048 534 1090; x_wconf 90' lang='lat'>:’</span> <span class='ocrx_word' id='word_1_100' title='bbox 564 1049 692 1103; x_wconf 87' lang='lat' dir='ltr'>cujus</span> <span class='ocrx_word' id='word_1_101' title='bbox 708 1049 925 1103; x_wconf 82' lang='lat' dir='ltr'>phraseos</span> <span class='ocrx_word' id='word_1_102' title='bbox 946 1049 1047 1091; x_wconf 83' lang='lat' dir='ltr'>vide</span> <span class='ocrx_word' id='word_1_103' title='bbox 1067 1051 1275 1104; x_wconf 85' lang='lat' dir='ltr'>exempla</span> <span class='ocrx_word' id='word_1_104' title='bbox 1289 1051 1406 1106; x_wconf 87' lang='lat' dir='ltr'>apud</span> <span class='ocrx_word' id='word_1_105' title='bbox 1430 1051 1498 1094; x_wconf 86' lang='lat' dir='ltr'>cl.</span> <span class='ocrx_word' id='word_1_106' title='bbox 1521 1052 1633 1093; x_wconf 89' lang='lat' dir='ltr'>Bur·-</span> 
     </span>
     <span class='ocr_line' id='line_1_13' title="bbox 179 1116 1633 1172; baseline 0.002 -15"><span class='ocrx_word' id='word_1_107' title='bbox 179 1128 389 1158; x_wconf 89' lang='lat' dir='ltr'>mannum</span> <span class='ocrx_word' id='word_1_108' title='bbox 410 1116 466 1157; x_wconf 90' lang='lat' dir='ltr'>ad</span> <span class='ocrx_word' id='word_1_109' title='bbox 494 1116 623 1158; x_wconf 90' lang='lat' dir='ltr'>Ovid.</span> <span class='ocrx_word' id='word_1_110' title='bbox 647 1117 755 1158; x_wconf 87' lang='lat' dir='ltr'>Met.</span> <span class='ocrx_word' id='word_1_111' title='bbox 779 1129 867 1158; x_wconf 84' lang='lat' dir='ltr'>vn.</span> <span class='ocrx_word' id='word_1_112' title='bbox 885 1118 988 1160; x_wconf 83' lang='lat'><strong>403.</strong></span> <span class='ocrx_word' id='word_1_113' title='bbox 1010 1122 1054 1160; x_wconf 91' lang='lat' dir='ltr'>et</span> <span class='ocrx_word' id='word_1_114' title='bbox 1072 1118 1237 1172; x_wconf 91' lang='lat' dir='ltr'>ubique</span> <span class='ocrx_word' id='word_1_115' title='bbox 1257 1119 1462 1161; x_wconf 88' lang='lat' dir='ltr'>occurrit.</span> <span class='ocrx_word' id='word_1_116' title='bbox 1522 1119 1633 1161; x_wconf 83' lang='lat' dir='ltr'>Pos-</span> 
     </span>
     <span class='ocr_line' id='line_1_14' title="bbox 184 1184 1634 1241; baseline 0.004 -18"><span class='ocrx_word' id='word_1_117' title='bbox 184 1195 279 1224; x_wconf 89' lang='lat' dir='ltr'>sem</span> <span class='ocrx_word' id='word_1_118' title='bbox 301 1184 399 1234; x_wconf 92' lang='lat' dir='ltr'>tibi,</span> <span class='ocrx_word' id='word_1_119' title='bbox 419 1184 564 1235; x_wconf 92' lang='lat' dir='ltr'>credo,</span> <span class='ocrx_word' id='word_1_120' title='bbox 593 1188 695 1236; x_wconf 88' lang='lat' dir='ltr'>(nec</span> <span class='ocrx_word' id='word_1_121' title='bbox 730 1199 789 1226; x_wconf 85' lang='lat' dir='ltr'>ex</span> <span class='ocrx_word' id='word_1_122' title='bbox 820 1185 978 1227; x_wconf 70' lang='lat' dir='ltr'>Poetis</span> <span class='ocrx_word' id='word_1_123' title='bbox 1011 1186 1192 1241; x_wconf 90' lang='lat' dir='ltr'>solum‚)</span> <span class='ocrx_word' id='word_1_124' title='bbox 1214 1187 1534 1241; x_wconf 82' lang='lat' dir='ltr'>quadringenta</span> <span class='ocrx_word' id='word_1_125' title='bbox 1552 1187 1634 1229; x_wconf 87' lang='lat' dir='ltr'>hu-</span> 
     </span>
     <span class='ocr_line' id='line_1_15' title="bbox 173 1249 1632 1308; baseline 0.004 -18"><span class='ocrx_word' id='word_1_126' title='bbox 173 1249 372 1304; x_wconf 88' lang='lat' dir='ltr'>jusmodi</span> <span class='ocrx_word' id='word_1_127' title='bbox 387 1251 684 1292; x_wconf 86' lang='lat' dir='ltr'>mutationum</span> <span class='ocrx_word' id='word_1_128' title='bbox 700 1253 904 1307; x_wconf 84' lang='lat' dir='ltr'>exempla</span> <span class='ocrx_word' id='word_1_129' title='bbox 919 1253 1138 1307; x_wconf 81' lang='lat' dir='ltr'>proferre:</span> <span class='ocrx_word' id='word_1_130' title='bbox 1167 1254 1265 1296; x_wconf 82' lang='lat' dir='ltr'>haec</span> <span class='ocrx_word' id='word_1_131' title='bbox 1281 1267 1425 1308; x_wconf 89' lang='lat' dir='ltr'>pauca</span> <span class='ocrx_word' id='word_1_132' title='bbox 1445 1254 1632 1306; x_wconf 88' lang='lat' dir='ltr'>adduxi,</span> 
     </span>
     <span class='ocr_line' id='line_1_16' title="bbox 181 1317 1633 1375; baseline 0.003 -17"><span class='ocrx_word' id='word_1_133' title='bbox 181 1330 236 1359; x_wconf 92' lang='lat' dir='ltr'>ne</span> <span class='ocrx_word' id='word_1_134' title='bbox 256 1317 440 1359; x_wconf 90' lang='lat' dir='ltr'>nimium</span> <span class='ocrx_word' id='word_1_135' title='bbox 461 1319 632 1361; x_wconf 86' lang='lat' dir='ltr'>mireris</span> <span class='ocrx_word' id='word_1_136' title='bbox 654 1319 830 1374; x_wconf 87' lang='lat' dir='ltr'>quando</span> <span class='ocrx_word' id='word_1_137' title='bbox 860 1320 905 1360; x_wconf 88' lang='lat' dir='ltr'>in</span> <span class='ocrx_word' id='word_1_138' title='bbox 934 1320 1161 1362; x_wconf 84' lang='lat' dir='ltr'>Contextu</span> <span class='ocrx_word' id='word_1_139' title='bbox 1182 1321 1313 1375; x_wconf 90' lang='lat' dir='ltr'>hujus</span> <span class='ocrx_word' id='word_1_140' title='bbox 1335 1320 1555 1363; x_wconf 87' lang='lat' dir='ltr'>Editionis</span> <span class='ocrx_word' id='word_1_141' title='bbox 1574 1323 1633 1363; x_wconf 88' lang='lat' dir='ltr'>le-</span> 
     </span>
     <span class='ocr_line' id='line_1_17' title="bbox 181 1385 1633 1442; baseline 0.001 -15"><span class='ocrx_word' id='word_1_142' title='bbox 181 1385 299 1439; x_wconf 88' lang='lat' dir='ltr'>geris</span> <span class='ocrx_word' id='word_1_143' title='bbox 328 1388 341 1407; x_wconf 93' lang='lat'>‘</span> <span class='ocrx_word' id='word_1_144' title='bbox 358 1386 560 1428; x_wconf 86' lang='lat' dir='ltr'>munera&#39;</span> <span class='ocrx_word' id='word_1_145' title='bbox 591 1399 671 1440; x_wconf 91' lang='lat' dir='ltr'>pro</span> <span class='ocrx_word' id='word_1_146' title='bbox 694 1400 749 1428; x_wconf 90' lang='lat' dir='ltr'>eo</span> <span class='ocrx_word' id='word_1_147' title='bbox 772 1387 890 1440; x_wconf 91' lang='lat' dir='ltr'>quod</span> <span class='ocrx_word' id='word_1_148' title='bbox 912 1392 1004 1429; x_wconf 89' lang='lat' dir='ltr'>erat</span> <span class='ocrx_word' id='word_1_149' title='bbox 1023 1387 1207 1439; x_wconf 83' lang='lat' dir='ltr'>vulnera,</span> <span class='ocrx_word' id='word_1_150' title='bbox 1229 1389 1405 1442; x_wconf 84' lang='lat' dir='ltr'>Epiced.</span> <span class='ocrx_word' id='word_1_151' title='bbox 1428 1389 1548 1431; x_wconf 89' lang='lat' dir='ltr'>Patr.</span> <span class='ocrx_word' id='word_1_152' title='bbox 1561 1390 1633 1431; x_wconf 88' lang='grc'>45.</span> 
     </span>
     <span class='ocr_line' id='line_1_18' title="bbox 181 1452 1633 1509; baseline 0.003 -15"><span class='ocrx_word' id='word_1_153' title='bbox 181 1452 255 1494; x_wconf 81' lang='lat' dir='ltr'>vel</span> <span class='ocrx_word' id='word_1_154' title='bbox 289 1454 519 1495; x_wconf 89' lang='lat' dir='ltr'>‘munera&#39;</span> <span class='ocrx_word' id='word_1_155' title='bbox 555 1467 637 1508; x_wconf 91' lang='lat' dir='ltr'>pro</span> <span class='ocrx_word' id='word_1_156' title='bbox 659 1454 844 1495; x_wconf 82' lang='lat' dir='ltr'>carmina</span> <span class='ocrx_word' id='word_1_157' title='bbox 864 1455 1048 1509; x_wconf 88' lang='lat' dir='ltr'>Epiced.</span> <span class='ocrx_word' id='word_1_158' title='bbox 1075 1456 1210 1498; x_wconf 89' lang='lat' dir='ltr'>Puer.</span> <span class='ocrx_word' id='word_1_159' title='bbox 1230 1456 1301 1497; x_wconf 92' lang='grc'>14.</span> <span class='ocrx_word' id='word_1_160' title='bbox 1321 1456 1394 1499; x_wconf 91' lang='lat' dir='ltr'>vel</span> <span class='ocrx_word' id='word_1_161' title='bbox 1413 1459 1426 1478; x_wconf 95' lang='lat'>‘</span> <span class='ocrx_word' id='word_1_162' title='bbox 1441 1456 1633 1498; x_wconf 88' lang='lat' dir='ltr'>vulnera’</span> 
     </span>
     <span class='ocr_line' id='line_1_19' title="bbox 181 1519 1634 1577; baseline 0.003 -16"><span class='ocrx_word' id='word_1_163' title='bbox 181 1533 263 1575; x_wconf 89' lang='lat' dir='ltr'>pro</span> <span class='ocrx_word' id='word_1_164' title='bbox 279 1519 444 1575; x_wconf 80' lang='lat' dir='ltr'>funera</span> <span class='ocrx_word' id='word_1_165' title='bbox 463 1522 569 1563; x_wconf 91' lang='lat' dir='ltr'>ibid.</span> <span class='ocrx_word' id='word_1_166' title='bbox 589 1522 659 1563; x_wconf 84' lang='grc'>46.</span> <span class='ocrx_word' id='word_1_167' title='bbox 680 1527 723 1565; x_wconf 90' lang='lat' dir='ltr'>et</span> <span class='ocrx_word' id='word_1_168' title='bbox 753 1522 1004 1577; x_wconf 88' lang='lat' dir='ltr'>hujusmodi</span> <span class='ocrx_word' id='word_1_169' title='bbox 1033 1524 1254 1566; x_wconf 90' lang='lat' dir='ltr'>nonnulla.</span> <span class='ocrx_word' id='word_1_170' title='bbox 1316 1523 1407 1566; x_wconf 88' lang='lat' dir='ltr'>Ubi</span> <span class='ocrx_word' id='word_1_171' title='bbox 1427 1525 1543 1566; x_wconf 90' lang='lat' dir='ltr'>enim</span> <span class='ocrx_word' id='word_1_172' title='bbox 1562 1536 1634 1566; x_wconf 84' lang='lat' dir='ltr'>res</span> 
     </span>
     <span class='ocr_line' id='line_1_20' title="bbox 182 1590 1635 1642; baseline 0.002 -12"><span class='ocrx_word' id='word_1_173' title='bbox 182 1594 278 1631; x_wconf 89' lang='lat' dir='ltr'>erat</span> <span class='ocrx_word' id='word_1_174' title='bbox 297 1590 543 1631; x_wconf 85' lang='lat' dir='ltr'>manifestae</span> <span class='ocrx_word' id='word_1_175' title='bbox 564 1590 759 1632; x_wconf 84' lang='lat' dir='ltr'>veritatis</span> <span class='ocrx_word' id='word_1_176' title='bbox 792 1595 838 1632; x_wconf 89' lang='lat' dir='ltr'>et</span> <span class='ocrx_word' id='word_1_177' title='bbox 872 1603 1058 1632; x_wconf 90' lang='lat' dir='ltr'>summae</span> <span class='ocrx_word' id='word_1_178' title='bbox 1093 1591 1387 1642; x_wconf 81' lang='lat' dir='ltr'>necessitatis,</span> <span class='ocrx_word' id='word_1_179' title='bbox 1409 1590 1571 1633; x_wconf 85' lang='lat' dir='ltr'>admisi</span> <span class='ocrx_word' id='word_1_180' title='bbox 1590 1592 1635 1633; x_wconf 87' lang='lat' dir='ltr'>in</span> 
     </span>
     <span class='ocr_line' id='line_1_21' title="bbox 184 1655 1636 1713; baseline 0.002 -15"><span class='ocrx_word' id='word_1_181' title='bbox 184 1655 453 1699; x_wconf 85' lang='lat' dir='ltr'>Contextum</span> <span class='ocrx_word' id='word_1_182' title='bbox 487 1656 589 1712; x_wconf 91' lang='lat' dir='ltr'>(cur</span> <span class='ocrx_word' id='word_1_183' title='bbox 618 1659 734 1699; x_wconf 88' lang='lat' dir='ltr'>enim</span> <span class='ocrx_word' id='word_1_184' title='bbox 754 1658 863 1699; x_wconf 91' lang='lat' dir='ltr'>mihi</span> <span class='ocrx_word' id='word_1_185' title='bbox 881 1663 1126 1712; x_wconf 84' lang='lat' dir='ltr'>negaretur,</span> <span class='ocrx_word' id='word_1_186' title='bbox 1149 1658 1270 1713; x_wconf 91' lang='lat' dir='ltr'>quod</span> <span class='ocrx_word' id='word_1_187' title='bbox 1298 1659 1386 1700; x_wconf 85' lang='lat' dir='ltr'>nisi</span> <span class='ocrx_word' id='word_1_188' title='bbox 1407 1659 1510 1701; x_wconf 86' lang='lat' dir='ltr'>aliis</span> <span class='ocrx_word' id='word_1_189' title='bbox 1529 1672 1636 1701; x_wconf 92' lang='lat' dir='ltr'>con-</span> 
     </span>
     <span class='ocr_line' id='line_1_22' title="bbox 182 1726 1635 1778; baseline 0.001 -11"><span class='ocrx_word' id='word_1_190' title='bbox 182 1737 361 1767; x_wconf 90' lang='lat' dir='ltr'>cessum</span> <span class='ocrx_word' id='word_1_191' title='bbox 401 1727 590 1768; x_wconf 88' lang='lat' dir='ltr'>antehac</span> <span class='ocrx_word' id='word_1_192' title='bbox 621 1726 747 1778; x_wconf 84' lang='lat' dir='ltr'>foret,</span> <span class='ocrx_word' id='word_1_193' title='bbox 777 1727 856 1768; x_wconf 86' lang='lat' dir='ltr'>vix</span> <span class='ocrx_word' id='word_1_194' title='bbox 887 1727 1000 1768; x_wconf 90' lang='lat' dir='ltr'>duos</span> <span class='ocrx_word' id='word_1_195' title='bbox 1034 1740 1188 1769; x_wconf 89' lang='lat' dir='ltr'>versus</span> <span class='ocrx_word' id='word_1_196' title='bbox 1221 1727 1455 1768; x_wconf 88' lang='lat' dir='ltr'>continuos</span> <span class='ocrx_word' id='word_1_197' title='bbox 1483 1727 1531 1768; x_wconf 90' lang='lat' dir='ltr'>in</span> <span class='ocrx_word' id='word_1_198' title='bbox 1564 1727 1635 1768; x_wconf 88' lang='lat' dir='ltr'>his</span> 
     </span>
     <span class='ocr_line' id='line_1_23' title="bbox 180 1792 1635 1848; baseline -0.001 -10"><span class='ocrx_word' id='word_1_199' title='bbox 180 1792 336 1848; x_wconf 85' lang='lat' dir='ltr'>Sylvis</span> <span class='ocrx_word' id='word_1_200' title='bbox 356 1794 582 1848; x_wconf 87' lang='lat' dir='ltr'>potuisses</span> <span class='ocrx_word' id='word_1_201' title='bbox 598 1793 841 1847; x_wconf 88' lang='lat' dir='ltr'>intelligere</span> <span class='ocrx_word' id='word_1_202' title='bbox 853 1793 895 1848; x_wconf 68' lang='grc' dir='ltr'>Ἰ)</span> <span class='ocrx_word' id='word_1_203' title='bbox 914 1807 1000 1836; x_wconf 90' lang='lat' dir='ltr'>non</span> <span class='ocrx_word' id='word_1_204' title='bbox 1021 1794 1210 1836; x_wconf 90' lang='lat' dir='ltr'>aliorum</span> <span class='ocrx_word' id='word_1_205' title='bbox 1226 1794 1385 1844; x_wconf 91' lang='lat' dir='ltr'>solum,</span> <span class='ocrx_word' id='word_1_206' title='bbox 1404 1793 1482 1835; x_wconf 89' lang='lat' dir='ltr'>sed</span> <span class='ocrx_word' id='word_1_207' title='bbox 1502 1795 1635 1836; x_wconf 83' lang='lat' dir='ltr'>etiam</span> 
     </span>
     <span class='ocr_line' id='line_1_24' title="bbox 183 1860 1635 1916; baseline -0.001 -13"><span class='ocrx_word' id='word_1_208' title='bbox 183 1873 307 1903; x_wconf 88' lang='lat' dir='ltr'>meas</span> <span class='ocrx_word' id='word_1_209' title='bbox 328 1860 644 1916; x_wconf 84' lang='lat' dir='ltr'>Conjecturas:</span> <span class='ocrx_word' id='word_1_210' title='bbox 687 1861 731 1901; x_wconf 92' lang='lat' dir='ltr'>in</span> <span class='ocrx_word' id='word_1_211' title='bbox 753 1861 836 1903; x_wconf 86' lang='lat' dir='ltr'>hac</span> <span class='ocrx_word' id='word_1_212' title='bbox 858 1866 984 1915; x_wconf 89' lang='lat' dir='ltr'>parte</span> <span class='ocrx_word' id='word_1_213' title='bbox 1018 1865 1200 1903; x_wconf 89' lang='lat' dir='ltr'>secutus</span> <span class='ocrx_word' id='word_1_214' title='bbox 1221 1861 1455 1903; x_wconf 88' lang='lat' dir='ltr'>consilium</span> <span class='ocrx_word' id='word_1_215' title='bbox 1476 1862 1635 1903; x_wconf 91' lang='lat' dir='ltr'>summi</span> 
     </span>
     <span class='ocr_line' id='line_1_25' title="bbox 183 1928 1636 1984; baseline 0.001 -13"><span class='ocrx_word' id='word_1_216' title='bbox 183 1929 397 1983; x_wconf 84' lang='lat' dir='ltr'>magistri,</span> <span class='ocrx_word' id='word_1_217' title='bbox 420 1928 660 1971; x_wconf 73' lang='lat' dir='ltr'>Gronovii:</span> <span class='ocrx_word' id='word_1_218' title='bbox 693 1931 705 1950; x_wconf 91' lang='lat'><em>‘</em></span> <span class='ocrx_word' id='word_1_219' title='bbox 728 1928 818 1971; x_wconf 90' lang='lat' dir='ltr'>Cur</span> <span class='ocrx_word' id='word_1_220' title='bbox 837 1930 950 1970; x_wconf 87' lang='lat' dir='ltr'>enim</span> <span class='ocrx_word' id='word_1_221' title='bbox 976 1928 1141 1984; x_wconf 88' lang='lat' dir='ltr'>(inquit</span> <span class='ocrx_word' id='word_1_222' title='bbox 1160 1928 1257 1979; x_wconf 90' lang='lat' dir='ltr'>Ille,</span> <span class='ocrx_word' id='word_1_223' title='bbox 1278 1928 1457 1970; x_wconf 81' lang='lat' dir='ltr'>Praesat.</span> <span class='ocrx_word' id='word_1_224' title='bbox 1478 1929 1532 1972; x_wconf 88' lang='lat' dir='ltr'>ad</span> <span class='ocrx_word' id='word_1_225' title='bbox 1555 1929 1636 1972; x_wconf 89' lang='lat' dir='ltr'>Se-</span> 
     </span>
     <span class='ocr_line' id='line_1_26' title="bbox 184 1994 1637 2051; baseline 0 -13"><span class='ocrx_word' id='word_1_226' title='bbox 184 1994 363 2051; x_wconf 88' lang='lat' dir='ltr'>necam)</span> <span class='ocrx_word' id='word_1_227' title='bbox 378 2000 528 2038; x_wconf 88' lang='lat' dir='ltr'>tantus</span> <span class='ocrx_word' id='word_1_228' title='bbox 548 1997 674 2038; x_wconf 89' lang='lat' dir='ltr'>labor</span> <span class='ocrx_word' id='word_1_229' title='bbox 704 1997 938 2039; x_wconf 86' lang='lat' dir='ltr'>insumitur</span> <span class='ocrx_word' id='word_1_230' title='bbox 956 1996 1160 2039; x_wconf 80' lang='lat' dir='ltr'>eruendae</span> <span class='ocrx_word' id='word_1_231' title='bbox 1180 1997 1389 2039; x_wconf 86' lang='lat' dir='ltr'>doctrinae</span> <span class='ocrx_word' id='word_1_232' title='bbox 1410 1995 1637 2047; x_wconf 81' lang='lat' dir='ltr'>Veterum,</span> 
     </span>
     <span class='ocr_line' id='line_1_27' title="bbox 184 2062 1637 2119; baseline 0 -14"><span class='ocrx_word' id='word_1_233' title='bbox 184 2067 228 2105; x_wconf 90' lang='lat' dir='ltr'>et</span> <span class='ocrx_word' id='word_1_234' title='bbox 257 2065 464 2119; x_wconf 86' lang='lat' dir='ltr'>operibus</span> <span class='ocrx_word' id='word_1_235' title='bbox 497 2064 860 2118; x_wconf 85' lang='lat' dir='ltr'>redintegrandis,</span> <span class='ocrx_word' id='word_1_236' title='bbox 893 2065 933 2106; x_wconf 92' lang='lat' dir='ltr'>si</span> <span class='ocrx_word' id='word_1_237' title='bbox 963 2064 1110 2106; x_wconf 89' lang='lat' dir='ltr'>nullus</span> <span class='ocrx_word' id='word_1_238' title='bbox 1138 2062 1239 2105; x_wconf 87' lang='lat' dir='ltr'>inde</span> <span class='ocrx_word' id='word_1_239' title='bbox 1264 2063 1321 2106; x_wconf 90' lang='lat' dir='ltr'>ad</span> <span class='ocrx_word' id='word_1_240' title='bbox 1340 2064 1465 2118; x_wconf 90' lang='lat' dir='ltr'>ipsos</span> <span class='ocrx_word' id='word_1_241' title='bbox 1486 2063 1637 2105; x_wconf 85' lang='lat' dir='ltr'>redeat</span> 
     </span>
     <span class='ocr_line' id='line_1_28' title="bbox 186 2130 1638 2188; baseline 0.001 -16"><span class='ocrx_word' id='word_1_242' title='bbox 186 2130 388 2173; x_wconf 69' lang='lat' dir='ltr'>fructus?</span> <span class='ocrx_word' id='word_1_243' title='bbox 436 2131 558 2183; x_wconf 85' lang='lat' dir='ltr'>Quid</span> <span class='ocrx_word' id='word_1_244' title='bbox 586 2133 719 2188; x_wconf 86' lang='lat' dir='ltr'>juvat</span> <span class='ocrx_word' id='word_1_245' title='bbox 753 2133 888 2174; x_wconf 89' lang='lat' dir='ltr'>toties</span> <span class='ocrx_word' id='word_1_246' title='bbox 918 2145 1083 2174; x_wconf 85' lang='lat' dir='ltr'>novare</span> <span class='ocrx_word' id='word_1_247' title='bbox 1117 2131 1364 2182; x_wconf 89' lang='lat' dir='ltr'>Editiones,</span> <span class='ocrx_word' id='word_1_248' title='bbox 1393 2134 1440 2172; x_wconf 89' lang='lat' dir='ltr'>ut</span> <span class='ocrx_word' id='word_1_249' title='bbox 1473 2131 1638 2173; x_wconf 77' lang='lat' dir='ltr'>eaedem</span> 
     </span>
     <span class='ocr_line' id='line_1_29' title="bbox 186 2198 1637 2255; baseline 0 -15"><span class='ocrx_word' id='word_1_250' title='bbox 186 2200 450 2253; x_wconf 81' lang='lat' dir='ltr'>corruptelae</span> <span class='ocrx_word' id='word_1_251' title='bbox 472 2200 517 2241; x_wconf 92' lang='lat' dir='ltr'>in</span> <span class='ocrx_word' id='word_1_252' title='bbox 539 2200 728 2254; x_wconf 88' lang='lat' dir='ltr'>singulis</span> <span class='ocrx_word' id='word_1_253' title='bbox 759 2201 1001 2243; x_wconf 69' lang='lat' dir='ltr'>maneant?</span> <span class='ocrx_word' id='word_1_254' title='bbox 1047 2200 1207 2255; x_wconf 87' lang='lat' dir='ltr'>Itaque</span> <span class='ocrx_word' id='word_1_255' title='bbox 1234 2198 1286 2241; x_wconf 89' lang='lat' dir='ltr'>fit</span> <span class='ocrx_word' id='word_1_256' title='bbox 1319 2211 1637 2253; x_wconf 81' lang='lat' dir='ltr'>saepenumero,</span> 
     </span>
     <span class='ocr_line' id='line_1_30' title="bbox 186 2265 1638 2319; baseline 0.001 -14"><span class='ocrx_word' id='word_1_257' title='bbox 186 2270 238 2306; x_wconf 88' lang='lat' dir='ltr'>ut</span> <span class='ocrx_word' id='word_1_258' title='bbox 256 2265 395 2307; x_wconf 88' lang='lat' dir='ltr'>lector</span> <span class='ocrx_word' id='word_1_259' title='bbox 429 2267 475 2308; x_wconf 90' lang='lat' dir='ltr'>in</span> <span class='ocrx_word' id='word_1_260' title='bbox 510 2266 721 2309; x_wconf 87' lang='lat' dir='ltr'>facilibus</span> <span class='ocrx_word' id='word_1_261' title='bbox 753 2267 998 2319; x_wconf 87' lang='lat' dir='ltr'>intellectu,</span> <span class='ocrx_word' id='word_1_262' title='bbox 1019 2268 1059 2310; x_wconf 92' lang='lat' dir='ltr'>si</span> <span class='ocrx_word' id='word_1_263' title='bbox 1088 2268 1209 2310; x_wconf 92' lang='lat' dir='ltr'>bono</span> <span class='ocrx_word' id='word_1_264' title='bbox 1229 2267 1419 2309; x_wconf 87' lang='lat' dir='ltr'>consilio</span> <span class='ocrx_word' id='word_1_265' title='bbox 1440 2270 1638 2308; x_wconf 85' lang='lat' dir='ltr'>assumta</span> 
     </span>
     <span class='ocr_line' id='line_1_31' title="bbox 187 2331 1639 2390; baseline 0.001 -16"><span class='ocrx_word' id='word_1_266' title='bbox 187 2333 213 2374; x_wconf 69' lang='lat' dir='ltr'>e</span> <span class='ocrx_word' id='word_1_267' title='bbox 242 2331 504 2375; x_wconf 87' lang='lat' dir='ltr'>Criticorum</span> <span class='ocrx_word' id='word_1_268' title='bbox 534 2336 714 2389; x_wconf 91' lang='lat' dir='ltr'>scriptis</span> <span class='ocrx_word' id='word_1_269' title='bbox 744 2338 862 2390; x_wconf 84' lang='lat' dir='ltr'>(quae</span> <span class='ocrx_word' id='word_1_270' title='bbox 892 2335 1095 2376; x_wconf 90' lang='lat' dir='ltr'>omnibus</span> <span class='ocrx_word' id='word_1_271' title='bbox 1124 2334 1326 2376; x_wconf 87' lang='lat' dir='ltr'>evolvere</span> <span class='ocrx_word' id='word_1_272' title='bbox 1354 2345 1444 2374; x_wconf 91' lang='lat' dir='ltr'>non</span> <span class='ocrx_word' id='word_1_273' title='bbox 1465 2345 1639 2388; x_wconf 86' lang='lat' dir='ltr'>semper</span> 
     </span>
     <span class='ocr_line' id='line_1_32' title="bbox 187 2398 1638 2455; baseline 0.002 -15"><span class='ocrx_word' id='word_1_274' title='bbox 187 2398 340 2453; x_wconf 85' lang='lat' dir='ltr'>vacat)</span> <span class='ocrx_word' id='word_1_275' title='bbox 360 2401 550 2453; x_wconf 89' lang='lat' dir='ltr'>genuina</span> <span class='ocrx_word' id='word_1_276' title='bbox 569 2415 726 2443; x_wconf 86' lang='lat' dir='ltr'>manus</span> <span class='ocrx_word' id='word_1_277' title='bbox 747 2401 932 2444; x_wconf 91' lang='lat' dir='ltr'>Auctori</span> <span class='ocrx_word' id='word_1_278' title='bbox 947 2402 1121 2443; x_wconf 86' lang='lat' dir='ltr'>reddita</span> <span class='ocrx_word' id='word_1_279' title='bbox 1140 2404 1271 2451; x_wconf 88' lang='lat' dir='ltr'>esset,</span> <span class='ocrx_word' id='word_1_280' title='bbox 1285 2400 1393 2455; x_wconf 90' lang='lat' dir='ltr'>quia</span> <span class='ocrx_word' id='word_1_281' title='bbox 1412 2399 1638 2454; x_wconf 86' lang='lat' dir='ltr'>vulgatum</span> 
     </span>
     <span class='ocr_line' id='line_1_33' title="bbox 187 2466 1638 2523; baseline 0.001 -16"><span class='ocrx_word' id='word_1_282' title='bbox 187 2466 394 2508; x_wconf 86' lang='lat' dir='ltr'>retinetur</span> <span class='ocrx_word' id='word_1_283' title='bbox 414 2467 555 2518; x_wconf 90' lang='lat' dir='ltr'>ulcus,</span> <span class='ocrx_word' id='word_1_284' title='bbox 576 2470 822 2522; x_wconf 83' lang='lat' dir='ltr'>crucietur3</span> <span class='ocrx_word' id='word_1_285' title='bbox 863 2469 1081 2523; x_wconf 88' lang='lat' dir='ltr'>potiorem</span> <span class='ocrx_word' id='word_1_286' title='bbox 1115 2473 1286 2523; x_wconf 89' lang='lat' dir='ltr'>partem</span> <span class='ocrx_word' id='word_1_287' title='bbox 1316 2471 1393 2509; x_wconf 89' lang='lat' dir='ltr'>aut</span> <span class='ocrx_word' id='word_1_288' title='bbox 1420 2480 1509 2509; x_wconf 92' lang='lat' dir='ltr'>non</span> <span class='ocrx_word' id='word_1_289' title='bbox 1540 2481 1638 2521; x_wconf 87' lang='lat' dir='ltr'>per-</span> 
     </span>
     <span class='ocr_line' id='line_1_34' title="bbox 190 2532 1638 2590; baseline 0.001 -16"><span class='ocrx_word' id='word_1_290' title='bbox 190 2537 363 2588; x_wconf 89' lang='lat' dir='ltr'>ceptam</span> <span class='ocrx_word' id='word_1_291' title='bbox 384 2539 459 2575; x_wconf 88' lang='lat' dir='ltr'>aut</span> <span class='ocrx_word' id='word_1_292' title='bbox 479 2535 607 2586; x_wconf 88' lang='lat' dir='ltr'>male,</span> <span class='ocrx_word' id='word_1_293' title='bbox 629 2540 844 2590; x_wconf 82' lang='lat' dir='ltr'>transeat3</span> <span class='ocrx_word' id='word_1_294' title='bbox 875 2539 918 2578; x_wconf 90' lang='lat' dir='ltr'>et</span> <span class='ocrx_word' id='word_1_295' title='bbox 936 2532 1041 2577; x_wconf 65' lang='lat' dir='ltr'>“nihil</span> <span class='ocrx_word' id='word_1_296' title='bbox 1053 2535 1171 2590; x_wconf 93' lang='lat' dir='ltr'>quod</span> <span class='ocrx_word' id='word_1_297' title='bbox 1187 2534 1353 2576; x_wconf 88' lang='lat' dir='ltr'>imitari</span> <span class='ocrx_word' id='word_1_298' title='bbox 1368 2538 1459 2576; x_wconf 90' lang='lat' dir='ltr'>tuto</span> <span class='ocrx_word' id='word_1_299' title='bbox 1478 2537 1638 2589; x_wconf 87' lang='lat' dir='ltr'>possit,</span> 
     </span>
     <span class='ocr_line' id='line_1_35' title="bbox 191 2601 1640 2661; baseline 0.001 -20"><span class='ocrx_word' id='word_1_300' title='bbox 191 2601 418 2643; x_wconf 64' lang='lat' dir='ltr'>inveniat?</span> <span class='ocrx_word' id='word_1_301' title='bbox 478 2602 596 2644; x_wconf 89' lang='lat' dir='ltr'>Haec</span> <span class='ocrx_word' id='word_1_302' title='bbox 616 2604 710 2654; x_wconf 88' lang='lat' dir='ltr'>ille,</span> <span class='ocrx_word' id='word_1_303' title='bbox 731 2605 900 2659; x_wconf 87' lang='lat' dir='ltr'>optima</span> <span class='ocrx_word' id='word_1_304' title='bbox 919 2617 1043 2655; x_wconf 88' lang='lat' dir='ltr'>sane,</span> <span class='ocrx_word' id='word_1_305' title='bbox 1074 2607 1117 2645; x_wconf 86' lang='lat' dir='ltr'>et</span> <span class='ocrx_word' id='word_1_306' title='bbox 1146 2603 1382 2644; x_wconf 85' lang='lat' dir='ltr'>utilissima</span> <span class='ocrx_word' id='word_1_307' title='bbox 1402 2603 1439 2643; x_wconf 91' lang='lat' dir='ltr'>si</span> <span class='ocrx_word' id='word_1_308' title='bbox 1461 2601 1640 2661; x_wconf 80' lang='lat' dir='ltr'>adhibe-</span> 
     </span>
     <span class='ocr_line' id='line_1_36' title="bbox 191 2669 1640 2726; baseline 0.001 -16"><span class='ocrx_word' id='word_1_309' title='bbox 191 2673 287 2710; x_wconf 89' lang='lat' dir='ltr'>atur</span> <span class='ocrx_word' id='word_1_310' title='bbox 301 2669 546 2724; x_wconf 82' lang='lat' dir='ltr'>judicium3</span> <span class='ocrx_word' id='word_1_311' title='bbox 578 2672 666 2721; x_wconf 91' lang='lat' dir='ltr'>cui,</span> <span class='ocrx_word' id='word_1_312' title='bbox 687 2676 893 2726; x_wconf 87' lang='lat' dir='ltr'>quantum</span> <span class='ocrx_word' id='word_1_313' title='bbox 922 2672 1058 2722; x_wconf 85' lang='lat' dir='ltr'>valui,</span> <span class='ocrx_word' id='word_1_314' title='bbox 1077 2670 1269 2713; x_wconf 81' lang='lat' dir='ltr'>intendi:</span> <span class='ocrx_word' id='word_1_315' title='bbox 1301 2675 1348 2712; x_wconf 89' lang='lat' dir='ltr'>et</span> <span class='ocrx_word' id='word_1_316' title='bbox 1366 2669 1453 2712; x_wconf 91' lang='lat' dir='ltr'>hoc</span> <span class='ocrx_word' id='word_1_317' title='bbox 1474 2674 1640 2724; x_wconf 88' lang='lat' dir='ltr'>tempe-</span> 
     </span>
     <span class='ocr_line' id='line_1_37' title="bbox 188 2735 1642 2794; baseline -0.001 -16"><span class='ocrx_word' id='word_1_318' title='bbox 188 2741 431 2779; x_wconf 81' lang='lat' dir='ltr'>ramentum</span> <span class='ocrx_word' id='word_1_319' title='bbox 451 2742 628 2780; x_wconf 85' lang='lat' dir='ltr'>secutus</span> <span class='ocrx_word' id='word_1_320' title='bbox 651 2752 764 2791; x_wconf 89' lang='lat' dir='ltr'>sum,</span> <span class='ocrx_word' id='word_1_321' title='bbox 786 2745 835 2782; x_wconf 88' lang='lat' dir='ltr'>ut</span> <span class='ocrx_word' id='word_1_322' title='bbox 850 2741 890 2782; x_wconf 89' lang='lat' dir='ltr'>si</span> <span class='ocrx_word' id='word_1_323' title='bbox 909 2741 956 2782; x_wconf 90' lang='lat' dir='ltr'>in</span> <span class='ocrx_word' id='word_1_324' title='bbox 975 2739 1160 2794; x_wconf 84' lang='lat' dir='ltr'>vulgata</span> <span class='ocrx_word' id='word_1_325' title='bbox 1189 2738 1377 2780; x_wconf 84' lang='lat' dir='ltr'>lectione</span> <span class='ocrx_word' id='word_1_326' title='bbox 1397 2735 1564 2792; x_wconf 85' lang='lat' dir='ltr'>aliquid</span> <span class='ocrx_word' id='word_1_327' title='bbox 1584 2737 1642 2778; x_wconf 85' lang='lat' dir='ltr'>sit</span> 
     </span>
    </p>
   </div>
  </div>
 </body>
</html>
