1800 3060
217 233 307 276 492
749 243 790 275 P.
822 243 1014 275 immun
1047 242 1210 275 srArn

218 341 466 383 Tentamus
487 338 590 380 dare
605 337 732 393 justa
750 338 868 394 lyra:
898 339 1036 395 modo
1051 339 1207 382 dexter
1228 339 1408 395 Apollo,

220 407 404 463 Quique
425 407 544 449 venit
556 406 718 460 juncto
737 407 845 448 mihi
866 420 1043 462 semper
1062 406 1274 462 Apolline
1296 407 1467 459 Caesar,

218 475 422 518 Annuat:
452 475 575 516 haud
592 475 683 517 alio
703 475 866 517 melius
887 475 1076 518 condere
1098 476 1319 531 sepulcro.
1598 526 1603 530 ⁴
1626 475 1684 518 15

218 543 328 585 Sera
348 542 527 597 quidem
547 546 670 585 tanto
691 543 872 585 struitur
890 543 1115 586 medicina
1134 544 1290 595 dolori,

217 610 376 652 Altera
395 622 497 651 cum
518 610 747 652 volucrem
767 610 930 653 Phoebi
950 615 1047 653 rota
1066 615 1274 665 torqueat
1293 623 1481 653 annum:

218 677 305 720 Sed
328 690 429 718 cum
448 677 586 731 plaga
603 690 775 726 recenS,
795 682 842 719 et
862 678 1004 721 adhuc
1025 680 1071 720 in
1089 679 1270 723 vulnere
1289 679 1434 734 primo

218 746 359 799 AEgra
379 744 536 786 domus
556 749 732 799 questu,
751 746 1046 801 miseramque
1069 759 1285 788 accessus
1305 746 1363 788 ad
1384 758 1536 789 aurem

217 813 433 869 Gonjugis
454 813 612 864 orbati,
635 818 740 855 tunc
761 813 868 856 flere
889 817 932 856 et
950 814 1154 856 scindere
1169 820 1321 857 vestes
1622 812 1682 858 20

218 881 274 923 Et
288 880 483 923 famulos
502 881 677 923 lassare
694 895 863 935 greges,
882 885 928 924 et
946 883 1122 924 vincere
1140 882 1369 937 planctus,

218 950 441 1004 Fataque,
461 953 506 991 et
525 949 720 1004 injustos
740 949 909 991 rabidis
928 950 1106 1004 pulsare
1126 949 1316 1004 querelis

216 1017 477 1068 Coelicolas,
498 1017 697 1059 solamen
718 1022 839 1060 erat:
869 1019 976 1060 licet
993 1018 1092 1073 ipse
1110 1017 1325 1061 levandos

214 1147 269 1170 ras
282 1138 446 1172 obscurum
447 1140 561 1182 finem
599 1141 697 1172 Modo
711 1139 823 1182 Apollo
827 1140 954 1179 faveat
967 1143 999 1172 et
1016 1140 1135 1178 Caesar,
1145 1141 1199 1182 qui
1213 1149 1332 1182 semper
1342 1139 1426 1172 venit
1437 1150 1507 1172 cum
1521 1138 1679 1181 Apolline,

212 1191 275 1214 non
288 1183 428 1223 digniori
441 1184 587 1233 sepeliere
598 1185 723 1216 tumulo.
772 1184 909 1215 Tardum
923 1183 1046 1224 quidem
1059 1184 1230 1216 remedium
1241 1186 1375 1225 paratur
1388 1187 1476 1215 tanto
1487 1184 1596 1222 luctui,
1610 1191 1680 1213 cum

213 1225 258 1255 sol
273 1227 368 1257 celeri
381 1227 452 1257 orbe
451 1226 595 1277 incipiat
604 1227 770 1259 secundum
783 1236 918 1259 annum:
923 1194 995 1258 qsed
1008 1236 1078 1258 cum
1090 1227 1199 1258 vulnus
1212 1237 1322 1259 novum
1333 1229 1413 1263 erat,
1428 1230 1458 1258 et
1473 1226 1572 1258 adhue
1586 1224 1682 1264 nigra

214 1268 299 1299 luctu
303 1269 459 1307 familia
446 1279 480 1301 m
492 1270 596 1310 prima
608 1271 716 1311 plaga,
731 1273 806 1302 tunc
814 1270 880 1301 sola
894 1269 977 1301 mtto
988 1269 1187 1301 concilianda
1200 1270 1287 1301 auris
1299 1268 1388 1301 vidui
1401 1269 1522 1309 mariti,
1535 1272 1565 1300 et
1581 1268 1680 1300 solum

213 1310 420 1343 levamentum
435 1316 502 1344 erat
517 1314 638 1353 lugere,
662 1317 694 1346 et
718 1314 856 1345 lacerare
874 1316 986 1351 vestes,
1008 1316 1040 1344 et
1055 1313 1202 1353 fatigare
1216 1313 1338 1345 turbam
1351 1321 1520 1353 servorum,
1540 1321 1577 1342 ac
1589 1321 1679 1352 supe-

214 1363 287 1385 rare
301 1363 405 1387 eorum
423 1356 580 1397 planctus,
593 1360 623 1388 et
639 1357 786 1388 incessere
800 1356 890 1397 sala,
911 1358 942 1387 et
957 1355 1080 1397 iniquos
1094 1356 1210 1388 coelites
1224 1355 1348 1395 furioso
1363 1358 1483 1397 questu.
1529 1353 1679 1391 Quamvis

826 1438 1068 1451 eeeeeeeeeeee

216 1492 286 1524 sius
302 1492 344 1524 ad
369 1493 475 1525 Ovid.
490 1493 633 1526 Hei-oid.
650 1503 701 1526 lv.
719 1497 794 1526 113.
809 1493 858 1525 ita
881 1493 967 1526 citat
986 1494 1075 1526 hunc
1097 1503 1253 1525 versum:
1287 1493 1479 1534 Quicumque
1498 1492 1585 1524 venit
1598 1492 1678 1524 mihi

214 1537 326 1567 dexter
338 1536 482 1578 Apolline
499 1537 619 1578 Caesar,
641 1537 714 1568 sine
738 1537 842 1568 dubio
865 1545 982 1568 errore
996 1537 1268 1568 memoriae.—l5
1295 1536 1511 1567 Parmensis:
1534 1539 1589 1567 aut
1604 1536 1679 1568 alio.

214 1581 299 1610 -17
323 1581 436 1611 Altera
456 1590 526 1611 cum
547 1581 682 1612 volucris
706 1580 850 1612 venett.
879 1580 997 1612 Parin.
1024 1580 1123 1612 Rom.
1149 1579 1246 1611 Brix.
1266 1579 1405 1611 Vicent.
1429 1578 1536 1610 Aldd.
1566 1578 1679 1611 Colin.

215 1620 347 1662 Grypii.
371 1622 478 1654 Basil.
502 1623 617 1655 Plant.
641 1625 706 1654 διο.
730 1623 946 1654 nihilominus
970 1627 1086 1654 tamen
1115 1622 1342 1653 Marklandns
1363 1627 1483 1654 censet
1503 1621 1678 1662 scripsisse

212 1664 377 1696 Statium:
402 1665 515 1697 Altera
526 1676 595 1697 cum
610 1667 860 1697 volucrem—18
883 1665 981 1697 Idem
998 1664 1225 1697 Marklandus
1242 1665 1360 1696 malit:
1386 1664 1502 1703 funere
1522 1664 1681 1705 primo.—

215 1709 256 1738 19
273 1708 381 1747 Nigra
393 1709 498 1740 domus
512 1713 621 1749 questu
632 1710 774 1740 Venett.
788 1711 818 1741 1.
833 1711 864 1740 2.
880 1708 996 1740 Parm.
1013 1709 1111 1739 Rom.
1126 1707 1230 1740 Aldd.
1247 1707 1498 1749 Calin-Gryph.
1512 1710 1579 1738 ἃς.
1598 1706 1679 1739 Nic.

215 1749 381 1781 Heinsius
396 1752 480 1783 Not.
495 1752 538 1782 ad
557 1752 633 1783 Val.
647 1752 740 1783 Flac.
753 1761 778 1782 1.
794 1753 869 1783 147.
884 1756 919 1783 et
934 1751 967 1782 in
981 1751 1127 1782 Advers.
1146 1751 1203 1782 lib.
1218 1759 1270 1782 lv.
1286 1760 1364 1792 cap.
1381 1753 1413 1782 3.
1430 1760 1463 1791 p.
1475 1752 1551 1781 576.
1567 1750 1677 1790 legit:

213 1793 569 1835 AEgradomusquestu;
584 1794 673 1835 qnod
686 1794 814 1835 primns
828 1793 963 1825 admisit
975 1793 1215 1825 Marklandus.
1229 1792 1526 1825 ‘Adversariornm
1539 1793 1561 1824 l.
1576 1801 1678 1824 xcw.

214 1844 292 1876 cap.
308 1840 339 1867 5.
355 1836 502 1868 diximus
518 1838 723 1878 legendum:
748 1837 893 1868 miseram
917 1838 971 1878 qui
993 1847 1134 1868 ‹accessu-3
1155 1837 1197 1867 ad
1220 1835 1355 1868 aurem?
1379 1835 1431 1867 Ea
1449 1836 1555 1867 lectio
1577 1835 1676 1866 nnius

213 1878 323 1911 literae
337 1880 528 1911 mutatione
552 1890 687 1912 omnem
713 1879 769 1911 hic
795 1889 924 1911 moram
953 1879 1068 1912 tollit.'
1093 1880 1294 1911 Barth—23
1318 1878 1487 1911 Addenda
1511 1883 1589 1919 post
1603 1879 1682 1909 haec

215 1921 335 1964 verba,
366 1923 503 1955 solamen
531 1927 613 1964 erat,
638 1927 722 1955 nota
747 1922 993 1964 interrogandi.
1059 1922 1127 1956 Qui
1153 1922 1244 1953 enim
1267 1922 1310 1953 de
1338 1931 1414 1953 sera
1440 1921 1676 1953 consolatione

869 2013 1015 2046 NOTAE

972 2078 1108 2111 Poetae.
1157 2076 1335 2118 Volucrem]
1357 2076 1448 2111 Quia
1468 2075 1550 2108 nihil
1563 2074 1671 2108 citius

970 2129 1049 2162 fluit
1064 2134 1233 2171 tempore.

209 2077 339 2120 perenni
356 2077 523 2110 Tentamus
536 2078 710 2119 darejusta
720 2078 804 2120 lyra]
817 2078 917 2111 Idem

213 2128 390 2170 Lacrymis
408 2129 564 2160 Etrusci:
590 2130 600 2146 ‘
617 2130 692 2161 Nos
707 2139 775 2161 non
799 2140 919 2162 arsura

213 2178 365 2210 feremus
392 2179 552 2218 Munera,
576 2184 810 2222 venturosque
837 2185 918 2213 tuns

211 2229 351 2262 durabit
365 2230 401 2261 in
423 2239 528 2262 annos
543 2230 604 2262 Me
619 2236 834 2264 monstrante
857 2232 918 2264 do·

212 2279 286 2312 lor.'

259 2333 300 2363 14
326 2330 448 2372 Quique
473 2332 560 2364 venit
577 2332 690 2372 ,iuncto
704 2333 784 2366 mihi
798 2344 918 2375 semper

215 2381 360 2422 Apolline
397 2382 522 2423 c'aesar]
551 2382 722 2415 Adulatur
746 2384 919 2416 Domitia·

214 2441 309 2471 num,
323 2432 480 2473 dicitque
489 2433 563 2474 ejus
580 2443 707 2465 numen
723 2444 790 2465 non
806 2434 918 2466 minus

212 2490 365 2522 praesens
402 2481 466 2513 sibi
494 2492 582 2524 esse,
612 2493 715 2526 qnam
735 2484 918 2526 Apollinis,

213 2541 255 2564 ac
284 2531 349 2564 sibi
370 2532 539 2573 inspirare
569 2535 736 2567 carmina.
781 2536 828 2567 Et
853 2536 918 2568 hoc

212 2582 312 2623 dicit,
337 2583 416 2625 qnia
438 2584 659 2616 Domitianus
678 2585 817 2627 poetica
841 2591 918 2618 arte

211 2634 350 2675 enituit,
366 2638 406 2666 ut
432 2634 579 2666 diximus
605 2635 808 2669 Achilleidis
825 2647 851 2670 1.
866 2638 918 2669 in·

215 2686 290 2718 itio.

255 2739 295 2768 17
318 2736 432 2768 Altera
446 2737 533 2778 reia]
554 2737 625 2769 Pro
653 2738 823 2771 secundus
849 2738 915 2771 cir·

211 2786 323 2820 cnitns
346 2787 436 2820 solis.
479 2787 624 2820 Currum
646 2788 737 2820 enim
753 2788 916 2822 solidant

1015 2183 1057 2213 18
1081 2179 1201 2221 Plaga]
1224 2178 1399 2212 Extinctae
1418 2178 1545 2210 uxoris.

1015 2234 1058 2263 20
1097 2230 1249 2271 Coniugis
1283 2229 1403 2271 orbati]
1462 2229 1678 2271 Abascantii,

972 2282 1123 2315 Scindew
1151 2282 1265 2324 vestes]
1286 2282 1328 2314 In
1354 2282 1451 2314 luctu
1472 2277 1679 2315 scindebant

972 2339 1100 2374 vestes,
1117 2338 1155 2366 ut
1171 2333 1297 2374 saepius
1311 2332 1472 2364 diximus.

1014 2386 1055 2416 21
1079 2385 1125 2416 Et
1132 2383 1272 2423 fmulos
1286 2384 1403 2414 lassare
1420 2391 1547 2422 greges,
1560 2385 1592 2414 et
1603 2382 1679 2414 vin-

971 2444 1040 2466 cere
1065 2433 1226 2475 plnnetus]
1261 2432 1369 2465 Theb.
1394 2441 1445 2464 vr.
1487 2432 1676 2474 ‘Asperior-

972 2490 1107 2526 contra,
1132 2486 1359 2526 planctusque
1379 2492 1518 2525 egressa
1543 2482 1675 2523 viriles,

973 2537 1142 2578 Exemplo
1168 2535 1313 2567 famulas
1335 2535 1474 2577 premit,
1497 2533 1675 2566 hormar-

972 2597 1038 2629 que
1052 2586 1231 2619 volentes!

1013 2641 1055 2670 22
1077 2638 1277 2678 Fataque‚et
1297 2635 1429 2675 wadon
1455 2634 1577 2667 rabidi,
1598 2637 1670 2676 pnl-

968 2698 1039 2721 me
1054 2689 1188 2729 querelis
1202 2686 1376 2727 Coelieolas]
1397 2685 1557 2726 Veteres,
1573 2685 1674 2719 dolo·

969 2740 1015 2772 ris
1039 2738 1266 2781 impatientia,
1284 2736 1358 2770 fata
1373 2741 1408 2779 et
1424 2737 1518 2769 Deos
1538 2737 1673 2779 iniquo·

969 2790 1074 2832 impie
1105 2789 1288 2822 vocabam.
1336 2787 1536 2821 Quinetiam
1559 2787 1594 2819 in
1616 2787 1668 2820 his

1786 591 1800 651 -ιιι..“
1794 563 1800 570 2
1787 513 1800 544 „¹⁴

1783 1159 1800 1620 :flua-elfmmffmhfflwfm--ss-
1791 1150 1794 1151 ¹
1784 914 1800 1142 huhrau-mffla
1789 873 1800 907 mn*
1791 848 1800 866 ,Α
1796 823 1800 837 ,.
1791 805 1794 812 ·
1790 781 1800 797 vv
1791 763 1800 770 ,·
1795 733 1800 750 ,-

1796 2100 1800 2106 .
1780 1668 1800 2086 ἰηἲ-εῗἏΈέΔἎΗήᾺ-’έκιὲι-..ι-ι.
1787 1634 1800 1660 ,π
