1800 3060
222 203 282 246 30
644 211 924 243 Auc‘ronum
958 211 1272 242 'rus'rlmoNlA

225 309 459 365 praecepit,
478 307 645 359 multis,
663 307 807 363 iisque
827 307 1062 362 purpureis
1077 306 1279 350 locorum
1294 306 1508 360 flosculis,
1523 307 1690 364 primas

225 391 348 433 saepe
368 377 601 420 inchoatas
616 377 824 419 materias
846 375 1056 417 decenter
1076 375 1290 418 extendit.

388 488 476 532 An.
499 488 641 531 Manl.
663 488 813 530 Sever.
835 486 1070 538 Boethius,
1100 486 1157 529 de
1178 485 1375 538 Musica,
1394 487 1472 530 lib.
1493 499 1528 531 1.

282 568 339 611 Id
359 570 491 610 etiam
509 567 594 610 fuit
614 567 808 622 antiquis
828 568 876 608 in
894 579 1017 608 more
1037 567 1253 621 positum,
1284 572 1334 610 ut
1361 567 1559 610 luctibus
1584 581 1689 611 can-

224 642 296 680 tus
317 637 439 680 tibiae
460 637 650 691 praeiret.
723 635 871 677 Testis
893 639 964 676 est
985 634 1206 690 Papinius
1227 635 1401 678 Statius
1419 636 1507 678 hoc
1522 649 1654 679 versu
1677 650 1687 679 :

686 703 837 746 Cornu
857 716 989 757 grave
1007 704 1152 757 mugit
1171 704 1347 747 adunco

453 772 603 824 Tibia,
623 772 694 814 cui
709 775 883 813 teneros
903 775 1080 814 suetum
1101 771 1344 826 producere
1364 785 1529 815 manes.

676 867 912 910 Ennodius
931 866 1078 910 Carm.
1106 877 1249 912 LXVI.

456 951 470 970 ‘
483 948 663 990 Pierius
684 948 823 990 menti
843 947 968 990 calor
987 946 1173 991 incidit:

284 1016 409 1060 Nota
429 1017 567 1059 verba
587 1016 782 1071 Papinii.

459 1118 658 1160 Isidorus
675 1118 752 1161 lib.
773 1118 828 1160 de
851 1117 1020 1161 Rerum
1044 1118 1236 1171 Natura,
1258 1132 1358 1174 cap.
1376 1119 1451 1162 30.

228 1195 278 1237 Si
297 1197 464 1251 lignum
481 1197 601 1252 ligno
620 1201 752 1247 teraS,
773 1198 919 1251 iguem
941 1196 1113 1240 emittit.
1174 1197 1307 1240 Unde
1327 1203 1371 1240 et
1387 1198 1605 1253 Papinius
1625 1211 1636 1240 ε

397 1264 684 1320 Fulguraque
706 1267 870 1308 attritis
892 1267 1066 1322 quoties
1086 1267 1276 1309 micuere
1298 1267 1519 1322 procellis.

621 1372 750 1414 Idem
771 1372 896 1429 Orig.
915 1373 995 1415 lib.
1018 1384 1092 1415 111.
1114 1386 1216 1429 cap.
1237 1374 1308 1416 70.

286 1453 299 1472 ‘
314 1450 471 1492 Fertur
490 1451 614 1506 quod
633 1451 730 1493 haec
750 1437 882 1494 stella
903 1453 1049 1495 oriens
1070 1452 1339 1503 Luciferum,
1355 1451 1563 1494 occidens
1579 1451 1695 1494 Ves-

229 1531 384 1574 perum
402 1518 528 1571 facit,
549 1519 605 1561 de
627 1533 718 1574 qua
737 1519 936 1562 Statius:

374 1593 420 1630 et
438 1588 601 1630 alterno
623 1588 877 1643 deperditur
894 1587 1222 1644 [deprenditur]
1243 1601 1360 1630 unus
1377 1588 1422 1630 in
1442 1587 1569 1630 ortu.’

1033 1656 1158 1698 Serv.
1182 1656 1240 1698 ad
1263 1656 1368 1698 AEn.
1391 1667 1503 1699 vm.
1524 1657 1624 1699 590.

689 1758 814 1800 Idem
837 1758 916 1800 lib.
940 1768 1049 1799 xlv.
1070 1770 1174 1811 cap.
1194 1757 1237 1799 8.

288 1840 303 1862 ‘
317 1836 498 1889 AEstiva,
529 1842 634 1880 sunt
650 1838 751 1880 loca
779 1839 1006 1888 umbrosa,
1026 1837 1191 1892 quibus
1220 1849 1299 1891 per
1330 1840 1531 1879 aestatem
1549 1837 1695 1878 vitant

231 1919 399 1962 pecora
431 1906 551 1948 Solis
575 1906 789 1948 ardorem.
849 1906 1052 1948 Statius:
1084 1905 1144 1947 Et
1170 1905 1370 1946 umbrosi
1401 1907 1583 1959 patuere
1611 1917 1698 1947 aes-

232 1975 326 2017 tiva
346 1973 530 2030 Lycaei?
590 1975 700 2016 Sunt
715 1976 853 2017 verba
889 1974 1031 2016 Servii
1053 1973 1110 2015 ad
1129 1971 1396 2027 Georgicum
1419 1983 1492 2015 111.
1513 1974 1614 2015 472.

363 2075 615 2131 Aymoinus
638 2077 694 2118 de
717 2076 871 2119 Gestis
893 2075 1185 2126 Francorum,
1212 2074 1293 2117 lib.
1318 2085 1384 2115 ιν.
1405 2087 1504 2128 cap.
1527 2075 1567 2116 1.

289 2157 304 2177 ‘
321 2154 513 2210 Nequeo
531 2155 625 2197 sine
644 2155 854 2210 lacrymis
876 2167 1093 2197 aerumnas
1112 2166 1225 2196 meae
1248 2153 1408 2195 referre
1430 2152 1669 2194 Orbitatis:

465 2224 702 2265 Fraternas
718 2225 837 2266 acies
853 2224 1109 2278 alternaque
1130 2222 1275 2273 Bella,

234 2304 335 2346 quae
354 2292 559 2345 profanis
581 2291 804 2334 decertata
823 2296 921 2334 sunt
938 2290 1084 2333 odiis.’

291 2359 406 2401 Sunt
424 2361 559 2401 verba
582 2359 794 2402 Clotharii
816 2360 960 2413 Regis
985 2359 1043 2401 ad
1075 2358 1394 2409 Brunichildin,
1412 2371 1523 2399 mox
1542 2357 1700 2398 crude-

234 2426 339 2470 liter
359 2427 682 2482 perimendam.

596 2523 840 2576 Gunterus,
862 2524 1072 2579 Ligurini,
1091 2524 1168 2566 lib.
1192 2534 1237 2564 v.
1256 2523 1354 2565 318.

407 2603 422 2622 ‘
436 2601 553 2655 Ergo
576 2602 684 2644 dato
706 2605 873 2657 passim
892 2604 1040 2646 varias
1061 2615 1233 2645 rumore
1253 2615 1331 2656 per
1352 2599 1508 2642 urbes.'

294 2668 468 2711 Versus
487 2673 556 2711 est
576 2674 714 2722 totuS‚
742 2675 902 2726 praeter
931 2673 1116 2727 primam
1146 2683 1318 2720 vocem,
1342 2668 1524 2723 Papinii
1546 2665 1700 2711 Achil-

238 2735 382 2779 leidos
405 2736 486 2778 lib.
509 2747 562 2779 11.
584 2736 685 2779 352,
