1800 3060
224 203 311 247 496

726 215 769 246 P.
802 214 996 247 PAPlNlI
1030 214 1197 249 STA‘rn

227 309 398 352 Laudis
419 315 550 364 egent
568 322 710 352 verae:
743 311 841 361 tibi,
862 324 1118 367 quanquam
1137 317 1184 356 et
1204 314 1328 368 origo
1348 314 1512 358 niteret

225 377 287 419 Et
302 377 415 419 felix
437 377 626 432 species,
643 378 921 434 multumque
943 382 1141 434 optanda
1159 383 1348 434 maritis,

226 445 301 488 Ex
322 449 366 487 te
387 445 530 500 major
548 445 707 496 honos,
727 459 863 487 unum
882 447 1060 489 novisse
1082 449 1246 500 cubile,

1636 449 1695 491 55

227 512 377 554 Unum
400 513 584 555 secretis
606 513 771 567 agitare
791 514 876 554 sub
897 515 1081 556 ossibus
1100 516 1262 569 ignem.

226 580 362 623 Illum
383 594 464 622 nec
482 580 703 635 Phrygius
722 581 930 624 vitiasset
948 588 1101 638 raptor
1120 597 1329 634 amorem,

227 648 485 691 Dulichiive
505 649 661 704 proci3
691 663 772 692 nec
793 650 873 705 qui
891 649 1108 694 fraternus
1128 652 1299 694 adulter

228 715 369 760 Casta
390 717 632 772 Mycenaeo
654 718 879 761 connubia
897 719 1065 773 polluit
1083 732 1208 762 auro.

228 785 279 827 Si
301 785 551 841 Babylonis
570 798 697 840 opes,
719 785 863 839 Lydae
884 786 925 827 si
945 787 1141 840 pondera
1162 799 1303 840 gazae,

228 852 531 908 Indorumque
552 853 683 895 dares
705 854 955 908 Serumque
976 853 1270 909 Arabumque
1290 857 1494 909 potentes

229 920 442 972 Divitias,
465 921 618 963 mallet
637 934 738 963 cum
757 926 1027 976 paupertate
1048 922 1217 977 pudica

227 988 501 1031 Intemerata
520 989 651 1041 mori,
671 989 900 1045 vitamque
919 990 1161 1045 rependere
1182 989 1332 1032 famae.

229 1105 394 1146 Priscilla,
414 1105 474 1136 tibi
497 1106 640 1147 splendor
663 1105 817 1137 natalium
835 1106 937 1146 soret,
957 1109 988 1138 et
1014 1106 1144 1147 egregia
1167 1107 1296 1148 species,
1315 1110 1347 1139 et
1361 1107 1487 1139 maritis
1498 1106 1630 1139 multam
1643 1117 1696 1148 op-

227 1150 337 1188 tanda,
360 1148 459 1187 major
472 1149 578 1188 gloria
598 1159 639 1180 ex
662 1152 716 1180 tua
736 1149 854 1181 virt-ute
868 1152 949 1188 erat,
971 1151 1051 1189 quod
1066 1153 1150 1181 caste
1163 1150 1286 1182 vixeris
1307 1150 1342 1182 in
1364 1149 1522 1190 conjugio,
1536 1153 1568 1181 et
1581 1150 1699 1181 alueris

227 1200 322 1222 unam
329 1191 496 1233 flammam
509 1191 544 1223 in
557 1191 671 1223 animo.
716 1192 784 1223 Nec
802 1192 965 1233 Phrygius
979 1195 1100 1233 raptor,
1120 1203 1176 1224 nec
1188 1193 1276 1234 proci
1294 1192 1449 1229 Dulichii,
1470 1192 1697 1231 necfraternus

228 1234 372 1275 moechus,
386 1234 441 1275 qui
456 1234 682 1266 contaminavit
699 1234 849 1275 pudicum
872 1235 1104 1267 matrimonium
1118 1245 1193 1268 auro
1208 1236 1385 1278 Mycenoeo,
1406 1234 1593 1278 corrupisset
1616 1235 1698 1266 hunc

227 1286 375 1308 amorem.
420 1276 459 1308 Si
477 1277 667 1318 praebuisses
681 1277 812 1309 dicitias
826 1276 1012 1319 Babylonis,
1034 1277 1064 1308 si
1078 1278 1239 1310 thesauros
1253 1279 1425 1320 Lydorum,
1444 1283 1475 1310 et
1489 1288 1592 1310 omnes
1615 1277 1696 1309 divi-

229 1320 294 1351 tias
308 1320 469 1361 Indorum,
485 1320 635 1352 Serumve
649 1331 686 1352 ac
700 1319 853 1360 Arabum,
867 1321 973 1352 mallet
986 1320 1138 1353 inviolata
1152 1322 1233 1353 mori
1246 1332 1316 1354 cum
1329 1325 1416 1354 casta
1431 1324 1580 1362 egestate,
1592 1324 1624 1353 et
1638 1321 1697 1352 im-

843 1404 862 1416 O

1067 1405 1085 1417 O

228 1458 450 1491 landus.-55
475 1460 522 1490 Et
538 1461 570 1490 te
584 1459 682 1499 maior
696 1459 792 1490 honos
806 1459 992 1492 Reum—57
1014 1459 1173 1492 Handins
1200 1459 1242 1492 ad
1270 1469 1295 1492 1.
1320 1460 1413 1502 Sylv.
1438 1463 1471 1492 2.
1498 1463 1572 1493 160.
1587 1460 1695 1501 legit:

230 1505 340 1542 raptor
374 1505 614 1534 amorum—58
651 1502 833 1534 Diluchiive
860 1502 949 1543 proci
982 1502 1038 1534 ed.
1071 1503 1414 1543 Lindenbrogii.—63
1450 1502 1555 1535 Aldd.
1585 1503 1697 1536 Colin.

231 1544 366 1586 Gryph.
394 1544 503 1576 Basil.
527 1545 647 1577 Plant.
672 1545 735 1576 διο.
770 1545 944 1586 impendere
961 1544 1084 1584 samam·
1107 1546 1251 1578 Venett.
1278 1549 1310 1578 1.
1336 1548 1369 1578 2.
1394 1546 1511 1579 Parm.
1539 1551 1577 1578 et
1599 1546 1699 1580 Rom.

891 1631 1034 1664 No'rAE

274 1695 317 1724 53
344 1692 431 1734 Tibi]
456 1693 653 1725 Priscillam
669 1693 867 1735 alloquitur.

275 1746 317 1775 57
341 1743 437 1775 Illum
451 1743 601 1785 amorem]
623 1744 700 1776 Quo
718 1745 875 1776 Priscilla
890 1745 939 1776 di-

228 1793 362 1835 ligebat
388 1795 561 1827 maritum.
617 1795 783 1837 Phrygius
813 1796 939 1838 raptor]

230 1844 331 1877 Paris
347 1845 514 1886 Trojanus
538 1846 597 1888 qui
625 1847 741 1888 rapuit
757 1846 939 1879 Helenam.

230 1895 328 1927 Nota
337 1894 463 1928 fabula.

276 1948 319 1978 58
344 1947 530 1979 Dulichiive
542 1946 647 1988 proci]
670 1947 846 1989 Intelligit
862 1957 940 1989 pro-

233 2005 293 2028 cos
309 1997 518 2038 Penelopes.
549 1997 729 2028 Dulichios
746 2001 846 2029 vocat
861 1998 942 2039 quia

231 2046 390 2088 plerique
403 2056 519 2078 eorum
535 2051 635 2079 erant
651 2056 693 2078 ex
711 2047 874 2080 Dulichio
889 2049 940 2079 in-

232 2097 319 2137 sula,
333 2106 409 2139 quae
438 2096 585 2138 parebat
600 2097 715 2137 Ulyssi
731 2098 853 2130 marito
869 2098 937 2131 Pe-

231 2147 388 2188 nelopes.
419 2147 595 2179 Fraternas
609 2149 734 2179 adulter
751 2149 849 2181 Casta
863 2149 938 2191 My-

231 2207 332 2229 cenoeo
348 2197 499 2230 connubia
519 2198 628 2239 polluit
653 2200 746 2240 auro]
768 2199 941 2241 Intelligit

231 2250 418 2291 Thyesten,
446 2250 504 2290 qui
521 2249 672 2290 AEropen
698 2249 798 2281 Atrei
823 2249 939 2283 fratris

233 2309 378 2332 uxorem
393 2300 620 2332 castissimam
646 2300 758 2341 pretio
773 2301 941 2342 corrupit,

234 2355 270 2383 et
293 2351 328 2383 in
345 2350 552 2383 adulterium
576 2351 733 2392 pellexit.
779 2352 941 2394 Mycenoeo

233 2402 325 2443 auro]
347 2403 460 2434 Vocat
488 2401 600 2433 Poeta
623 2412 748 2443 aurum,
762 2412 829 2444 quo
853 2403 941 2444 Thy-

235 2457 328 2484 estes
340 2453 495 2494 corrupit
519 2462 661 2484 uxorem
685 2451 816 2491 fratris,
829 2454 940 2495 Myce-

233 2513 350 2543 noeum,
366 2503 446 2544 quia
471 2502 643 2543 Mycenis,
667 2502 725 2535 ubi
741 2508 818 2535 erat
845 2503 940 2545 regia

234 2553 336 2585 Atrei
349 2552 479 2590 fratris,
494 2553 561 2585 hoc
577 2554 706 2585 crimen
723 2554 940 2587 commissum

234 2607 299 2636 est.

278 2656 321 2685 60
344 2651 519 2695 Babylonis
542 2654 627 2695 opes]
651 2655 707 2687 De
732 2655 854 2697 opibus
869 2656 936 2689 Ba-

233 2704 370 2745 bylonis
384 2713 425 2736 ac
444 2714 562 2746 regum
573 2705 838 2746 Babyloniorum
854 2716 935 2739 con-

237 2755 311 2786 sule
327 2754 544 2788 Herodotum
556 2765 595 2788 ac
605 2755 648 2789 Q.
661 2755 830 2790 Curtium.
874 2758 937 2798 Ly·

995 1697 1046 1727 ‹1ae
1057 1695 1163 1737 gazoe]
1185 1696 1286 1739 Lydii
1307 1697 1398 1729 enim
1413 1706 1512 1738 reges
1527 1696 1699 1737 ditissimi,

995 1756 1139 1787 quorum
1169 1747 1308 1778 ultimus
1335 1747 1471 1779 Croesns
1499 1752 1635 1780 ceteros
1662 1752 1699 1780 et

995 1795 1123 1828 divitiis
1141 1802 1184 1828 et·
1202 1796 1370 1829 felicitate
1395 1798 1584 1838 superavit,
1604 1803 1699 1830 ante-

993 1855 1094 1888 quam
1110 1857 1130 1879 a
1154 1847 1246 1889 Cyro
1267 1848 1476 1890 vinceretur,
1491 1859 1531 1882 ac
1554 1849 1598 1881 dc
1613 1850 1700 1882 solio

993 1896 1216 1939 dejiceretur.

1034 1951 1075 1980 61
1100 1948 1250 1980 Indorum
1278 1949 1453 1990 Serumque
1485 1950 1696 1992 Arabumque]

991 1998 1085 2039 Indi,
1101 1999 1216 2038 Seres,
1231 1998 1366 2031 Arabes
1379 2001 1496 2041 populi
1510 2001 1698 2042 opulentis-

993 2048 1083 2080 simi.
1127 2049 1182 2081 De
1198 2049 1239 2081 iis
1247 2050 1320 2090 jam
1336 2050 1418 2082 alibi
1429 2050 1589 2085 diximus.

1035 2102 1077 2131 63
1104 2099 1313 2142 [numerata]
1344 2101 1449 2133 Salvo
1471 2101 1597 2134 decore
1627 2111 1698 2135 ma-

995 2150 1133 2191 tronali,
1148 2151 1281 2192 pudore
1290 2161 1360 2199 non
1374 2152 1542 2185 extincto.
1584 2153 1700 2194 Fam]

995 2201 1039 2233 Id
1055 2206 1123 2242 est,
1137 2211 1199 2242 pro
1212 2201 1317 2235 fama.
1361 2202 1466 2235 Fama
1481 2203 1571 2235 enim
1586 2209 1622 2236 et
1639 2203 1698 2236 bo-

994 2262 1040 2284 na
1054 2252 1307 2285 existimatione
1322 2253 1479 2285 vivimus.
1524 2254 1612 2286 Haec
1639 2264 1700 2296 op-

995 2303 1155 2334 timarum
1170 2307 1400 2336 matronarum
1414 2313 1528 2336 comes
1547 2314 1624 2336 esse
1640 2305 1700 2337 de-

994 2353 1067 2386 bet.
1126 2353 1306 2386 Juvenalis
1347 2354 1421 2386 Sat.
1455 2364 1540 2388 vm.
1575 2355 1586 2373 ‘
1600 2355 1698 2387 Sum·

995 2413 1089 2436 mum
1114 2404 1218 2436 crede
1246 2404 1345 2436 nefas
1360 2405 1508 2437 animam
1530 2404 1697 2447 praefetre

994 2454 1130 2496 pudori,
1171 2455 1218 2487 Et
1253 2459 1397 2497 propter
1426 2456 1532 2487 vitam
1563 2454 1697 2487 vivendi

994 2505 1141 2546 perdere
1158 2505 1303 2541 causas.’
1345 2507 1356 2524 ‘
1370 2507 1509 2539 Famam
1522 2506 1531 2519 ’
1542 2515 1619 2537 cam
1636 2514 1698 2546 pu-

995 2554 1079 2586 dore
1090 2555 1208 2596 jungit
1223 2556 1388 2598 Virgilius
1403 2556 1439 2588 in
1462 2554 1609 2598 querelis
1631 2555 1697 2587 Di-

995 2604 1091 2636 donis
1108 2616 1116 2637 :
1147 2606 1158 2624 ‘
1171 2606 1224 2638 Te
1238 2611 1382 2648 propter
1395 2605 1542 2638 eundem
1553 2604 1696 2637 Extinc-

992 2659 1048 2688 tus
1070 2657 1194 2698 pudor,
1209 2661 1245 2690 et
1257 2667 1324 2700 qua
1337 2657 1412 2689 sola
1424 2655 1546 2689 *sidera
1560 2655 1696 2689 adibam

989 2706 1095 2741 Fama
1108 2706 1228 2750 prior!
