1800 3060
169 206 226 248 56
668 216 709 246 r.
741 213 934 246 PAP1N11
971 211 1135 243 STATH

170 312 228 354 Et
245 311 387 353 minor
407 311 450 352 in
467 311 592 364 leges
613 310 697 352 iret
718 323 860 364 gener,
883 313 928 351 et
949 308 1065 350 Cato
1087 306 1261 348 castris.

176 433 280 465 Cattis
305 437 336 465 et
353 433 464 466 Dacis.
507 433 545 465 Si
559 432 668 464 bellum
685 432 844 471 movisses,
866 435 898 463 et
910 440 1007 471 gener
1028 429 1199 471 Pompeius
1213 432 1245 460 te
1259 427 1391 467 inferior
1412 427 1556 460 subiisset
1571 430 1644 459 euos

788 517 1027 531 ‘eaeaeeaeeeeaeet

173 574 221 605 D.
240 573 359 605 Heius.
384 573 489 614 legit:
521 573 564 603 Et
578 573 679 603 minor
693 572 726 602 in
750 572 835 610 leges
856 571 917 601 iret
940 580 974 609 g.
999 580 1026 601 e.
1057 570 1093 601 C.
1115 573 1248 607 nostras,
1272 569 1439 610 probante
1460 568 1642 601 Gevartio.

171 616 419 648 Marklandus:
440 616 485 647 Et
495 626 537 647 m.
549 615 573 647 i.
587 616 608 646 l.
626 616 648 646 i.
662 625 698 654 g.
715 625 741 645 e.
759 615 797 645 C.
807 614 924 653 justas,
940 617 977 644 ut
993 623 1111 644 sensus
1125 614 1189 644 sit:
1207 613 1386 654 Pompeius
1402 617 1438 644 et
1454 612 1542 644 Cato
1555 621 1644 643 sum-

173 660 345 691 misissent
359 669 392 689 se
406 659 538 700 legibus
561 663 596 689 et
613 657 867 689 conditionibus
888 657 967 695 tuis,
983 657 1089 698 aequis
1106 666 1153 687 sc.
1170 655 1496 697 mitibus,etjustis,
1519 660 1643 695 utpote

175 703 252 734 tuis.
304 703 352 733 Et
374 702 423 733 sic
447 702 623 742 explicant
650 700 867 738 Calderinns,
893 699 1012 730 Barth.
1040 698 1251 730 Wernsdort'.
1274 704 1310 730 et
1327 699 1434 730 Lenz.
1479 698 1520 730 In
1547 697 1643 729 libris

176 745 314 786 scriptis
329 745 422 776 nulla
439 745 601 785 varietas,
623 744 685 774 nisi
703 743 792 785 qnod
810 742 965 774 Merseb.
990 742 1174 773 exhibebat
1187 743 1282 781 irent,
1301 742 1392 783 quod
1415 741 1506 773 solus
1521 741 1642 772 Barth.

176 788 341 829 praetnlit.
388 788 433 819 N.
448 787 593 818 Heinsio
613 786 794 828 aliquando
812 786 983 827 placuisse
1001 785 1134 816 videtur
1158 785 1265 825 patris
1282 785 1331 816 sui
1345 784 1538 816 correctio:
1562 785 1646 823 leges

224 854 232 862 .
248 854 256 863 .
284 834 431 867 nostras,-
453 830 512 861 sed
539 830 573 861 in
601 840 660 861 suo
687 830 774 861 libro
800 829 952 860 correxit
980 828 1013 859 in
1037 829 1119 867 leges
1141 828 1227 859 isset.
1288 827 1433 869 Hopflus
1456 826 1642 859 secuudum

175 873 285 906 Theb.
304 883 371 905 vu.
385 877 461 905 370.
475 872 669 905 emendavit
684 883 692 904 :
708 874 742 904 in
761 872 935 911 legesjuret
949 881 1047 911 gener
1059 875 1090 902 et
1108 871 1186 902 Cato
1201 873 1313 909 emtas,
1329 872 1382 902 vel
1395 871 1496 902 cedat.
1523 870 1645 901 Schra-

177 917 281 948 derus
297 917 331 948 in
347 917 436 948 notis
450 915 612 948 ineditis:
635 916 671 947 in
683 916 766 955 leges
780 915 842 946 iret
858 923 956 954 genesn
977 917 1009 945 et
1029 914 1110 945 Cato
1124 917 1240 945 castra.
1286 914 1387 946 Cruc.
1398 914 1433 944 in
1444 914 1527 952 leges
1538 914 1560 943 i.
1571 923 1606 952 g.
1618 922 1647 943 e.

180 961 215 991 C.
223 959 341 1000 justas.
387 962 396 977 ‘
412 960 497 993 Qum
517 960 632 991 omnia
647 968 713 990 non
732 957 868 998 probari
885 961 1037 998 possunt.
1081 956 1252 997 Equidem
1269 966 1311 988 ne
1328 956 1644 998 interpunctionem

178 1003 316 1044 quidem
329 1003 531 1034 mutandum
547 1002 754 1033 existimavi.
800 1001 888 1033 Nam
905 999 1018 1032 Poeta
1030 1009 1096 1031 non
1109 1000 1182 1031 sine
1201 1001 1234 1031 vi
1249 1000 1410 1040 singulari
1425 998 1582 1030 adhibuit
1596 998 1647 1030 in-

178 1047 355 1087 cisionem,
377 1056 451 1088 quae
468 1047 512 1078 ab
528 1055 590 1077 usu
604 1044 837 1076 bucolicorum
855 1044 1063 1085 appellatur,
1086 1043 1136 1075 ita
1153 1047 1191 1075 ut
1215 1052 1289 1075 voc.
1310 1043 1424 1075 castris
1445 1042 1584 1084 proprie
1600 1041 1644 1073 ad

844 1126 874 1158 N
881 1125 986 1157 OTAE

180 1193 223 1224 Te
238 1192 331 1231 signa
342 1192 470 1231 serente
486 1193 531 1223 Et
546 1192 647 1223 minor
668 1193 702 1223 in
725 1193 807 1231 leges
821 1191 883 1222 iret

176 1252 286 1283 gener,
315 1246 347 1274 et
385 1243 465 1274 Cato
500 1243 630 1284 castris]
665 1242 884 1282 Interpretes

178 1293 285 1324 verba
297 1293 435 1334 hujusce
448 1293 513 1325 loci
529 1293 620 1324 varie
632 1292 886 1333 explicuerunt.

179 1344 341 1375 Omnium
359 1349 472 1376 tamen
488 1343 672 1375 sententiae
689 1343 722 1374 in
739 1342 884 1374 eundem

179 1404 316 1426 sensum
343 1394 564 1433 conveniunt,
592 1394 767 1431 nimirum,
784 1393 886 1424 Pom-

179 1446 292 1487 peium
309 1451 345 1477 et
361 1446 528 1477 Catonem
544 1444 754 1482 Domitiano,
775 1444 802 1474 si
817 1443 887 1475 dux

179 1495 300 1528 fuisset
308 1496 515 1528 Caesarianis
526 1495 658 1534 castris,
666 1494 791 1525 vexilla
800 1503 888 1525 sum·

179 1548 342 1579 missuros
358 1552 394 1578 et
410 1555 577 1578 cessuros.
626 1545 667 1576 Te
680 1544 886 1585 signaseren-

180 1598 227 1640 ιε]
265 1597 304 1629 Id
337 1601 403 1633 est,
433 1601 467 1628 te
499 1596 588 1628 duce
618 1595 888 1628 Caesarianarum

181 1648 346 1690 partium,
368 1651 403 1679 te
426 1646 514 1680 Julii
538 1647 682 1679 Caesaris
710 1656 888 1688 personam

181 1699 388 1730 sustinente.
433 1697 546 1729 Minor
572 1707 682 1738 gener,
706 1702 760 1730 est
785 1698 888 1729 Pom-

184 1751 293 1791 peius,
307 1750 364 1791 qui
386 1748 512 1781 Juliam
538 1748 682 1780 Caesaris
703 1747 806 1780 filiam
829 1758 888 1779 ux-

182 1810 275 1832 orem
289 1801 449 1832 (luxerat.
495 1798 541 1830 Et
558 1808 641 1830 voce
657 1799 758 1830 minor
769 1798 891 1830 alludi-

182 1856 239 1883 tur
255 1854 519 1892 cognomentum
536 1850 546 1868 ‘
563 1849 704 1891 Magni‚’
721 1849 812 1891 qnod
828 1849 891 1880 soli

182 1902 248 1935 sibi
276 1902 442 1936 tributum
469 1901 659 1943 Pompeius
682 1900 890 1941 vindicabat,

182 1953 325 1994 aliisque
348 1952 538 1992 invidebat,
552 1952 681 1994 quippe
697 1953 754 1994 qui
773 1962 888 1993 parem

183 2003 276 2036 ferre
286 2013 354 2035 non
366 2003 564 2036 sustineret.
599 2003 668 2034 Sed
681 2005 783 2035 minor
794 2008 889 2043 tnnc,

183 2065 263 2088 cum
281 2055 392 2087 victus
407 2059 462 2086 est
476 2064 497 2086 a
511 2055 662 2094 Caesare,
678 2055 733 2096 qui
757 2053 892 2085 demum

183 2117 339 2149 magnus,
349 2107 451 2138 immo
466 2106 578 2147 major
587 2106 723 2146 agnitus
739 2109 804 2136 est.
843 2105 894 2136 Eo

184 2158 340 2199 respexit
362 2157 526 2189 Manilius
550 2156 610 2188 lib.
627 2166 678 2188 1v.
723 2156 733 2173 ‘
750 2155 835 2189 Quis
859 2160 894 2186 te

184 2210 321 2242 Niliaco
330 2206 895 2251 periturumlittore,Magne‚Post

185 2261 297 2293 victas
322 2258 538 2292 Mithridatis
560 2267 658 2299 opes,
678 2257 895 2298 Pelagusque

186 2316 381 2352 receptum,
412 2310 498 2342 Cum
525 2310 599 2351 jam
637 2309 739 2341 etiam
778 2316 895 2348 posses

186 2362 290 2394 alium
301 2370 511 2402 cognoscere
523 2360 702 2401 Magnum,
712 2358 895 2397 Crederet,

185 2416 226 2444 ut
241 2421 366 2453 corpus
389 2411 553 2452 sepeliret
568 2409 762 2451 paufragus
784 2408 897 2450 ignis:

186 2463 245 2495 De
268 2461 436 2503 Pompeio
452 2461 530 2493 vide
555 2460 750 2492 Historicos
771 2459 896 2490 Roma-

188 2523 266 2552 nos,
289 2516 326 2544 et
354 2511 447 2543 Plin.
475 2511 534 2542 lib.
562 2519 631 2542 vn.
655 2520 731 2552 cap.
755 2512 810 2543 26.
837 2509 895 2541 ubi

188 2564 342 2595 breviter
371 2561 529 2602 Pompeii
558 2561 679 2601 Magni
715 2561 831 2593 titulos
860 2563 897 2591 et

189 2613 382 2654 triumphos
398 2610 520 2642 refert.
558 2611 599 2642 In
613 2611 696 2650 leges
713 2610 791 2651 iret]
816 2609 899 2642 Om-

189 2674 264 2703 nes,
278 2663 335 2705 qui
350 2662 438 2696 hunc
454 2663 565 2694 locum
586 2662 788 2703 attigerunt,
802 2662 849 2694 ire
863 2661 898 2693 in

189 2716 284 2754 leges,
309 2713 435 2746 vexilla
454 2713 667 2746 summittere
696 2717 733 2744 et
759 2713 897 2752 cedere,

191 2764 412 2807 interpretati
427 2773 488 2797 sun
495 2769 519 2797 t.
564 2764 738 2799 Gronovio
749 2764 812 2797 soli
823 2764 898 2798 haec

937 1189 1123 1230 explicatio
1139 1198 1205 1221 non
1222 1189 1349 1230 placet.
1393 1188 1438 1220 Et
1451 1191 1648 1229 postquam,

938 1243 1054 1273 multis
1067 1241 1226 1274 adductis
1237 1248 1415 1274 auctorum
1428 1239 1648 1279 testimoniis,

939 1294 1112 1335 probavit,
1126 1296 1135 1311 ‘
1147 1304 1287 1336 regnum
1300 1293 1309 1306 '
1325 1298 1361 1325 et
1384 1294 1469 1332 leges
1492 1300 1568 1323 esse
1592 1300 1648 1323 res

939 1345 1076 1376 omnino
1107 1344 1258 1375 diversas
1289 1349 1324 1375 et
1359 1343 1423 1374 sibi
1456 1342 1653 1384 oppositas,

939 1396 1023 1435 leges
1039 1405 1119 1426 vero
1144 1400 1180 1427 et
1194 1395 1411 1426 ‘libertatem
1423 1393 1433 1407 ’
1450 1403 1521 1425 rem
1544 1403 1646 1425 unam

941 1445 1151 1487 eandemque
1180 1455 1334 1485 prorsus,
1358 1445 1431 1475 vult
1459 1444 1545 1477 hanc
1570 1453 1646 1474 esse

940 1501 1089 1528 mentem
1106 1497 1225 1528 Statii:
1253 1496 1286 1527 si
1305 1497 1371 1527 tuis
1392 1495 1553 1536 auspiciis
1571 1504 1648 1536 par-

942 1552 994 1579 tes
1010 1557 1086 1588 quae
1105 1552 1204 1578 erant
1229 1547 1377 1578 Caesaris
1400 1546 1647 1577 administratae

943 1603 1072 1636 essent,
1094 1597 1122 1629 si
1148 1602 1185 1630 tu
1203 1607 1343 1638 regnum
1357 1598 1475 1629 Romae
1490 1597 1648 1628 institue·

943 1658 979 1680 re
1002 1649 1178 1688 voluisses,
1204 1649 1295 1681 ultro
1319 1658 1425 1690 gener
1450 1648 1652 1689 Pompeius,

943 1701 1001 1732 ille
1016 1701 1106 1732 solus
1123 1700 1201 1733 olim
1215 1710 1369 1740 magnus,
1380 1705 1416 1732 et
1429 1709 1545 1742 parem
1558 1698 1651 1731 ferre

943 1750 1155 1791 indignatus,
1170 1760 1260 1782 nunc
1284 1751 1404 1782 lubens
1419 1755 1453 1782 te
1469 1751 1582 1789 minor,
1603 1750 1650 1788 vi,

944 1806 1075 1833 armata
1092 1811 1203 1842 mann,
1219 1801 1331 1833 castris
1353 1801 1550 1833 libertatem
1571 1800 1651 1831 ado-

944 1854 1084 1894 riretur,
1107 1854 1307 1886 invaderet:
1331 1862 1396 1885 nec
1417 1853 1527 1884 minus
1551 1853 1650 1884 Cato.

943 1903 1055 1936 Addit
1068 1904 1274 1945 Gronovius,
1289 1909 1326 1935 nt
1339 1913 1432 1935 suam
1446 1903 1650 1934 sententiam

944 1954 1070 1995 firmet,
1079 1956 1195 1987 haberi
1209 1955 1242 1987 in
1254 1955 1385 1987 dnobus
1399 1955 1484 1986 Mss.
1498 1954 1651 1986 Barthii:

943 2011 976 2038 te
989 2017 1088 2047 regna
1100 2006 1238 2046 ferente,
1253 2006 1287 2038 id
1304 2011 1370 2044 est,
1385 2015 1526 2046 regnum
1547 2005 1653 2036 intro-

948 2057 1109 2089 ducente.
1127 2057 1224 2089 Idem
1236 2056 1428 2088 Gronovius
1438 2059 1536 2097 putat
1547 2055 1652 2086 etiam

949 2107 1003 2139 hic
1019 2117 1079 2148 per
1093 2108 1186 2147 leges,
1202 2107 1346 2147 intelligi
1364 2115 1463 2147 posse
1478 2105 1552 2143 has,
1567 2114 1654 2146 quas

950 2159 1075 2190 Caesari
1092 2163 1220 2189 armato
1241 2157 1389 2188 Senatus
1412 2154 1543 2187 infelici
1562 2165 1654 2195 mag-

949 2209 1153 2242 nanimitate
1176 2209 1352 2249 imponere
1373 2207 1494 2246 voluit,
1516 2206 1559 2237 de
1581 2206 1656 2248 qui-

951 2260 1013 2291 bus
1036 2259 1173 2290 videndi
1197 2258 1380 2290 Suetonius
1406 2257 1440 2288 in
1459 2257 1552 2290 Julio
1576 2265 1655 2297 cap.

949 2312 1003 2341 28.
1037 2309 1105 2340 Dio
1132 2309 1192 2340 lib.
1222 2317 1278 2340 xl..
1325 2308 1371 2339 Et
1400 2307 1432 2338 in
1457 2307 1516 2337 has
1547 2307 1656 2347 leges,

950 2369 1135 2401 earumque
1173 2364 1348 2399 rogatores
1376 2361 1413 2388 et
1441 2356 1658 2397 defensores,

950 2411 1139 2451 Pompeius
1155 2414 1190 2441 et
1208 2410 1308 2448 Cato,
1324 2408 1441 2449 capita
1456 2407 1515 2438 illa
1535 2407 1655 2438 adver-

950 2470 1064 2492 sarum
1081 2460 1242 2501 partium,
1260 2459 1350 2490 ultro
1366 2468 1442 2490 cnm
1459 2458 1657 2489 Domitiano

950 2511 1106 2550 ivissent,
1121 2510 1242 2541 armati
1254 2508 1452 2547 movissent,
1465 2509 1493 2538 si
1506 2508 1564 2539 ille
1579 2508 1656 2539 Cae-

951 2570 1006 2592 sar
1030 2560 1165 2592 fnisset.
1211 2558 1307 2599 Cato]
1332 2557 1508 2589 Uticensis
1530 2557 1585 2589 hic
1605 2558 1657 2588 in-

949 2610 1169 2652 telligendus,
1190 2609 1247 2650 qui
1272 2612 1418 2649 accepto
1439 2607 1560 2639 nuntio
1581 2608 1658 2640 Uti·

951 2671 1015 2700 cae,
1030 2660 1087 2691 ubi
1112 2664 1202 2698 erat,
1217 2658 1412 2700 Scipionem
1437 2664 1473 2690 et
1495 2658 1619 2691 Jubam
1637 2668 1658 2691 a

952 2713 1087 2745 Caesare
1104 2719 1211 2752 prope
1226 2710 1397 2751 Thapsum
1412 2708 1530 2740 urbem
1546 2709 1659 2741 victos

952 2762 1069 2805 fuisse,
1097 2761 1287 2804 castrisque
1317 2765 1454 2801 exutos,
1479 2768 1516 2792 se
1545 2759 1659 2802 ipsum
