1800 3060
224 169 310 212 156

725 183 776 214 P.
799 182 991 215 PAPINH
1025 183 1189 216 STATn

221 275 330 317 Non
348 243 477 318 vacat
497 274 686 318 Arctoas
708 278 847 329 acies,
869 278 1159 333 Rhenumque
1179 281 1400 333 rebellem,

221 343 517 398 Captivaeque
537 357 692 398 preces
713 345 914 398 Veledae,
935 354 982 390 et
996 347 1120 402 (quae
1140 349 1338 391 maxima
1357 363 1500 405 nuper

1625 351 1684 394 90

218 410 396 465 Gloria)
416 411 668 465 depositam
688 413 830 455 Dacis
851 416 1131 468 pereuntibus
1155 429 1302 458 arcem

220 478 449 533 Pandere;
482 493 584 521 cum
604 482 730 531 tanti,
753 482 907 532 lectus,
926 483 1103 524 rectoris
1121 483 1338 535 habenas,

217 605 325 639 bellem
338 607 494 650 Rhenum,
511 620 548 641 ac
571 620 677 650 preces
698 611 832 651 caplivoe
852 611 985 652 Veledae,
1010 615 1042 643 el
1065 612 1135 653 (qui
1159 623 1256 654 nuper
1273 623 1410 646 summus
1430 612 1541 656 honor>
1567 613 1682 645 victam

218 649 379 682 Dacorum
403 652 511 684 urbem
534 653 684 685 extinctis
707 653 871 692 barbar1‘35
902 664 972 686 cum
989 655 1123 696 Gallice,
1139 657 1250 688 electus
1274 657 1435 698 suscepisti
1454 656 1577 696 fraenos
1597 658 1681 688 lunli

831 738 951 751 000000

953 739 1072 751 eeeee

215 807 252 840 p.
268 801 345 832 221.
360 799 530 841 probante
544 801 849 836 Marklando.—90
872 804 1044 837 Domitius
1064 805 1200 838 Velideae
1214 806 1248 837 in
1264 805 1420 839 omnibus
1447 806 1547 839 codd.
1571 807 1678 848 scrip-

214 846 287 873 tum
312 843 485 883 reperisse
509 853 545 876 se
569 844 664 884 dicit,
688 845 779 877 unde
805 848 864 879 ille
891 847 978 880 fecit
1008 848 1137 880 Velidae.
1182 849 1286 882 Aldd.
1312 850 1424 882 Colin.
1449 849 1581 892 Gryph.
1610 852 1676 883 διο.

221 884 439 918 Veledoe.—91
474 887 700 919 Marklandns
735 898 796 929 pro
831 890 949 927 urbem,

982 891 1074 932 quod
1104 901 1221 924 omnes
1252 891 1354 924 codd.
1381 896 1564 930 testantur,
1598 902 1675 924 cnm

215 927 360 960 Venett.
377 931 406 960 l.
421 931 453 961 2.
468 932 499 961 3.
517 933 549 962 4.
567 931 684 962 Parm.
700 931 947 964 Brix.Vicent.
965 933 1065 965 Rom.
1081 933 1185 967 Aldd.
1202 938 1232 967 1.
1248 937 1281 966 2.
1298 934 1408 966 Colin.
1423 935 1554 977 Gryph.
1570 935 1675 967 Basil-

214 972 281 1002 διο.
297 972 435 1012 scripsit
449 982 563 1013 arcem,
584 974 755 1014 quomodo
771 975 860 1015 apud
880 976 964 1007 Hor.
981 985 1006 1008 1.
1032 977 1101 1009 Od.
1116 980 1148 1008 7.
1165 981 1196 1010 5.
1223 977 1403 1018 legendnm
1428 978 1546 1010 docuit
1569 978 1677 1010 Bent-

214 1012 314 1045 leius.
349 1014 548 1046 Notandum
565 1016 708 1056 produci
724 1017 871 1058 priorem
884 1018 985 1060 hujus
1002 1020 1094 1051 vocis
1109 1020 1288 1060 syllabam,
1303 1030 1380 1052 eum
1398 1021 1482 1052 Daci
1492 1021 1675 1059 dicuntur;

213 1056 342 1097 corripi
358 1067 435 1089 cum
451 1058 563 1097 Dacoe,
580 1062 618 1090 ut
633 1059 850 1092 observatum
865 1071 920 1102 ap.
935 1062 1119 1093 Lucanum.
1153 1063 1242 1094 Vide
1253 1063 1500 1100 Comment.‚L.
1511 1064 1677 1096 Hortens.

211 1107 247 1139 p.
263 1101 426 1132 102.-92
450 1100 609 1133 Correxit
623 1102 758 1143 Lipsius
773 1105 854 1135 lectu
869 1105 913 1136 ad
928 1104 1042 1138 Tacit.
1058 1105 1149 1138 Anu.
1164 1114 1190 1137 1.
1216 1105 1308 1147 quod
1332 1105 1420 1139 fecit
1444 1107 1550 1139 etiam
1569 1106 1674 1138 Bern.

869 1178 1016 1212 NOTAE

212 1246 359 1287 Livium,
381 1246 507 1280 Aulum
533 1248 686 1281 Gellium
702 1249 760 1282 [ibt
778 1259 831 1284 vt.
861 1250 917 1283 Ci-

212 1306 371 1329 ceronem
394 1297 465 1330 Off.
489 1308 545 1331 111.
571 1304 606 1331 et
628 1300 795 1332 Oratione
834 1311 915 1333 con·

210 1351 264 1378 tra
286 1347 460 1388 Pisonem,
496 1349 678 1380 Horatium
704 1359 761 1382 111.
790 1351 858 1383 Od.
881 1355 914 1383 5.

211 1396 333 1429 Lucem
348 1397 471 1438 umbra]
504 1399 651 1431 Veteres
674 1401 763 1432 enim
794 1401 913 1432 crede·

212 1447 297 1479 bant
326 1454 478 1481 mortuos
513 1450 701 1483 simulacris
732 1451 800 1483 suis
832 1456 912 1493 post

210 1504 356 1531 mortem
380 1501 531 1532 retinere
557 1511 596 1533 ac
625 1507 792 1543 perpetuo
820 1502 910 1535 ferre

210 1554 308 1581 notas
331 1559 372 1582 ac
402 1551 544 1592 vestigia
572 1552 761 1593 vulnerum,
790 1553 910 1595 quibus

211 1600 395 1633 deformati
411 1601 551 1634 fuerant
573 1604 606 1635 in
631 1604 713 1636 vita.
758 1605 815 1637 Sic
832 1605 908 1636 Vir-

208 1651 309 1692 gilius
325 1651 369 1684 de
397 1652 581 1693 Deiphobo
598 1653 730 1686 AEneid.
748 1664 796 1687 vr.
818 1656 827 1673 ‘
846 1655 910 1687 At-

210 1711 275 1743 que
292 1702 346 1733 hic
360 1702 568 1735 Priamidem
585 1704 751 1736 laniatum
767 1715 912 1747 corpore

207 1757 286 1784 toto
303 1753 522 1795 Deiphobum
545 1754 641 1794 vidit,
665 1756 814 1788 lacerum
836 1766 911 1788 cru·

208 1803 335 1835 deliter
357 1814 442 1837 ora:
469 1805 553 1844 Ora,
572 1815 757 1848 manusque
782 1807 911 1847 ambas,

208 1855 439 1897 populataque
454 1860 611 1897 tempora
625 1857 733 1897 raptis
751 1856 910 1898 Auribus,

208 1911 245 1936 et
261 1911 398 1938 truncas
425 1906 604 1939 inhonesto
626 1909 766 1940 vnlnere
790 1893 925 1941 nares!

207 1955 509 1998 Carthaginienses
526 1957 714 1990 resecuisse
726 1959 908 2000 palpebras

206 2005 341 2046 Regulo
356 2016 396 2038 ac
414 2007 589 2039 necavisse
605 2008 775 2049 vigilando
791 2009 908 2041 dicun-

205 2060 273 2088 tur.
317 2056 386 2088 Hic
405 2067 486 2089 vero
511 2057 623 2090 Poe'ta
648 2059 733 2091 dicit
754 2059 907 2092 umbram

204 2107 331 2148 Reguli
346 2108 461 2139 laetam
476 2108 602 2141 vidisse
622 2109 783 2141 subactos
811 2111 905 2151 peni-

203 2162 257 2188 tus
274 2157 398 2189 Poenos
415 2167 455 2190 ac
469 2158 615 2198 vectigal
630 2159 853 2200 pensitantes.

247 2211 290 2240 89
313 2209 448 2240 Arctoas
461 2209 558 2250 acies]
578 2209 763 2246 Sarmatas,
779 2210 906 2242 Dacos-

203 2268 270 2300 que
287 2259 395 2291 victos
410 2270 430 2291 a
454 2259 662 2292 Domitiano.
706 2261 905 2302 Rhenumque

203 2309 360 2350 rebellem]
395 2309 569 2351 Intelligit
586 2310 707 2342 Cattos
725 2311 832 2342 Rheni
849 2320 904 2342 ac-

203 2360 308 2399 colas,
323 2361 444 2392 iterum
463 2360 571 2392 victos
594 2371 614 2392 a
630 2362 770 2394 Rutilio.
791 2362 902 2394 Theb.

203 2419 230 2442 1.
245 2410 262 2438 1‘
272 2411 400 2452 Bisque
411 2411 495 2451 jugo
512 2411 689 2452 Rhennm,'
704 2414 769 2444 διο.

244 2463 287 2492 90
313 2461 514 2502 Captivaque
525 2472 630 2502 preces
650 2462 785 2504 Veledoe]
810 2462 902 2495 Hinc

203 2509 377 2551 discimus,
404 2516 539 2552 captam
566 2511 669 2545 fuisse
696 2513 863 2545 Veledam
883 2523 903 2544 a

203 2561 379 2593 Romanis.
441 2561 497 2592 De
533 2562 597 2594 bac
628 2564 736 2595 multa
762 2564 902 2596 Tacitus

204 2611 300 2644 Hist.
330 2611 391 2644 lib.
415 2620 465 2644 rv-
495 2612 505 2630 ‘
523 2612 575 2644 Ea
612 2614 707 2655 virgo
745 2613 902 2646 Nationis

201 2662 382 2694 Bructerae
411 2662 483 2694 late
511 2662 765 2704 imperitabatz‘
787 2669 903 2696 vetere

202 2712 293 2753 apud
310 2712 500 2746 Germanos
514 2722 622 2754 more,
639 2723 706 2756 quo
721 2714 902 2758 plerasque

971 1248 1128 1282 foeminas
1142 1249 1314 1290 fatidicas,
1335 1254 1372 1282 et
1391 1255 1597 1293 augescente
1617 1262 1674 1284 su-

970 1301 1174 1342 perstitione
1203 1301 1415 1343 arbitrentur
1445 1302 1564 1334 Deas.'
1614 1303 1672 1335 De

969 1351 1032 1382 bac
1058 1351 1267 1383 mentionem
1290 1350 1375 1383 facit
1399 1351 1501 1383 etiam
1526 1352 1613 1384 libro
1629 1353 1672 1384 de

968 1401 1124 1433 Moribus
1160 1401 1421 1434 Germanorum.
1485 1402 1555 1434 Sed
1591 1403 1672 1434 Vel-

970 1451 1049 1482 dam
1087 1452 1201 1492 potins
1230 1452 1300 1483 dici
1327 1451 1457 1484 debere
1484 1451 1673 1485 arbitratur

965 1501 1119 1543 Lipsius.

1006 1555 1047 1584 91
1072 1553 1258 1593 Depositam
1275 1553 1375 1585 Dacis
1395 1553 1596 1595 pereuntibus
1617 1563 1671 1586 ar-

962 1614 1027 1636 cem
1043 1604 1208 1645 Pandere]
1232 1604 1404 1646 Intelligit
1430 1605 1573 1646 Regiam
1597 1606 1671 1637 Da·

965 1666 1084 1688 corum
1100 1655 1229 1692 urbem,
1242 1666 1344 1698 qnam
1359 1666 1584 1698 expugnasse,
1601 1656 1669 1689 vic-

966 1706 1010 1737 tis
1023 1705 1157 1736 demum
1177 1706 1294 1745 Dacis,
1309 1706 1387 1737 binc
1411 1705 1570 1737 discimus
1597 1704 1668 1737 Ru-

967 1756 1090 1788 tilium.
1134 1755 1335 1796 Depositam]
1369 1755 1411 1787 ld
1427 1760 1494 1798 est,
1506 1755 1669 1797 despera-

967 1811 1050 1846 tam,
1065 1816 1127 1838 sen
1143 1806 1186 1837 de
1201 1816 1267 1847 qna
1294 1815 1372 1847 spes
1395 1815 1462 1837 non
1486 1810 1551 1846 est,
1578 1805 1668 1838 hanc

965 1866 1065 1898 posse
1092 1865 1283 1896 resurgere.
1329 1856 1451 1888 Cicero
1477 1855 1578 1888 Verr.
1606 1864 1667 1887 111.

963 1907 972 1924 ‘
984 1907 1109 1948 Itaque
1123 1906 1203 1937 mihi
1214 1905 1333 1937 videor
1345 1914 1515 1946 magnam,
1527 1911 1563 1936 et
1572 1915 1666 1937 max-

963 1957 1027 1989 ime
1038 1966 1174 1997 aegram,
1187 1965 1227 1988 ac
1239 1965 1347 1996 prope
1359 1954 1552 1996 depositam
1563 1955 1666 1996 Reip.

965 2011 1098 2048 partem
1125 2005 1341 2047 suscepisse!
1385 2005 1507 2046 Virgil.
1531 2005 1665 2037 AEneid.

962 2067 1031 2090 xu-
1052 2060 1061 2075 ‘
1074 2058 1151 2096 Ille,
1178 2061 1215 2089 ut
1240 2056 1388 2098 depositi
1405 2055 1577 2097 proferret
1591 2055 1666 2088 fata

961 2108 1114 2150 parentis
1137 2107 1234 2139 Scire
1267 2110 1456 2148 potestates
1482 2105 1670 2138 herbarum-

961 2166 1125 2199 usumque
1139 2155 1298 2188 medendi
1326 2155 1467 2196 Maluit,
1497 2160 1532 2188 et
1552 2162 1664 2188 mutas

959 2209 1090 2250 agitare
1106 2207 1270 2248 inglorius
1289 2205 1410 2238 artes.'
1454 2206 1524 2238 Ubi
1550 2206 1663 2238 Servi-

960 2270 1011 2297 us,
1056 2258 1250 2300 ‘depositi‚'
1298 2257 1334 2290 id
1371 2261 1439 2297 est,
1475 2256 1664 2298 desperati.

961 2310 1049 2342 Nam
1068 2309 1160 2350 apud
1183 2313 1319 2340 veteres
1341 2307 1553 2340 consuetudo
1576 2311 1663 2347 erat,

959 2364 998 2391 nt
1013 2359 1192 2401 desperati
1204 2363 1284 2389 ante
1295 2357 1419 2399 januas
1428 2367 1503 2388 suas
1515 2357 1663 2390 colloca-

959 2414 1092 2450 rentur,
1105 2409 1199 2441 velut
1212 2412 1403 2439 extremum
1415 2407 1571 2448 spiritum
1585 2407 1661 2439 red-

959 2460 1084 2492 derent
1100 2465 1215 2499 terrae,
1229 2459 1282 2490 vel
1296 2462 1334 2489 ut
1350 2461 1491 2499 possent
1505 2466 1526 2488 a
1551 2462 1660 2490 trans-

958 2509 1118 2542 euntibus
1135 2508 1226 2541 forte
1242 2508 1369 2549 curari,
1385 2508 1444 2550 qui
1474 2508 1662 2550 aliquando

955 2561 1056 2604 simili
1084 2560 1326 2591 laboraverant
1339 2558 1468 2590 morbo.
1500 2558 1659 2600 Pandere]

957 2612 1027 2644 Pro
1042 2611 1254 2651 describere,
1270 2609 1409 2642 verbum
1426 2608 1620 2641 Poeticnm.

1006 2667 1048 2696 92
1076 2661 1204 2703 Lectus]
1248 2660 1402 2702 Corrigit
1437 2660 1658 2700 Bernartius,

956 2716 1036 2748 lectu
1053 2713 1195 2755 rectoris,
1219 2721 1279 2745 seu
1303 2710 1442 2744 lectione.
1487 2711 1657 2752 Legatum
