1800 3060
11 666 14 667 =
0 550 25 641 mu*
8 530 9 533 „
7 432 14 440 π

528 244 807 277 ειίνᾼιωω
841 243 938 274 ms.
969 244 1036 276 iv.
1066 235 1109 276 5.

1463 236 1550 277 447

204 341 309 392 Qua
327 341 479 395 prisca
493 339 695 382 Teucros
715 338 838 382 Alba
859 340 968 381 colit
985 340 1118 392 lares,

263 408 445 451 Fortem
465 413 603 462 atque
625 406 867 449 facundum
889 407 1101 449 Severum

321 476 366 518 N
369 489 425 518 on
446 475 588 517 solitis
609 475 771 516 fidibus
791 474 950 516 saluto.
975 467 983 471 ”

204 544 308 587 Jam
328 550 433 586 trux
453 544 509 585 ad
532 543 694 585 Arctos
717 541 983 585 Parrhasias
1002 542 1159 596 hyems
1522 546 1553 587 5

206 613 444 656 Concessit
460 612 560 654 altis
582 611 745 653 obruta
766 610 964 652 solibus:

93 743 239 782 Penates,
260 741 305 773 ins

304 741 405 784 pertin
423 742 566 780 salutem,
587 750 648 772 non
671 739 790 771 usitato
813 738 963 778 carmine,
984 740 1184 780 magnanimo
1205 744 1237 773 et
1260 751 1276 772 e

1387 742 1413 773 ti
1428 741 1555 774 Sertei-o.

89 786 166 818 Jmn
176 785 286 826 gravis
298 785 404 827 hyems
417 784 546 826 expulsu
559 783 623 814 alto
636 783 699 815 sole
712 782 930 822 commigravit
943 783 985 814 ad
999 784 1115 815 Arctos
1131 784 1334 816 Parrhasius.
1378 785 1454 816 Jam
1469 794 1555 816 marc

750 869 784 902 N
789 869 893 902 01*AE

136 939 152 970 t
173 933 338 977 Lyricm]
359 934 503 976 Supple,
519 943 667 966 carmen.

136 989 152 1023 t
175 985 363 1027 Septimum
376 984 542 1026 Severum]
573 985 668 1017 Gens
683 984 796 1026 Septi-

91 1035 159 1068 mia
188 1035 280 1076 apud
312 1036 483 1067 Romanos
514 1035 660 1077 primum
690 1035 797 1076 regia,

93 1087 220 1121 deiude
243 1088 391 1129 plebeia,
413 1092 588 1129 postremo
612 1086 797 1118 consularis

93 1138 173 1180 fuit,
197 1143 235 1170 et
250 1138 407 1180 patricia.
450 1138 491 1170 In
509 1137 627 1179 primis
644 1138 731 1168 enim
748 1138 797 1168 in·

93 1190 231 1222 venitur
252 1189 441 1230 Septimius
458 1189 590 1221 Mesius
607 1188 797 1230 AEquicola-

95 1249 169 1272 rum
188 1249 262 1272 rex.
307 1240 393 1271 Inde
419 1239 453 1271 in
476 1239 578 1271 variis
594 1248 797 1271 marmorum

94 1290 373 1333 inscriptionibus
397 1291 558 1332 leguntur
571 1290 698 1322 ordinis
714 1290 799 1321 mili-

95 1342 180 1374 taris
194 1342 278 1375 viri:
292 1341 351 1374 ‘T.
362 1341 552 1383 Septimius
568 1340 798 1373 Felicissimus

97 1391 256 1425 Cdiortis
270 1395 306 1425 2.
331 1395 368 1424 et
387 1392 427 1424 L.
444 1391 582 1423 Flavius
603 1391 643 1424 1..
659 1391 699 1423 F.
714 1391 800 1432 Sep-

96 1441 212 1475 timius
231 1440 321 1474 Afer
343 1440 555 1474 Octavianus
571 1441 612 1473 C.
625 1441 670 1473 V.
684 1441 800 1472 anm.

97 1492 260 1536 Equitum
276 1492 423 1525 Roman.
438 1492 529 1524 Xuir
544 1497 588 1525 st.
604 1491 724 1524 litibus
742 1492 799 1533 ju-

97 1541 263 1584 die-ndis,
279 1541 428 1586 aliique!
452 1543 500 1576 Et
514 1543 721 1576 Consulares
737 1543 800 1575 sub

98 1591 268 1635 Augusto,
288 1595 298 1612 ‘
313 1593 355 1626 P.
380 1592 592 1636 Septimius!
634 1594 800 1635 ‘Trajano

98 1643 236 1675 (lutare
261 1643 449 1685 Septimius
479 1643 670 1685 Agnidinus
695 1644 737 1675 V.
761 1643 800 1675 C.

99 1703 202 1735 agens
222 1704 285 1736 per
298 1694 483 1736 Hispanias
498 1695 543 1726 V.
560 1695 599 1727 C.
615 1695 656 1726 P.
671 1695 710 1725 T.
727 1693 801 1726 vice

99 1753 200 1778 saeta
221 1753 444 1787 cognoscens.
489 1745 559 1777 Sub
585 1745 707 1776 Marco
731 1743 802 1775 Im-

100 1800 262 1838 peratore
290 1795 477 1838 Septimius
513 1796 673 1827 Severus.
730 1794 802 1827 Sub

99 1846 315 1889 Imperatore
331 1847 423 1879 Vero
448 1847 501 1879 M.
523 1846 710 1887 Septimius
734 1846 804 1878 Ge-

101 1896 248 1930 tatinus
262 1896 480 1938 postmodum
495 1897 714 1938 Imperator,’
729 1896 804 1928 alii-

101 1955 181 1988 que.
203 1946 366 1980 Ceterum
376 1947 562 1988 Septimius
574 1947 632 1979 ille
644 1947 805 1984 Severus,

101 1994 146 2027 ad
157 2005 258 2039 quem
269 1996 363 2028 misit
374 1997 437 2028 hoc
449 1997 610 2038 Lyricum
623 1997 804 2038 Papinius,

102 2046 319 2087 reponendus
333 2051 386 2078 est
399 2047 490 2079 inter
510 2057 591 2079 avos
614 2048 668 2079 vel
684 2047 803 2080 affines

102 2095 263 2137 Septimii
287 2097 410 2128 Severi
435 2097 670 2138 Imperatoris.
715 2098 804 2130 Nam

104 2146 230 2188 patria,
243 2155 447 2188 nomenque,
462 2157 502 2179 ac
518 2147 670 2189 dignitas
685 2158 806 2190 eques-

105 2198 168 2231 tris
180 2198 399 2231 conveniunt.
432 2200 479 2231 Et
493 2200 695 2241 Spartianus
710 2204 807 2233 notat

106 2246 143 2282 in
157 2250 235 2291 ejus
257 2250 341 2290 vita,
365 2250 529 2282 Severum
552 2251 661 2283 latum
674 2252 808 2284 clavum

107 2300 282 2342 accepisse
304 2310 325 2332 a
344 2300 396 2332 M.
409 2299 562 2341 Aurelio,
583 2300 724 2333 favente
745 2302 808 2333 sibi

11 2338 38 2363 ²*
106 2349 273 2391 Septimio
285 2350 413 2382 Severo
429 2349 530 2382 affine
545 2361 607 2383 suo
622 2351 675 2383 bis
689 2362 807 2384 consu-

108 2400 185 2441 lari,
206 2400 265 2442 qui
289 2404 367 2432 erat
391 2401 616 2442 probabiliter
631 2406 691 2434 aut
715 2401 807 2434 filius

108 2454 168 2484 sut
182 2459 290 2491 nepos
304 2450 424 2483 nostri.

151 2504 169 2533 ι
192 2500 393 2542 Honoribus]
414 2501 584 2543 Honores,
596 2511 736 2543 parvum
751 2512 809 2534 rus

110 2555 225 2591 vocat,
243 2551 335 2593 quod
361 2551 393 2583 ei
419 2552 555 2584 illustre
578 2553 809 2585 testimonium

110 2599 359 2633 benevolentiae
393 2602 554 2642 Caesaris,
589 2612 630 2635 ac
667 2604 810 2644 proinde

111 2650 232 2691 gloria
246 2656 342 2684 erat:
357 2651 573 2684 Domitianus
588 2653 676 2685 enim
692 2659 811 2686 nostro

111 2700 233 2734 Potite
246 2702 282 2734 id
306 2702 475 2744 praedium
490 2703 578 2734 dono
594 2703 751 2744 dederat,
772 2709 812 2736 nt

114 2757 211 2793 patet
233 2762 276 2784 ex
299 2753 351 2785 his
378 2754 531 2785 versibus
552 2753 711 2786 Herculis
733 2755 812 2786 Sur-

115 2801 264 2835 rentini:
280 2801 363 2836 ‘Ast
375 2811 439 2844 ego
454 2803 639 2836 Dardaniae
655 2805 810 2846 quamvis

852 934 914 966 sub
944 935 1089 967 collibus
1124 934 1222 968 Albae
1257 936 1327 967 Rus
1365 935 1556 977 proprium,

850 986 1035 1028 magnique
1054 986 1150 1018 ducis
1165 986 1245 1018 mihi
1261 995 1403 1018 munere
1415 995 1557 1018 currens

851 1036 964 1077 Unda,
980 1036 1072 1068 domi
1088 1046 1187 1068 curas
1199 1037 1362 1073 mulcere,
1386 1042 1558 1078 aestusque

851 1086 966 1118 levare
983 1085 1212 1119 Sufficerent!
1242 1087 1367 1118 Potest
1381 1086 1483 1119 etiam
1501 1096 1558 1118 ac-

852 1139 921 1181 cipi
938 1139 982 1171 de
998 1139 1166 1172 reditibus
1178 1140 1235 1171 vel
1259 1139 1443 1179 fructibus,
1466 1139 1558 1171 sicut

852 1189 943 1231 apud
968 1189 1152 1222 Horatium
1176 1190 1211 1222 in
1226 1191 1298 1222 Sat.
1316 1200 1352 1222 V.
1374 1190 1384 1207 ‘
1398 1191 1445 1222 Et
1458 1199 1559 1231 quos·

853 1249 999 1281 cumque
1015 1239 1105 1272 feret
1117 1241 1228 1272 cultus
1241 1240 1304 1272 tibi
1317 1239 1442 1271 fundus
1456 1240 1560 1271 hono·

854 1290 934 1322 res.’
979 1291 1179 1333 Eademque
1197 1291 1261 1322 hoc
1277 1300 1378 1322 sensu
1394 1294 1561 1331 usurpata

855 1350 921 1372 vox
947 1341 1067 1382 priscis
1090 1341 1375 1383 historiographis
1403 1341 1558 1382 Francis,

853 1401 930 1423 eum
953 1391 998 1422 de
1022 1390 1194 1432 Abbatiis,
1217 1401 1294 1434 qnae
1318 1391 1484 1424 militibus
1498 1391 1558 1423 da-

851 1441 991 1481 bantur,
1007 1441 1204 1484 loqunntnr.
1242 1442 1333 1474 Nam
1349 1444 1398 1475 sic
1412 1443 1535 1475 dicunt
1547 1453 1558 1475 ε

852 1492 863 1510 ‘
877 1492 1028 1534 Accepit
1044 1492 1216 1525 abbatiam
1240 1493 1286 1526 N.
1310 1503 1388 1525 cum
1409 1493 1479 1526 suis
1502 1493 1562 1526 bo-

853 1541 1019 1574 noribus.’

896 1595 916 1624 2
932 1593 1043 1624 Prisco
1052 1592 1149 1634 Alba]
1169 1591 1256 1624 Alba
1267 1592 1345 1624 urbs
1356 1593 1446 1625 Latii
1456 1603 1562 1635 quon·

855 1642 931 1673 dam
945 1647 1063 1683 caput.
1100 1642 1229 1683 Priscu]
1245 1643 1335 1676 Quia
1352 1643 1395 1675 ab
1410 1642 1561 1675 Ascanio

855 1691 993 1724 condita
1008 1698 1061 1725 est
1076 1693 1191 1724 multis
1204 1693 1300 1724 anuis
1311 1699 1390 1725 ante
1403 1694 1560 1726 Romam.

858 1744 991 1775 Teucros
998 1744 1073 1776 colit
1087 1744 1204 1785 Lares]
1220 1745 1340 1783 Lares,
1352 1744 1411 1775 Dii
1426 1743 1562 1775 domes·

857 1794 928 1826 tici.
973 1794 1122 1835 Teucros]
1145 1794 1235 1827 Quia
1249 1794 1351 1835 Troja
1364 1794 1502 1826 advecti
1517 1794 1562 1826 ab

859 1843 978 1876 AEnea.
1022 1845 1199 1876 Lucanus:
1228 1845 1238 1861 ‘
1250 1844 1379 1876 Servat
1405 1850 1442 1876 et
1472 1843 1564 1876 Alba

857 1895 948 1926 lares
971 1899 1008 1926 et
1030 1905 1174 1936 quorum
1200 1895 1293 1926 lucet
1317 1895 1352 1926 in
1374 1895 1442 1926 aris
1466 1894 1563 1935 Ignis

859 1944 970 1977 adhuc
985 1945 1170 1987 Phrygius,
1185 1945 1337 1987 nullique
1357 1949 1500 1987 aspecta.
1515 1944 1563 1976 vi-

858 2005 970 2027 rorum
985 1995 1120 2027 Panas:

911 2049 932 2077 3
956 2046 1084 2078 Fur-tem
1097 2049 1190 2086 utque
1203 2044 1378 2084 facundum
1396 2044 1563 2086 Seuerum]

859 2097 961 2128 Hunc
974 2097 1115 2136 Noster,
1128 2097 1195 2138 Ep.
1205 2096 1248 2128 ad
1261 2097 1464 2128 Marcellum
1476 2104 1565 2136 proe-

859 2148 972 2188 posita
999 2147 1079 2179 huic
1108 2151 1230 2189 quarto
1258 2147 1439 2187 Sylvarum
1464 2146 1565 2186 libro,

859 2202 962 2229 vocat
995 2198 1184 2239 ‘juvenem
1212 2198 1304 2229 inter
1332 2195 1565 2229 ornatissimos

860 2247 1003 2280 secundi
1023 2247 1176 2280 ordinis-⁹

902 2302 923 2332 4
939 2299 1014 2330 Non
1027 2298 1129 2329 solitis
1131 2296 1271 2340 fidibus]
1293 2296 1384 2330 Quia
1400 2296 1565 2338 Papinius

860 2348 925 2380 hoc
939 2349 1100 2380 carminis
1115 2357 1240 2389 genere
1255 2348 1338 2379 nihil
1352 2347 1505 2379 condere
1515 2357 1566 2380 as·

861 2403 980 2431 suetus
993 2403 1081 2430 erat.

904 2452 923 2479 6
940 2449 1058 2480 Arctos
1067 2447 1277 2490 Parrhasias]
1298 2448 1468 2490 Intelligit
1480 2448 1567 2489 Sep-

863 2500 1116 2532 temtrionalem
1140 2500 1288 2541 plagam,
1309 2510 1388 2542 quae
1410 2499 1568 2541 subjacet

863 2549 993 2581 duabus
1006 2549 1107 2588 ursis,
1118 2550 1237 2591 majori
1246 2554 1283 2582 et
1293 2550 1428 2590 minori,
1439 2549 1566 2582 Graeee

864 2598 985 2641 ἄρκτοις
1007 2599 1122 2639 dictis,
1145 2601 1179 2631 in
1205 2610 1282 2642 qnae
1304 2601 1418 2632 sidera
1433 2604 1568 2632 mutata

865 2651 1007 2688 Calysto
1033 2649 1154 2681 Poetis
1179 2650 1307 2683 dicitur
1321 2660 1397 2682 cum
1413 2648 1484 2680 filio
1499 2648 1571 2680 Ar-

864 2701 962 2733 cade.
1008 2700 1215 2742 Parrhasias]
1238 2701 1271 2734 A
1294 2699 1484 2733 Parrhasiis
1506 2709 1567 2741 op-

865 2751 947 2793 pido
962 2750 1134 2783 Arcadiae.
