1800 3060
239 206 325 251 18⁰

743 223 783 253 P.
814 222 1007 254 PAPINu
1040 222 1204 255 STA'ru

469 316 571 359 Hos
591 317 703 360 inter
722 317 941 369 fremitus,
962 332 1195 373 novosque
1212 319 1366 371 luxus,

470 385 715 439 Spectandi
735 387 849 429 levis
869 386 1021 441 effugit
1038 387 1264 441 voluptas.

468 453 568 494 Stat
589 466 725 495 sexus
743 454 880 504 rudis,
901 455 1162 508 insciusque
1182 455 1302 506 ferri,

469 521 525 562 Et
543 535 718 575 pugnas
740 523 866 576 capit
884 522 1115 577 improbus
1137 522 1302 565 viriles.

466 586 636 630 Credas
657 588 715 630 ad
733 589 937 640 Tanaim,
958 589 1156 631 forumve
1175 590 1360 641 Phasin,

464 655 887 698 Thermodontiaeas
907 657 1054 698 calere
1075 660 1254 699 turmas.

464 722 558 763 Hic
578 723 729 765 audax
748 723 872 765 subit
889 724 999 766 ordo
1018 725 1313 779 pumilonum,

465 788 597 840 Quos
619 789 793 832 Natura
811 791 934 832 brevi
953 795 1070 834 statu
1091 796 1299 847 peractos

231 918 397 957 perator-is.
446 918 533 950 Inter
561 919 615 950 hos
641 920 801 960 strepitus,
825 922 858 951 et
881 929 974 952 novos
999 921 1104 960 luxus,
1127 919 1290 952 oblectatio
1313 920 1555 960 spectaculorum
1583 920 1695 952 leviter

233 961 367 1002 effluxit.
414 961 491 992 Stat
503 971 597 992 sexus
608 961 771 1003 imperitus
791 966 820 993 et
836 963 967 1002 ignum
981 963 1212 994 tractandorum
1225 971 1393 1002 armorum,
1406 966 1438 994 et
1451 964 1556 994 audax
1570 965 1693 994 exercet

232 1005 405 1035 certamina
420 1003 588 1036 hominum.
635 1005 772 1036 Putares
796 1006 863 1036 ulus
881 1005 1175 1037 Hemodos-tincas
1193 1004 1306 1044 furere
1318 1007 1359 1037 ud
1377 1005 1508 1037 Tmim
1521 1009 1552 1037 et
1566 1007 1606 1037 ad
1621 1005 1693 1036 Im·-

233 1044 342 1078 barum
357 1047 485 1079 Phasin.
531 1048 597 1079 Hic
611 1048 694 1079 subit
715 1049 822 1079 audax
846 1049 954 1080 cohors
976 1058 1140 1089 nouorum,
1153 1058 1227 1090 quos
1240 1048 1350 1080 statim
1363 1048 1518 1081 absolutos
1530 1048 1693 1080 illiberalis

844 1156 1039 1168 moomve
1043 1156 1080 1168 00

231 1229 555 1262 Marklandus.—51
580 1229 714 1271 Lipsius
739 1230 876 1263 Saturn.
899 1230 1007 1263 Serm.
1035 1240 1076 1264 11.
1104 1234 1137 1263 4.
1163 1231 1196 1264 b.
1220 1231 1244 1263 l.
1265 1232 1376 1264 citans
1398 1232 1528 1264 omittit
1555 1242 1687 1264 versum

230 1274 385 1314 proxime
400 1278 613 1315 sequentem.
639 1273 861 1305 Marklandus
883 1274 995 1305 credit
1021 1284 1098 1306 eum
1121 1284 1189 1306 non
1214 1284 1290 1306 esse
1311 1275 1507 1307 statianum
1523 1275 1577 1306 vel
1593 1283 1688 1307 certe

230 1326 297 1347 non
324 1316 424 1357 hujus
447 1317 522 1348 loci.
563 1317 695 1357 Lipsius
726 1316 810 1358 legit
835 1318 920 1348 lusus
948 1326 1008 1356 pro
1033 1318 1138 1358 luxus,
1164 1318 1382 1359 improbante
1406 1317 1618 1349 Markl.—54
1644 1319 1688 1350 Et

227 1368 351 1399 pugnas
372 1359 456 1399 cupit
482 1359 592 1390 edidit
615 1359 905 1400 Lindenbrogius3
925 1360 1012 1400 capit
1033 1360 1196 1392 exhibent
1224 1361 1302 1391 edd.
1324 1364 1495 1392 vem—65
1520 1361 1642 1393 Venet.
1657 1364 1689 1393 1.
1710 1381 1713 1383 >

231 1402 328 1434 Rom.
347 1402 462 1433 Parm.
482 1401 587 1433 Aldd.
601 1403 711 1433 Colin.
729 1402 860 1443 Gryph.
882 1405 946 1433 &c.
960 1402 1151 1443 saumque,-
1172 1403 1394 1434 Marklandus
1410 1403 1443 1434 in
1459 1403 1551 1435 curis
1567 1413 1689 1435 secun-

229 1444 282 1476 dis
287 1444 444 1484 fermuve,
460 1445 549 1486 quod
565 1445 627 1476 soli
642 1445 721 1477 edd.
746 1445 924 1486 Bipontini
942 1446 974 1476 in
991 1450 1121 1477 textum
1138 1452 1367 1488 receperunt:
1381 1445 1550 1486 serumque
1563 1446 1686 1478 iterum

229 1488 405 1519 revocavit
421 1487 680 1520 Handius.——56
704 1488 773 1519 Alii
789 1487 887 1520 codd.
906 1488 1024 1528 turbas,
1046 1488 1136 1530 quod
1154 1489 1293 1521 damnat
1315 1489 1489 1521 Barthins.
1524 1488 1687 1521 Nostram

227 1531 309 1563 leet.
339 1531 454 1562 staua
483 1536 704 1562 asseruerunt
731 1531 840 1564 Janus
872 1531 1074 1563 Gulielmius
1105 1531 1148 1563 ad
1178 1532 1386 1564 Pseudolum
1416 1531 1626 1572 plautinam,
1651 1538 1688 1565 et

227 1573 350 1624 2Iustus
368 1575 612 1615 sinzerlingns,
623 1584 684 1606 seu
699 1574 852 1607 Jodocus
865 1574 1040 1614 Sincerus,
1054 1574 1223 1624 Proinuls.
1240 1585 1319 1616 cap.
1335 1577 1475 1607 lit—57
1501 1574 1565 1606 His
1580 1575 1687 1608 Bem.

228 1617 884 1702 fflssss‘ssssffssffiafflfflffiffiisfissssssf,
895 1617 1037 1701 fflss‘css‘}
1049 1617 1688 1702 qffi'ffiasse‘ssffiaaff'ssgss}ae¹³33.¹fieiss

226 1707 313 1735 statu
326 1707 453 1744 peracto
478 1703 588 1735 edidit
611 1703 844 1744 Lindenbrog.
877 1707 1020 1744 peractos
1047 1703 1195 1736 debetur
1226 1705 1379 1736 Bartbio.
1405 1703 1629 1735 Marklandus
1651 1704 1686 1736 in

886 1794 1028 1827 NOTAE

226 1865 278 1906 pis
294 1866 406 1907 epulae
427 1865 439 1884 ⁴
452 1864 597 1897 divinae’
621 1869 788 1897 vocantur
801 1865 880 1905 lege
894 1867 928 1896 7.

226 1915 309 1948 Cod.
321 1915 364 1947 de
375 1916 470 1947 Com.
480 1921 516 1948 et
527 1916 623 1947 Trib.
635 1916 749 1948 Schol.
766 1916 866 1947 Unde
877 1915 927 1947 sic

224 1967 391 2009 gloriatur
406 1973 523 1998 noster
538 1966 773 1998 Eucharistico
794 1966 837 1998 ad
854 1967 927 1998 Do·

223 2018 403 2049 mitiannm
417 2019 447 2049 :⁶
459 2017 525 2049 Ast
539 2027 603 2058 ego
616 2019 671 2049 cui
685 2027 791 2049 sacrm
808 2017 927 2049 Caesar

221 2077 311 2101 nova
326 2069 450 2111 gaudia
465 2078 573 2100 coenae
591 2069 693 2101 Nunc
707 2069 853 2110 primum
869 2068 928 2099 do-

223 2120 381 2161 minaque
391 2119 487 2151 dedit
495 2128 702 2159 consurgere
715 2118 854 2150 mensa.’
880 2119 927 2150 Et

223 2170 429 2202 Claudianus
459 2170 632 2201 invehitur
661 2170 695 2201 in
720 2169 926 2210 Eutropium

219 2221 281 2253 lib.
299 2230 338 2254 n.
353 2221 443 2263 quod
461 2222 536 2263 ejus
552 2221 677 2253 statuis
689 2220 921 2261 subscriptum

220 2276 317 2304 erat:
354 2273 364 2290 ‘
378 2272 530 2304 Conviva
560 2276 596 2303 et
623 2270 775 2303 domini.’
821 2271 921 2303 Quod

220 2328 295 2354 erat
310 2331 449 2353 summm
471 2321 708 2363 impudentiae.

262 2375 304 2403 53
328 2372 405 2404 Stat
417 2382 513 2404 sexus
525 2372 625 2411 rudis,
641 2370 713 2412 ξω]
738 2370 921 2403 Suetonius

219 2423 416 2454 Domitiano
431 2435 438 2454 :
476 2424 486 2441 ‘
501 2423 723 2462 Venationes,
754 2421 923 2464 gladiato·

219 2483 343 2515 resque
374 2479 411 2505 et
439 2473 598 2506 noctibus
632 2472 675 2505 ad
705 2472 924 2514 lychnuchos,

217 2534 284 2556 nec
300 2524 448 2556 virorum
476 2524 589 2566 modo,
607 2524 668 2556 sed
683 2521 925 2555 flemmarum!

218 2575 362 2607 Tacitus
377 2574 436 2606 lib.
453 2584 515 2606 xv.
532 2576 574 2606 de
588 2576 749 2607 Nerone:
772 2575 783 2592 ‘
799 2573 923 2605 Foemi-

219 2636 353 2666 nanim,
383 2631 648 2668 senatorumque
685 2627 800 2669 plures
830 2625 921 2657 illus-

218 2679 320 2709 trium
339 2687 402 2719 per
413 2687 550 2708 arenam
564 2677 685 2710 foedati
698 2677 800 2709 suut-⁹
821 2677 920 2708 Man-

218 2728 260 2759 sit
272 2727 325 2758 hic
336 2737 408 2758 mos
422 2727 463 2758 ad
475 2727 591 2759 Severi
602 2731 772 2768 tempora,
786 2727 920 2769 quibus,

218 2783 305 2811 teste
322 2779 854 2820 Herodiano,Senatusconsulto
866 2789 920 2811 ve·

983 1865 1083 1897 titum
1103 1870 1178 1898 est:
1202 1866 1213 1883 ‘
1230 1865 1308 1897 Non
1336 1865 1426 1896 ultra
1447 1863 1619 1896 foemionm
1637 1865 1686 1896 ui-

981 1916 1048 1947 lam
1077 1916 1120 1948 ad
1150 1915 1298 1957 gladium
1329 1914 1554 1957 depugnare!
1610 1915 1684 1946 Stat

982 1978 1074 2008 vero,
1089 1968 1230 2000 verbum
1246 1968 1394 1999 militare
1411 1971 1449 1999 et
1462 1966 1610 1998 forense.

1022 2023 1063 2051 55
1080 2019 1224 2059 Tanaim]
1237 2019 1358 2050 Tanais
1368 2017 1491 2050 fluvius
1503 2018 1683 2050 Sarmatia

981 2070 1015 2101 in
1038 2069 1197 2111 paludem
1222 2069 1367 2101 Maeotin
1389 2066 1546 2100 influens.
1590 2068 1684 2100 vide

980 2121 1092 2154 Theb.
1118 2129 1185 2153 κη.
1205 2123 1280 2153 578.
1327 2118 1463 2159 Phasin]
1486 2119 1608 2152 Phasis
1623 2117 1686 2150 fln-

981 2171 1054 2203 vius
1078 2171 1261 2204 Colchidos
1283 2170 1318 2201 in
1346 2174 1491 2211 pontum
1512 2170 1683 2201 Euxinum

979 2221 1132 2254 influens.
1177 2222 1266 2254 Vide
1280 2221 1391 2254 Theb.
1406 2230 1442 2253 v,
1463 2223 1538 2253 458.
1583 2221 1684 2253 Ferus

977 2273 1114 2311 dicitur,
1128 2273 1172 2304 ob
1188 2272 1281 2304 feros
1297 2281 1408 2303 mores
1424 2271 1643 2303 Colchorum.

1019 2326 1064 2355 56
1088 2321 1397 2362 Thermodontiae-s]
1421 2321 1463 2352 Id
1488 2327 1555 2360 est,
1579 2320 1680 2352 Ama-

977 2375 1107 2414 zonius,
1122 2374 1165 2405 ab
1182 2373 1410 2405 Amazonibus
1434 2372 1533 2403 sedes
1554 2370 1683 2403 haben-

978 2424 1067 2455 tibus
1082 2424 1124 2455 ad
1139 2422 1426 2455 Thermodontem
1438 2421 1577 2454 fluvium
1592 2421 1681 2453 The·

975 2474 1145 2515 myscirae.
1189 2473 1283 2504 Vide
1293 2472 1416 2504 Achiui.
1429 2472 1487 2504 lib.
1503 2480 1528 2503 ι.

1018 2527 1060 2556 57
1083 2524 1177 2556 Subit
1198 2525 1275 2555 ordo
1294 2521 1502 2564 pumannum]
1530 2521 1680 2562 xiphili-

977 2585 1039 2607 nus
1055 2575 1272 2607 Domitiano:
1287 2575 1297 2592 ⁶
1308 2575 1447 2615 Pugnas
1461 2574 1565 2604 etiam
1574 2578 1679 2604 noctn

976 2626 1132 2658 exhibuit
1156 2635 1264 2665 saepe,
1282 2629 1319 2656 et
1334 2623 1508 2656 interdum
1522 2632 1627 2654 nanos
1641 2627 1679 2655 et

974 2675 1126 2707 foeminas
1140 2675 1231 2706 inter
1246 2683 1283 2706 se
1299 2672 1492 2706 commisit-³

1015 2730 1058 2758 68
1082 2726 1168 2762 Quos
1194 2726 1317 2757 Natura
1341 2724 1427 2755 brevi
1450 2726 1540 2756 nutu
1559 2723 1679 2765 [breuia

973 2776 1098 2817 statim}
1117 2778 1260 2817 peractos
1284 2776 1443 2807 Nodmm
1453 2774 1596 2806 tenebit
1607 2775 1677 2815 glo-
