1800 3060
221 201 307 243 392
719 215 759 244 Ρ.
794 214 982 244 ΡΑνιΝιι
1017 214 1181 245 s'rA'rn

227 308 396 350 Nostra
413 321 593 363 quoque
613 308 730 349 haud
752 308 942 363 propriis
962 311 1120 360 tenuis,
1141 325 1224 354 nec
1244 325 1341 354 rara
1362 314 1531 356 colonis

227 374 530 430 Parthenope3
552 376 624 416 cui
644 376 747 416 mite
768 377 912 418 solum
931 382 1048 419 trans
1069 391 1251 432 aequora
1272 386 1411 423 vectae

230 443 336 497 Ipse
359 444 553 485 Dionaea
578 445 839 486 monstravit
857 444 1023 499 Apollo
1045 447 1263 488 columba.

231 512 333 553 Has
356 524 438 564 ego
460 515 502 552 te
524 511 654 552 sedes
676 514 796 562 (nam
816 525 896 554 nec
917 513 1025 554 mihi
1046 514 1234 556 barbara
1250 515 1438 568 Thrace,

231 580 495 634 Nechibye
518 580 664 621 natale
685 581 846 631 solum)
867 581 1100 622 transferre
1121 582 1276 623 laboro
1294 596 1304 624 ε

231 649 362 700 Quas
385 651 430 689 et
450 648 601 690 mollis
621 648 787 703 hyemS‚
807 652 851 690 et
870 648 1026 702 frigida
1046 654 1259 703 temperat
1277 655 1412 694 aestas
1431 666 1441 693 :

230 790 303 829 quos
322 781 425 823 Capys
439 781 562 830 refercit
574 782 711 812 advectis
726 781 879 820 Troianis.
926 782 1048 813 Nostra
1062 793 1176 823 quoque
1191 784 1388 826 Parthenope
1399 795 1457 817 non
1470 795 1583 827 paucos
1596 786 1687 818 habet

228 825 354 860 incolas,
369 825 420 855 cui
435 825 600 863 navzganti
615 827 702 855 trans
715 826 828 861 muria,
843 824 908 864 ipse
923 823 1034 863 Apollo
1050 827 1185 857 ostendit
1204 827 1346 865 fertilem
1358 829 1482 860 humum
1505 840 1560 868 per
1574 830 1686 860 colum-

231 866 301 896 bum
314 876 435 898 sacram
454 867 576 899 Veneri.
623 866 676 897 Ad
691 867 746 897 hos
761 870 919 898 tractuste
931 868 1013 899 nitor
1026 869 1190 908 adducere,
1209 870 1303 910 (num
1317 881 1371 902 nec
1379 871 1454 910 sera
1473 873 1616 911 Thracia,
1631 883 1687 903 neo

234 909 362 950 Africa,
378 920 443 941 meu
464 910 571 951 patria
588 910 667 951 est‚)
686 920 760 951 quos
775 913 805 942 et
821 910 1036 952 tepidaltyems
1051 915 1080 942 et
1101 911 1290 952 refrigerata
1306 917 1398 945 oestas
1414 919 1583 956 temperat:
1613 925 1686 955 quos

845 1008 1079 1021 meum

239 1085 405 1118 πρίωμαι
419 1084 490 1117 hinc
505 1095 636 1125 magno,
650 1086 703 1125 ὅγε.
729 1095 794 1117 non
809 1086 860 1117 Ιιιϊ
873 1087 1010 1127 auspice,
1033 1091 1069 1118 et
1091 1087 1141 1119 hic
1163 1087 1308 1126 magum!
1333 1087 1546 1120 Maian-‘18
1571 1074 1691 1118 Nostra

234 1139 355 1170 quoque
382 1131 413 1160 et
439 1129 577 1169 propriis
607 1128 686 1159 edd.
717 1134 801 1161 vett.
832 1129 1053 1161 Marklandus
1083 1131 1174 1171 conj.
1207 1131 1327 1162 Nostra
1350 1141 1466 1171 quoque
1493 1133 1529 1161 ut
1555 1130 1693 1171 propriis

236 1172 351 1210 tenuis,
377 1181 432 1203 nec
450 1181 537 1208 rara,
557 1173 611 1212 ⁸5⁶-
637 1178 673 1202 et
688 1177 810 1213 postea
825 1183 833 1204 ε
860 1173 979 1204 Nostra
994 1183 1112 1214 quoque
1125 1174 1206 1204 haud
1219 1174 1356 1214 propriis
1377 1174 1491 1211 tenuis,
1505 1183 1571 1212 nec,
1585 1174 1639 1211 &a
1654 1177 1692 1204 et

236 1216 269 1246 in
287 1220 416 1247 textum
434 1214 580 1254 accepit.
619 1215 770 1247 Cruceus
784 1227 792 1247 :
817 1218 847 1246 et
861 1217 999 1256 propriis
1012 1217 1111 1248 tenuit
1126 1226 1194 1256 quoe
1209 1226 1304 1253 rura,¹
1328 1217 1400 1248 vel:
1424 1216 1524 1247 tenuit
1539 1226 1594 1247 nec
1606 1225 1692 1246 rora.

237 1258 400 1290 Heinsius
416 1258 449 1289 in
474 1258 621 1290 Advers.
648 1268 680 1298 p.
705 1261 781 1290 732.
827 1259 947 1290 Nostra
972 1269 1089 1300 quoque
1115 1259 1262 1291 Euboicis
1276 1260 1416 1291 tenuium
1438 1270 1475 1291 uc
1489 1269 1563 1290 rura
1579 1259 1694 1290 colonis

238 1302 436 1342 Parthenope
444 1304 542 1332 ?—80
564 1302 574 1317 ⁴
590 1301 659 1332 Pro
675 1312 682 1332 :
708 1301 850 1332 Diouoeoe
865 1311 907 1333 m.
930 1302 974 1333 A.
997 1302 1154 1341 cotumbae,
1178 1312 1253 1343 quae
1270 1308 1322 1334 est
1340 1303 1487 1333 omnium
1503 1301 1692 1333 editionum

237 1345 354 1386 inepta
369 1344 488 1384 lectio,
505 1349 599 1375 recte
621 1343 830 1376 Gevartius:
855 1344 989 1376 Dionem
1003 1356 1045 1377 m.
1062 1346 1104 1378 A.
1127 1345 1266 1376 columba
1278 1356 1293 1383 ς
1314 1345 1402 1387 quod
1419 1345 1633 1376 confirmavit
1649 1343 1693 1375 si-

893 1440 1039 1474 NOTAE

240 1508 442 1554 piissimam,
470 1511 506 1539 et
546 1506 805 1543 celeberrimam
835 1507 942 1538 totius
996 1508 1099 1548 longe.
1126 1506 1325 1547 emigrantis
1353 1505 1491 1547 Apollo,
1505 1506 1610 1547 Cujus
1638 1505 1696 1537 ad·

241 1558 439 1600 Campaniae
469 1558 601 1598 urbem,
625 1563 662 1590 et
691 1557 811 1590 Romae
836 1567 944 1599 prope
996 1558 1062 1589 huc
1080 1558 1250 1589 volucrem
1266 1558 1350 1588 laeva
1368 1557 1504 1588 cervice
1519 1556 1697 1588 sedentem

242 1613 394 1644 ¹‹emulam
411 1611 570 1643 Ciceroni
587 1611 619 1642 in
643 1611 778 1642 Rullum
794 1619 836 1643 Π.
853 1610 944 1642 unde
999 1607 1199 1649 Respiciens
1215 1606 1337 1638 blande
1352 1606 1436 1639 felix
1454 1607 1603 1638 Eumelis
1618 1607 1698 1640 ado-

1001 1659 1078 1690 rat.’
1120 1658 1340 1698 Parthenope
1355 1658 1443 1689 enim
1468 1657 1700 1695 Eumelifilia-‚

999 1709 1090 1740 uude
1106 1710 1115 1727 ‘
1134 1708 1308 1740 Eumelis:
1353 1709 1428 1740 Hoc
1453 1705 1558 1739 etiarn
1573 1708 1616 1739 de
1632 1708 1699 1740 Cu-

242 1666 360 1695 nostro
376 1662 535 1694 dicuntur
561 1662 673 1693 moenia
688 1672 810 1701 magua·
825 1664 945 1693 tructus

240 1714 403 1745 imitantia
420 1713 537 1744 Rmnoe.
583 1712 685 1744 Hanc
701 1712 814 1754 Capys
829 1712 944 1743 AEneae

243 1774 357 1797 comes
384 1763 577 1795 condidisse
605 1761 730 1802 fertur,
755 1767 793 1794 ut
820 1763 947 1794 docent

244 1817 431 1858 Dionysius
452 1815 760 1852 Halicarnassaeus,
775 1818 810 1845 et
824 1813 947 1845 Sueto-

244 1868 334 1907 nius,
369 1866 510 1908 aliique.
539 1885 542 1889 -
561 1864 679 1897 Livius
714 1870 827 1896 tamen
863 1864 948 1896 dicit

243 1919 330 1951 hanc
364 1919 552 1951 Vulturnum
589 1921 690 1949 autea
726 1917 948 1957 appellatam,

247 1974 452 2011 captamque
468 1979 488 2000 a
503 1968 711 2000 Samnitibus
728 1972 883 1999 vocatam
897 1965 949 1998 fu-

247 2023 312 2054 isse
331 2022 471 2062 Capuam
485 2020 527 2051 ab
542 2029 655 2051 eorum
672 2019 760 2050 duce
775 2018 884 2060 Capy,
898 2019 950 2049 vel

250 2082 270 2104 a
286 2070 471 2112 campestri
487 2079 579 2111 agro.

293 2126 336 2155 ⁷8
360 2121 496 2162 Nostra]
515 2121 647 2162 Supple
665 2120 789 2161 patria.

292 2176 335 2206 ‘19
359 2171 571 2213 Parthenope]
594 2171 775 2212 Neapolis.

295 2227 337 2256 80
362 2224 432 2265 Ipse
465 2222 597 2255 Dionoeu
628 2222 811 2253 monstravit
842 2222 954 2261 Apollo

253 2274 406 2315 columba]
429 2274 486 2306 Sic
509 2274 663 2305 Lucanus
679 2272 894 2313 Panegyrico
910 2271 952 2303 ad

254 2326 415 2357 Pisonem
431 2324 495 2356 hoc
521 2323 675 2364 prodigio
697 2322 870 2354 conditam
886 2332 953 2353 me-

255 2381 366 2408 morat
380 2387 388 2406 :
411 2377 422 2394 ⁴
439 2374 551 2406 Testis
566 2373 724 2405 Acidalia
738 2383 816 2415 quae
841 2372 956 2404 condi-

255 2427 308 2459 dit
335 2427 416 2458 alite
442 2435 567 2464 muros,
593 2424 778 2456 Euboicam
802 2422 957 2456 referens

255 2476 416 2509 foecunda
439 2475 605 2516 Neapolis
629 2473 768 2506 arcem.’
814 2474 853 2505 In
882 2473 957 2514 ejus

257 2528 308 2560 rei
324 2526 535 2565 memoriam,
547 2524 682 2556 sinistro
696 2524 837 2555 humero
854 2523 958 2564 Apol-

257 2579 336 2611 linis
351 2581 477 2609 statuae
494 2575 583 2617 apud
598 2574 777 2616 Neapolim
790 2573 961 2605 insidebat

259 2627 430 2666 columba,
447 2635 548 2668 quam
564 2625 787 2665 Parthenope
802 2624 958 2665 respicie-

259 2681 332 2719 bat,
360 2688 400 2710 ac
423 2677 565 2709 adorare
595 2675 786 2714 videbatur,
807 2678 846 2706 ut
869 2675 961 2706 cauit

261 2731 389 2762 Noster
406 2726 561 2769 Epistola
576 2725 618 2757 ad
633 2725 655 2758 J
660 2726 764 2757 ulium
780 2725 961 2757 Menecra-

262 2787 330 2813 tem
354 2779 398 2812 ob
424 2779 578 2820 prolem:
603 2777 677 2812 ‘Tu
703 2776 828 2809 ductor
844 2775 961 2818 populi

1001 1760 1063 1791 mis
1078 1758 1186 1791 refert
1208 1759 1358 1791 Velleius
1372 1759 1576 1791 Paterculus
1597 1758 1656 1790 lib.
1673 1768 1700 1790 ι.

1001 1811 1012 1829 ‘
1033 1811 1108 1843 Nec
1133 1811 1240 1842 multo
1265 1815 1343 1851 post
1368 1810 1609 1842 Chalcidenses
1634 1811 1700 1841 Cu-

1001 1871 1075 1892 mas
1104 1861 1140 1892 in
1170 1861 1274 1894 Italia
1303 1860 1541 1893 condiderunt.
1586 1859 1700 1901 Hujus

1004 1912 1121 1943 classis
1136 1921 1270 1942 curstun
1289 1921 1364 1942 esse
1378 1911 1558 1950 directum,
1571 1911 1627 1941 alii
1646 1919 1700 1942 co·

1005 1963 1128 1995 lumbae
1157 1962 1394 1994 antecedentis
1423 1962 1536 1993 volatu
1564 1959 1704 2000 ferunt;

1004 2014 1060 2044 alii
1096 2017 1265 2044 nocturno
1293 2011 1371 2043 aeris
1409 2012 1513 2043 sono-⁸
1554 2010 1704 2052 Dionae]

1007 2065 1097 2098 Quia
1129 2064 1294 2096 columbae
1326 2072 1432 2094 sacrae
1463 2067 1542 2094 sunt
1562 2062 1705 2100 Veneri,

1006 2126 1082 2157 quae
1099 2115 1213 2146 Dione
1228 2114 1329 2145 etiarn
1343 2118 1497 2145 vocatur.

1050 2168 1088 2196 81
1114 2165 1260 2197 Barbara
1278 2164 1408 2207 Thrace]
1429 2164 1574 2196 Thracia
1598 2164 1705 2195 Euro-

1009 2227 1061 2258 pae
1079 2217 1185 2256 regio,
1201 2226 1303 2256 supra
1322 2215 1558 2246 Macedoniam
1575 2215 1654 2255 sits,
1669 2219 1706 2247 et

1008 2275 1115 2307 usque
1131 2266 1174 2297 ad
1192 2265 1386 2298 Danubium
1410 2265 1624 2306 Pontumque
1639 2264 1708 2296 Eu-

1008 2317 1122 2348 xinum
1153 2321 1325 2357 protensa.
1379 2316 1533 2347 Vocatur
1563 2315 1706 2351 barbaro,

1009 2369 1053 2401 ob
1066 2368 1157 2400 feros
1174 2378 1213 2399 ac
1229 2368 1386 2399 barbaros
1401 2367 1542 2399 incolas.
1698 2391 1701 2395 s

1052 2421 1094 2451 82
1116 2417 1231 2459 Libye]
1263 2416 1396 2456 Africa,
1432 2416 1564 2449 Graecis
1601 2415 1708 2457 Libye

1011 2470 1119 2510 dicta,
1134 2479 1211 2511 quae
1226 2467 1301 2500 fere
1315 2468 1462 2499 deserta.

1055 2523 1096 2552 83
1121 2520 1208 2556 Quae
1222 2523 1254 2551 et
1277 2518 1378 2551 mollis
1398 2519 1513 2560 hyems,
1532 2516 1603 2558 sm]
1624 2516 1708 2549 Om-

1013 2571 1066 2604 nis
1083 2570 1172 2602 enim
1199 2570 1340 2609 hujusce
1356 2566 1554 2608 Campaniae
1577 2571 1711 2599 tractus

1014 2619 1260 2653 amoenissimus
1284 2623 1350 2657 est,
1363 2621 1404 2650 ut
1425 2617 1474 2650 ait
1495 2617 1628 2649 Plinius
1646 2617 1710 2650 lib.

1012 2680 1070 2704 ιιι.
1087 2680 1161 2711 cap.
1176 2673 1208 2701 5.
1224 2673 1260 2700 et
1275 2669 1394 2700 Florus
1408 2667 1482 2698 hoec
1496 2667 1597 2698 nabet
1612 2666 1671 2699 lib.
1684 2676 1711 2700 1.

1014 2732 1092 2763 cap.
1107 2723 1160 2755 16.
1183 2720 1194 2738 ‘
1211 2718 1372 2752 Omnium
1385 2727 1452 2750 nou
1464 2717 1563 2750 modo
1574 2715 1712 2757 Itatiae:

1016 2772 1140 2816 inquit,
1154 2773 1163 2790 ‘
1176 2770 1237 2805 sed
1261 2774 1334 2803 toto
1350 2768 1432 2802 orbe
1455 2772 1622 2803 terrarum
1637 2769 1712 2812 pul-
