1800 3060
350 176 626 209 Auc‘ronum
660 173 972 206 ‘rus'rmonm
1007 173 1070 204 nn
1105 173 1211 204 PAP.
1246 174 1440 207 srArm.
1572 166 1631 207 29

252 299 524 343 scholiastes
544 298 768 354 Antiquus
789 297 847 339 ad
869 296 1024 339 Verba
1043 296 1278 339 Juvenalis
1296 298 1540 354 superiora.

224 387 397 440 Amicae]
442 387 611 431 Gratae.
635 387 868 442 Significat
888 387 1060 429 Poema
1081 388 1214 431 Statii
1236 388 1291 430 de
1312 389 1432 431 bello
1452 389 1629 432 Theba-

166 473 236 503 no.
297 458 460 501 Latum
488 457 658 511 Urbem]
687 457 799 499 Ideo
815 458 920 512 quia
939 457 1127 499 libenter
1146 458 1371 502 audiebat.
1413 458 1494 501 Fst
1513 461 1629 502 enim

167 533 214 570 et
233 526 404 570 Poema
423 527 573 582 ipsum
592 525 874 576 delectabile,
910 530 954 568 et
986 526 1085 581 ipse
1113 525 1270 568 dicitur
1289 527 1453 569 bonam
1473 539 1629 570 vocem

164 595 390 639 habuisse.
451 593 535 636 Sed
560 607 650 635 cum
666 591 830 650 fregit]
859 593 974 635 Post
1012 598 1185 636 tantum
1216 594 1413 637 favorem
1444 595 1630 637 audien-

166 665 290 715 tium,
324 663 411 704 nisi
443 662 694 704 cantionem
730 660 974 703 inauditam
1013 660 1297 704 Pantomimo
1331 663 1629 716 vendidisset,

166 744 257 774 non
274 730 471 773 habebat
488 729 603 787 unde
624 741 673 770 se
694 733 977 770 sustentaret.

546 829 718 873 Auctor
736 828 884 872 Vetus
903 829 1028 872 Vitae
1050 827 1247 884 Papinii.

221 910 406 953 Constat
421 909 562 952 fuisse
581 909 779 952 Statium
797 909 1070 963 temporibus
1085 907 1361 963 Vespasiani
1378 907 1629 965 Imperato-

166 979 241 1029 ris,
276 982 321 1021 et
355 978 610 1033 pervenisse
640 977 700 1019 ad
733 976 977 1030 Imperium
1015 976 1277 1018 Domitiani.
1339 977 1446 1020 Fuit
1485 980 1628 1022 nobili

166 1051 290 1088 ortus
305 1045 535 1101 prosapia,
557 1045 702 1086 clarus
721 1044 914 1098 ingenio,
937 1048 985 1086 et
1003 1043 1167 1086 doctus
1186 1045 1383 1100 eloquio.

467 1138 519 1181 C.
542 1138 760 1194 Sulpitius
779 1139 992 1190 Severus,
1015 1139 1214 1194 Dialogo
1235 1152 1313 1184 111.

225 1217 464 1269 Nimirum,
482 1222 536 1259 ut
556 1217 672 1260 dixit
690 1216 833 1260 Po‘eta
851 1218 1009 1261 nescio
1030 1218 1151 1273 quiS,
1177 1220 1339 1263 utimur
1357 1221 1475 1263 euim
1498 1235 1628 1265 versu

168 1286 458 1337 Scholastico,
497 1286 603 1341 quia
646 1286 761 1328 inter
803 1285 1108 1328 Scholasticos
1138 1288 1413 1332 fabulamur:
1446 1292 1459 1311 ‘
1476 1289 1630 1346 Capti-

165 1366 358 1410 vumque
376 1367 501 1396 suem
520 1354 782 1396 mirantibus
802 1354 951 1397 intulit
970 1353 1130 1410 Argis!

224 1458 499 1502 Claudianus
522 1459 767 1502 Mamertus
787 1459 842 1502 de
866 1460 996 1503 Statu
1016 1459 1211 1512 Animae,
1230 1461 1310 1505 lib.
1332 1474 1365 1505 1.
1386 1477 1487 1520 cap.
1501 1464 1573 1507 20.

224 1537 354 1582 Unde
369 1551 456 1580 non
473 1537 672 1589 Poetice,
694 1538 775 1580 sed
795 1538 1120 1594 Philosophice
1138 1541 1356 1595 Papinius
1374 1543 1463 1585 ait:

452 1605 529 1649 odi
550 1610 671 1648 artus
688 1605 980 1661 fragilemque
1007 1607 1124 1650 hunc
1145 1611 1347 1663 corporis
1367 1624 1513 1662 usum,

341 1673 619 1716 Desertorem
638 1674 789 1716 animi.

170 1773 223 1816 C.
253 1773 419 1817 Sollius
445 1772 722 1828 Apollinaris
754 1773 980 1827 Sidonius,
1011 1775 1161 1818 Carm.
1184 1788 1229 1819 v.
1250 1777 1308 1819 ad
1328 1777 1395 1821 M.
1418 1778 1629 1822 Felicem.

452 1851 558 1894 Non
577 1853 697 1906 quod
719 1852 936 1907 Papinius
954 1859 1056 1896 tuus
1079 1869 1309 1911 meusque,

452 1919 576 1962 Inter
596 1919 854 1963 Labdacios
874 1928 1007 1964 sonat
1023 1922 1212 1975 furores,

448 1988 579 2030 Tunc
598 2001 700 2030 cum
721 1988 836 2030 sorte
856 1990 1021 2044 pedum
1041 1992 1209 2033 minore
1228 1992 1429 2048 rhythmo

451 2056 605 2110 Pingit
625 2069 826 2110 gemmea
844 2062 972 2112 prata
994 2058 1292 2114 Sylvularum.

659 2158 788 2200 Idem
810 2159 957 2202 Carm.
981 2171 1139 2202 xxln.

227 2234 278 2276 Si
308 2235 408 2289 quis
438 2248 615 2277 carmen
645 2238 867 2291 prolixius
895 2245 1080 2282 eatenus
1110 2240 1285 2282 duxerit
1314 2253 1414 2282 esse
1444 2242 1627 2297 culpan-

168 2301 287 2353 dum,
317 2302 436 2358 quod
469 2303 810 2358 Epigrammatis
841 2309 1090 2350 excesserit
1117 2308 1396 2363 parcitatem,
1418 2310 1554 2352 istum
1574 2312 1627 2353 li-

170 2370 306 2424 quido
354 2374 491 2425 patet,
528 2385 667 2427 neque
714 2374 929 2418 Balneum
969 2376 1163 2427 Etrusci,
1197 2389 1343 2430 neque
1383 2377 1627 2420 Herculem

170 2427 484 2489 Surrentinum,
514 2453 658 2495 neque
693 2441 861 2485 Comas
893 2443 962 2484 Fl.
992 2443 1160 2493 Earini,
1188 2456 1332 2498 neque
1361 2444 1504 2486 Tibur
1532 2446 1626 2487 Vo-

166 2505 297 2558 pisci,
325 2519 468 2561 neque
502 2509 680 2551 omnino
710 2511 946 2567 quicquam
977 2511 1034 2553 de
1065 2511 1246 2566 Papinii
1266 2513 1407 2554 nostri
1427 2513 1626 2567 Sylvulis

168 2570 411 2624 lectitasse,
443 2587 554 2629 quas
574 2589 724 2619 omnes
745 2577 1086 2633 descriptiones,
1109 2579 1192 2620 Vir
1210 2579 1283 2621 ille
1301 2580 1625 2635 praejudicatis-

170 2637 306 2680 simus
319 2652 408 2681 non
424 2640 709 2685 distichorum
730 2649 807 2687 aut
822 2646 1181 2688 tetrastichorum
1201 2637 1371 2700 stringit
1390 2649 1623 2702 angustiis,

170 2704 247 2745 sed
280 2707 443 2759 potius,
469 2713 520 2750 ut
540 2709 727 2765 Lyricus
749 2711 976 2756 Flaccus
963 2727 1011 2756 ln
1030 2711 1153 2757 Artis
1174 2714 1378 2758 Po'eticae
1398 2716 1623 2760 volumine
