1800 3060
196 231 282 274 196

696 241 737 271 Ρ.
770 241 962 272 PAPINll

997 240 1166 272 STA'rn

197 336 297 378 Neo
318 335 483 377 mixtus
505 334 682 376 Phariis
703 336 874 376 venalis
895 335 1120 377 mercibus
1136 334 1300 385 infans,

196 404 578 457 Compositosque
595 403 729 453 sales,
746 402 1048 456 meditataque
1071 403 1204 443 verba
1221 403 1414 452 locutus,

197 471 417 523 Quaesisti
436 471 633 512 lascivus
652 470 820 520 herum,
841 470 1052 523 tardeque
1073 471 1268 524 parasti:

1605 471 1663 512 75

196 539 318 580 Hinc
339 537 512 588 domus,
533 537 633 578 hinc
655 541 801 589 ortus3
831 537 1085 592 dominique
1103 538 1340 591 penatibus
1359 538 1465 579 olim
1499 531 1502 532 ⁷

194 655 258 686 tius
268 655 403 688 insertus
417 657 568 689 mercibus
578 657 754 698 AEgyptiis,
765 661 796 688 et
807 656 930 688 edoctus
943 656 1125 697 compositos
1138 659 1230 697 sales,
1243 660 1274 688 et
1288 657 1439 689 meditata
1453 655 1559 695 verbu,
1574 654 1665 686 lasei-

193 707 250 729 vus
263 700 404 740 quoesisti
418 700 590 741 dominum,
613 710 648 731 ac
671 710 739 731 sero
765 703 875 731 nactus
901 709 942 731 es.

987 699 1076 732 Hinc
1101 701 1204 741 origo,
1229 700 1302 731 hinc
1326 701 1459 741 natales,
1480 703 1511 731 et
1535 702 1666 739 uterque

796 794 1039 807 ‘meu-‘seon

198 856 240 885 ⁷3
266 854 342 907 N⁰,⁷‘
367 855 489 887 mixtus
504 855 620 887 Parm.
635 855 736 887 Rom.
752 859 788 887 et
802 856 929 888 Venet.
946 859 978 887 2.
1026 855 1102 887 Nex
1116 855 1236 887 mixtus
1254 855 1333 896 Bip.
1357 865 1400 887 ex
1423 863 1540 887 errore
1555 854 1679 898 'Pypop

859 951 1002 984 NOTAE

193 1019 449 1056 cumageretur‚
479 1019 518 1047 ut
549 1015 640 1047 servi
675 1025 718 1046 ex
748 1014 903 1046 omnibus

191 1065 347 1106 partibus
360 1065 469 1096 videri
487 1069 639 1106 possent.
684 1065 720 1097 Si
734 1075 815 1097 vero
832 1066 902 1097 vul-

194 1116 287 1156 garis
316 1116 422 1148 lectio
436 1117 493 1147 τοῦ
514 1116 608 1147 turba
624 1117 824 1157 retineatur,
838 1117 904 1148 hoc

191 1166 295 1198 modo
312 1167 417 1198 etiam
444 1167 612 1208 explicari
635 1171 773 1208 potest:
802 1167 904 1198 Turba

190 1223 322 1251 catastoe
338 1229 396 1250 seu
412 1219 616 1260 Mangones,
631 1229 774 1261 quorum
793 1224 903 1251 catas-

193 1273 229 1300 ta
246 1273 312 1307 est,
328 1278 396 1300 non
414 1273 449 1301 te
462 1270 739 1310 circumegerunt
753 1273 783 1300 et
800 1279 904 1301 versu-

190 1323 280 1358 runt,
307 1324 344 1350 ut
372 1319 519 1361 undique
545 1320 769 1361 exponeret-is
795 1319 903 1352 oculis

193 1369 379 1401 astantium
417 1373 454 1401 et
488 1374 671 1401 emturum.
718 1371 904 1402 Barlmricae

191 1418 346 1450 Tibullus
364 1418 452 1450 dixit
477 1419 633 1451 barbarae
661 1419 721 1450 lib.
742 1429 783 1451 11.
803 1420 902 1461 Eleg.

191 1471 224 1502 3.
259 1468 269 1486 ‘
288 1469 382 1501 Nota
396 1470 530 1511 loquor,
545 1479 687 1510 regnum
705 1469 779 1512 ipse
793 1475 903 1510 tenet,

191 1529 292 1560 quem
309 1529 405 1560 saepe
420 1519 537 1561 coegit
559 1520 714 1552 Barbara
737 1525 902 1562 gypsatos

191 1568 283 1601 ferre
293 1574 423 1601 catasta
437 1569 569 1611 pedes!
595 1571 796 1612 Barbaricae]
811 1572 902 1606 Quia

192 1619 283 1651 servi
300 1619 499 1662 plerumque
524 1629 567 1651 ex
584 1620 741 1652 barbaris
757 1621 901 1662 regioni-

192 1670 256 1701 bus
275 1670 417 1701 Romam
443 1670 714 1703 advehebantur.
759 1672 817 1703 De
842 1681 899 1704 eo-

194 1719 272 1751 dem
290 1720 439 1752 Glaucia
448 1720 620 1752 Martialis
630 1721 787 1753 similiter
800 1723 907 1763 Epigf

193 1781 297 1814 supra
314 1772 441 1804 allato:
464 1772 474 1790 ‘
493 1772 572 1804 Non
589 1772 632 1804 de
650 1773 751 1814 plebe
769 1774 903 1814 domus,

191 1833 257 1855 nec
283 1833 397 1855 avarae
423 1832 529 1855 verna
553 1823 722 1856 catastae.'
759 1824 905 1865 Legitur

193 1875 299 1905 etiam
315 1874 406 1905 inter
421 1877 592 1905 tormenta
613 1874 808 1915 Martyrum
824 1874 834 1891 ‘
849 1883 903 1906 ca-

192 1924 309 1964 tasta‚'
325 1934 425 1966 quam
442 1924 484 1956 ab
505 1925 651 1966 equuleo
673 1923 814 1956 differre
829 1924 905 1956 vult

194 1975 366 2007 Batonius
393 1975 646 2017 Martyrologio
669 1985 731 2008 suo
753 1978 806 2007 1⁷.
822 1976 903 2008 Kal.

193 2026 306 2068 April.
333 2026 393 2058 sed
420 2025 633 2058 ‘catastam’
660 2026 772 2067 accipi
801 2026 903 2058 etiam

192 2087 256 2118 pro
273 2077 419 2119 equuleo
436 2076 536 2109 docet
561 2076 771 2108 Prudentius
787 2076 821 2107 in
838 2076 902 2108 Co-

194 2128 300 2169 ronis,
326 2129 466 2169 Hymno
496 2130 549 2159 10.
595 2127 605 2144 ‘
623 2127 757 2158 Emitto
783 2136 902 2158 vocem

194 2180 238 2211 de
254 2184 389 2212 catasta
404 2178 554 2211 celsior.’
599 2178 639 2209 Id
658 2182 722 2218 est,
737 2177 780 2209 de
798 2187 903 2218 equu-

193 2232 260 2263 leo.
306 2231 425 2270 Patet,
454 2230 538 2262 illud
577 2239 620 2261 ex
657 2228 901 2271 sequentibus:

194 2283 203 2300 ‘
223 2281 322 2315 Quod
340 2281 479 2313 retortis
501 2280 648 2322 pendeo,
664 2280 837 2311 Extentus
853 2279 902 2310 ul-

194 2331 279 2363 mis!
324 2331 500 2363 Probatur
517 2335 552 2362 et
569 2329 602 2361 id
619 2329 814 2361 narratione
829 2328 901 2361 Wi-

194 2382 319 2413 tikindi
336 2382 480 2413 Saxonis
497 2381 558 2413 lib.
574 2390 600 2413 1.
619 2379 803 2412 referentis
822 2389 902 2421 sup-

195 2432 337 2473 plicium
387 2431 548 2472 martyris
591 2430 679 2462 Viti.
723 2431 733 2448 ⁴
761 2429 903 2462 Postre-

195 2480 275 2522 mo‚’
292 2482 351 2521 ait,
361 2481 554 2513 ‘tormento
567 2481 659 2523 quod
673 2484 809 2513 catasta
820 2480 902 2512 dici-

196 2537 263 2572 tur,
286 2541 362 2564 cum
377 2531 552 2571 Modesto,
570 2535 606 2563 et
630 2531 775 2573 quadam
798 2530 903 2563 nobili

196 2582 337 2614 foemina
361 2581 562 2614 crescentia
584 2581 714 2622 figitur,
732 2587 768 2613 et
785 2580 903 2613 fractis

195 2633 426 2665 membrorum
436 2632 584 2664 omnium
595 2632 759 2673 motibus,
774 2642 793 2664 a
807 2631 904 2664 Chri-

198 2690 251 2716 sto
278 2682 501 2716 cousolatur.’
547 2684 632 2714 Erat
658 2684 761 2715 etiam
785 2686 907 2715 catasta

197 2735 308 2767 lectus
335 2735 466 2775 ignens,
491 2734 525 2765 in
552 2743 620 2776 quo
646 2735 748 2766 strati
775 2739 811 2766 et
838 2733 908 2766 usti

199 2790 382 2827 martyres,
394 2789 431 2817 ut
448 2784 610 2818 discimus
625 2793 668 2817 ex
679 2784 800 2818 eodem
819 2785 907 2817 Pru-

958 1015 1076 1047 dentio
1099 1016 1133 1047 iu
1149 1015 1293 1048 Coronis
1308 1014 1446 1056 Hymno
1461 1017 1495 1046 2.
1540 1015 1664 1056 Itaque

959 1070 996 1096 et
1011 1065 1150 1106 Hymno
1169 1069 1200 1096 l.
1216 1064 1304 1096 dixit
1326 1066 1336 1083 ‘
1351 1069 1502 1096 catastas
1524 1064 1666 1106 igneas.'

959 1114 1096 1157 ἐσχάρας
1121 1115 1236 1147 Graeci
1264 1115 1454 1157 appellant.
1499 1115 1547 1146 Ut
1575 1114 1664 1145 Her-

959 1165 1042 1196 mias
1058 1165 1193 1197 Eccles.
1209 1165 1300 1197 Hist.
1319 1164 1378 1197 lib.
1394 1173 1430 1196 v.
1447 1174 1524 1205 cap.
1545 1167 1596 1197 ll.

1001 1217 1042 1246 73
1067 1215 1137 1247 Nec
1152 1216 1271 1247 mixtus
1282 1215 1415 1246 Phariis
1427 1215 1544 1247 venulis
1556 1214 1666 1247 merci-

959 1265 1013 1296 bus
1029 1265 1144 1306 infans,
1163 1266 1413 1307 Compositosque
1430 1267 1522 1306 sales,
1536 1266 1666 1298 medita-

959 1319 1050 1356 taque
1076 1317 1170 1348 verba
1196 1318 1329 1357 locutus,
1357 1317 1508 1352 Quaesisti
1531 1316 1666 1348 lascivus

959 1365 1081 1406 herum]
1104 1367 1227 1398 Similis
1253 1367 1348 1398 locus
1372 1367 1405 1398 in
1433 1366 1598 1407 Epicedio
1629 1367 1663 1398 in

956 1415 1111 1448 filiumz‘
1132 1417 1209 1448 Non
1239 1425 1303 1457 ego
1333 1422 1502 1449 mercatus
1534 1416 1662 1448 Pharia

959 1466 1002 1498 de
1018 1476 1135 1508 puppe
1151 1467 1308 1509 loquaces
1324 1467 1490 1507 Delicias,
1506 1467 1663 1500 doctum-

959 1529 1022 1560 que
1045 1519 1096 1550 sui
1122 1520 1280 1551 convicia
1304 1519 1377 1551 Nili
1398 1518 1586 1560 Infantem,
1600 1520 1665 1551 lin.-

956 1578 1090 1611 guaque
1116 1569 1216 1601 simul
1242 1569 1440 1611 salibusque
1465 1574 1664 1611 protervum

956 1618 1097 1651 Dilexi.'
1147 1620 1192 1652 Et
1212 1624 1322 1652 totum
1348 1621 1413 1652 hoc
1437 1620 1580 1661 pulchre
1603 1630 1663 1652 ex-

956 1670 1064 1710 plicat
1079 1670 1211 1702 Seneca
1228 1670 1271 1702 de
1280 1670 1548 1712 Tranquillitate
1565 1671 1664 1702 vitae:

957 1720 1117 1755 ‘Pueros
1148 1720 1286 1762 quidam
1315 1721 1351 1752 in
1375 1721 1439 1752 hoc
1466 1725 1666 1753 mercantur

958 1780 1137 1811 procaces,
1153 1776 1190 1802 et
1208 1780 1324 1802 eorum
1349 1770 1498 1812 linguam
1525 1775 1664 1812 acuunt,

958 1827 992 1853 et
1018 1822 1082 1853 sub
1102 1822 1264 1863 magistro
1289 1821 1428 1859 habent,
1454 1822 1512 1864 qui
1537 1821 1664 1863 probra

955 1872 1120 1903 meditate
1150 1871 1341 1912 effundant,
1368 1881 1434 1905 nec
1460 1872 1518 1904 bas
1547 1876 1666 1903 contu-

958 1923 1075 1954 melias
1093 1932 1262 1963 vocamus,
1272 1921 1332 1954 sed
1348 1922 1521 1964 argutias!
1557 1922 1664 1954 Pueri

958 1979 1072 2005 autem
1090 1973 1146 2004 isti
1161 1972 1342 2004 veniebant
1353 1982 1395 2004 ex
1409 1973 1559 2014 AEgypto
1574 1982 1662 2013 prae-

958 2024 1059 2065 cipue
1081 2033 1158 2055 cum
1183 2023 1258 2054 aliis
1283 2022 1467 2063 mercibus,
1481 2022 1560 2054 hinc
1577 2022 1663 2054 Pha-

958 2075 1026 2114 νίὶε,
1043 2074 1076 2105 id
1093 2078 1160 2113 est,
1177 2074 1358 2114 AEgyptiis,
1372 2083 1392 2106 a
1409 2074 1524 2106 Pharo
1550 2073 1664 2105 insula

959 2125 1127 2166 quondam
1155 2135 1262 2166 prope
1292 2123 1547 2164 Alexandriam,
1570 2133 1664 2157 nunc

958 2180 1060 2207 terrae
1091 2176 1227 2216 juncta.
1272 2175 1468 2207 veniebant
1502 2175 1607 2207 etiam
1642 2183 1664 2206 e

957 2226 1057 2267 Syria
1071 2231 1108 2258 et
1132 2225 1352 2258 Mauritania.
1395 2225 1577 2257 Suetonius
1591 2224 1663 2257 Au-

958 2281 1055 2319 gusto
1069 2289 1079 2309 2
1103 2280 1111 2295 ‘
1128 2278 1285 2310 Nucibus
1295 2277 1436 2309 ludebat
1452 2286 1529 2309 cum
1545 2275 1663 2318 pueris

957 2327 1110 2368 minutis,
1139 2338 1224 2370 quos
1258 2327 1349 2360 facie
1384 2332 1422 2359 et
1462 2326 1662 2369 garrulitate

958 2378 1123 2410 amabiles
1134 2377 1550 2420 conquirebat‚praecipue
1562 2376 1663 2407 Mau-

959 2438 1011 2460 ros
1026 2434 1062 2460 et
1076 2428 1204 2470 Syros!
1239 2429 1332 2460 Istos
1344 2427 1456 2460 Latini
1474 2427 1484 2445 ‘
1497 2426 1639 2459 delicias
1651 2425 1662 2440 '

959 2479 1142 2519 vocabant,
1157 2488 1223 2510 non
1239 2478 1400 2511 obseoeno
1413 2486 1526 2509 sensu.
1556 2477 1662 2508 Sanc-

959 2535 1013 2561 tus
1038 2529 1268 2571 Hieronymus
1291 2527 1399 2560 vertit
1423 2528 1510 2560 [eled
1535 2526 1664 2559 chacho-

957 2580 1022 2611 vim
1059 2589 1134 2621 cap.
1174 2582 1228 2611 31.
1271 2578 1433 2614 Jeremiae
1473 2576 1661 2618 Prophetae

955 2639 1085 2672 puerum
1098 2630 1277 2662 delicatum.
1322 2628 1467 2669 Graecis,
1480 2626 1600 2660 παιδίον
1614 2627 1663 2660 ἐν·

958 2682 1092 2722 τρυφῶν.
1149 2679 1365 2721 Videturque
1402 2679 1581 2720 Propheta
1618 2677 1662 2710 ad

959 2731 1154 2773 hujusmodi
1169 2730 1310 2763 delicias
1325 2729 1490 2767 alludere.

1003 2784 1046 2813 76
1070 2781 1157 2813 Hinc
1171 2782 1289 2822 domus,
1310 2780 1382 2812 hinc
1407 2778 1511 2820 ortus]
1532 2777 1574 2811 Id
1597 2781 1667 2819 est,
