1800 3060
536 266 810 297 svnvmttm
841 265 934 296 ms.
968 255 1101 295 ιιι.5.
1458 254 1544 296 387

97 362 199 405 Nec
216 361 357 404 minor
373 361 444 404 his
464 365 516 402 tu
532 373 664 402 nosse
683 359 831 410 fidem,
852 359 1106 414 firmamque
1124 358 1296 401 maritis
1485 359 1543 400 50

94 485 268 517 audeaut
280 483 316 515 t'n
329 482 509 515 manaim
534 485 565 514 et
586 485 687 516 tontn
707 480 839 513 Bacchi.
884 481 953 512 Nee
973 483 1056 513 certe
1070 481 1172 512 stim
1190 480 1240 512 his
1249 480 1352 522 fide·
1375 481 1543 520 cognoscis,

697 577 871 591 ‘OOOOOm
876 578 892 590 O
895 577 911 590 0
914 578 932 590 O

97 656 174 680 euru
198 644 361 678 uxoribus
394 644 526 685 AEgiaie
553 648 589 675 et
618 643 807 676 Meliboea?
829 653 935 686 quare
964 648 1033 676 tam
1066 642 1259 684 emphatice
1278 643 1422 684 planem
1448 652 1543 684 quasn-

161 686 166 690 ’
210 687 309 720 nvi?
341 688 435 729 quasi
465 688 549 727 haec,
571 696 794 728 quaecumque
818 687 875 727 sit,
896 687 939 718 de
964 696 1031 728 qua
1055 695 1166 719 sermo
1189 690 1257 724 est,
1278 686 1387 726 magis
1411 685 1544 718 Maenas

109 738 189 764 acta
213 730 348 768 fnisset,
370 731 398 761 si
425 730 581 771 planctus
598 730 670 770 ejus
687 730 797 762 minus
812 730 893 761 saevi
908 728 1063 760 fuissent.
1105 728 1173 760 Sed
1197 733 1329 768 tempus
1352 732 1403 759 est
1426 729 1544 760 audire

96 774 303 808 Gmnovium
326 773 438 804 Diatr.
464 782 539 813 cap.
555 774 608 804 ³5.
632 773 690 804 ubi
717 777 796 813 post
820 773 945 804 citatos
967 772 1050 803 duos
1066 772 1126 802 hos
1149 780 1280 810 versus,
1302 771 1375 811 (48.
1400 771 1472 811 49.)
1495 772 1545 803 ita

96 817 264 859 loquitur:
299 815 432 846 ‘Varie
462 815 686 856 posteriorem
725 824 858 846 versum
897 818 1068 846 torserunt
1097 814 1316 854 interpretes.
1360 813 1548 845 Gerartius

96 859 258 901 disjungit
269 856 308 889 τὸ
320 867 514 899 quanquam.-
539 857 582 888 Et
606 867 700 898 quam
722 867 813 898 qum
835 858 931 894 εει-ι’,-
954 857 1003 889 uti
1026 862 1062 888 et
1080 856 1264 895 Domitius,
1286 855 1423 897 qnando
1446 861 1547 888 notat

96 901 259 934 inusitate
278 900 317 931 τὸ
340 910 431 941 quam
445 909 521 931 cum
538 901 686 939 positivo
695 900 878 940 junctum3
902 898 1117 941 frequentius
1144 898 1224 930 addi
1251 899 1454 939 particulam
1475 910 1543 940 per,

98 950 138 977 ut.
157 944 204 976 sit
225 953 375 985 perquam
398 942 486 974 saevt‘.
530 943 640 975 Quem
667 943 789 975 merito
810 942 1029 983 reprehendit
1050 942 1119 981 ille,
1142 941 1231 983 quod
1248 942 1322 973 haec
1346 941 1389 973 ad
1414 942 1545 973 Laoda-

96 987 197 1020 miam
225 985 366 1018 referat.
409 985 560 1017 Cruceus
582 986 767 1026 supponit:
804 985 848 1016 Et
870 995 962 1026 qaam
987 988 1052 1016 um
1076 985 1163 1016 soevi.
1211 983 1334 1025 Nugae.
1374 984 1467 1016 Vera
1492 989 1547 1016 est

27 1038 30 1040 ’
98 1029 250 1069 vulgata,
271 1033 310 1061 et
323 1028 373 1060 ita
386 1026 610 1068 explicandaz
633 1027 764 1069 AEgiale
780 1028 924 1069 relinqui
941 1036 976 1058 se
992 1032 1115 1069 questa
1129 1031 1202 1059 est:
1226 1032 1345 1069 questa
1362 1032 1415 1058 est
1440 1027 1545 1059 etiam

96 1071 279 1105 uetitum:
302 1075 340 1103 et
365 1070 564 1111 phncmob
580 1069 821 1110 desertionem,
848 1079 1039 1112 quanquam
1059 1070 1177 1102 tristes
1193 1070 1342 1111 saevique
1367 1068 1463 1111 (quia
1489 1070 1548 1101 illa

98 1114 215 1157 inpia,
235 1113 415 1153 immerita,
435 1112 572 1154 iniqua;
594 1122 661 1144 non
687 1113 804 1154 quales
829 1113 904 1145 istae
931 1123 1016 1155 quas
1041 1122 1145 1144 causa
1170 1112 1307 1153 publica
1332 1118 1369 1144 et
1394 1112 1547 1153 dignitas

98 1157 244 1190 Graeciae
268 1155 442 1197 decusque
457 1165 494 1186 re
520 1155 588 1186 ium
604 1156 809 1195 imperabat,
825 1156 949 1197 juncta
964 1165 1024 1196 spe
1042 1155 1192 1195 reditus)
1215 1154 1371 1187 fecerunt
1386 1155 1549 1187 Maenada

99 1200 258 1242 aliquam,
267 1207 390 1239 nempe
404 1197 485 1229 Aria
512 1207 588 1230 nen.
628 1198 726 1230 Inter
741 1199 899 1240 planctus
916 1204 951 1230 et
966 1198 1143 1239 lugubrem
1159 1198 1320 1239 ejulatum
1336 1198 1547 1239 deprehensa

98 1253 119 1275 a
137 1243 257 1275 Libero
272 1246 370 1283 patre
385 1241 522 1272 Coossis
536 1241 668 1272 Maenas
692 1240 784 1273 facta
799 1246 867 1280 est,
877 1241 941 1272 hoc
958 1247 1024 1281 est,
1046 1241 1082 1272 in
1096 1241 1294 1272 comitatum
1311 1246 1348 1272 et
1362 1246 1472 1272 torum
1491 1241 1547 1272 Li-

99 1285 172 1316 beri
188 1285 315 1317 ascita:
330 1283 395 1315 boc
406 1283 524 1315 evenit
535 1283 626 1315 inter
635 1283 826 1315 istiusmodi
839 1283 971 1316 flebiles
981 1284 1069 1315 ritus
1083 1288 1119 1315 et
1130 1283 1256 1315 doloris
1268 1283 1431 1315 insaniam
1444 1294 1453 1314 ι
1468 1283 1548 1315 ideo

98 1327 254 1368 planctus
268 1327 303 1358 id
317 1325 439 1358 fecisse
453 1325 627 1364 dicuntur,
641 1336 734 1358 more
750 1325 1013 1358 familiarissimo
1028 1325 1149 1358 Poetis
1171 1325 1318 1366 tingendi
1333 1326 1432 1358 αἴτιον
1448 1325 1486 1357 τὸ
1505 1326 1548 1365 μὴ

98 1370 217 1402 dvm:
261 1368 448 1410 Hucusque
461 1367 677 1400 Gronovius:
693 1374 728 1401 et
743 1368 902 1401 defendit
916 1369 1003 1400 hanc
1018 1369 1279 1410 explicationem
1293 1369 1435 1400 Elench.
1449 1368 1548 1400 Anti-

99 1412 200 1445 distr.
214 1421 247 1444 c.
260 1415 292 1444 ⁵.
301 1411 357 1443 ubi
369 1410 454 1442 dicit
466 1410 511 1442 de
526 1411 619 1442 nulla
629 1412 696 1443 alia
707 1421 807 1453 quam
817 1411 861 1443 de
873 1410 1025 1443 Ariadne
1037 1411 1185 1443 Statium
1195 1413 1271 1452 capi
1285 1421 1396 1452 posse.
1419 1412 1548 1443 Nescio

99 1455 269 1496 quomodo
284 1459 399 1486 tecum
414 1454 541 1494 agitur,
556 1454 702 1493 Lector3
727 1464 792 1496 ego
806 1454 943 1496 quidem
966 1454 1068 1486 nihilo
1094 1455 1202 1494 magis
1229 1454 1339 1486 adbuc
1366 1454 1464 1486 video
1481 1464 1549 1496 quo

98 1506 199 1530 sensu
208 1498 283 1530 baec
297 1497 457 1528 connecti
468 1497 617 1537 possint:
636 1497 716 1538 quid
729 1497 820 1528 enim
833 1497 862 1528 si
874 1496 1027 1528 Ariadne
1038 1497 1130 1528 inter
1139 1498 1282 1538 planctus
1292 1503 1434 1538 recepta
1446 1496 1550 1529 fuerit

99 1540 136 1572 iu
150 1545 261 1572 torum
276 1543 314 1572 et
335 1539 533 1571 comitatum
549 1539 700 1571 Bacchi?
721 1539 802 1581 quid
819 1539 883 1571 hoc
898 1540 940 1571 ad
957 1540 1113 1580 exempla
1133 1550 1275 1571 uxorum
1293 1550 1369 1582 quae
1385 1539 1550 1580 conjuges

99 1586 263 1622 amarunt,
275 1585 313 1614 et
325 1591 387 1623 pro
397 1582 463 1613 illis
477 1586 514 1612 et
529 1590 605 1613 cum
627 1581 692 1613 illis
715 1582 849 1623 quidvis
871 1583 1007 1623 perpeti
1030 1587 1161 1623 paratae
1186 1581 1343 1622 fueruut;
1365 1582 1409 1614 de
1423 1582 1549 1614 talibus

101 1626 190 1657 euim
202 1624 435 1665 agitStatius3
451 1633 516 1655 nou
527 1633 570 1655 ex
581 1624 731 1664 Fabulis,
740 1625 800 1656 sed
813 1624 981 1657 Historia.
1018 1626 1118 1656 Mitto
1132 1624 1224 1666 quod
1239 1625 1389 1656 Ariadne
1402 1635 1469 1656 non
1482 1625 1550 1657 dici

100 1667 215 1710 potuit
228 1667 322 1699 facta
335 1676 410 1698 esse
424 1666 556 1698 Maenas
572 1676 615 1697 ex
628 1676 695 1708 qno
712 1667 802 1708 quod
818 1667 852 1698 in
869 1672 980 1698 torum
996 1667 1124 1699 Bacchi
1145 1667 1272 1709 (illudit
1290 1669 1379 1700 enim
1403 1668 1453 1700 vir
1469 1667 1550 1699 doc-

101 1717 157 1743 tus
171 1709 329 1742 addendo
339 1720 349 1740 2
370 1710 381 1726 ⁸
397 1713 434 1740 et
448 1708 680 1751 comitatum')
702 1714 845 1751 recepta
860 1708 944 1742 fuit:
972 1711 1041 1741 alia
1056 1710 1144 1741 enim
1162 1720 1215 1742 res
1230 1716 1284 1742 est
1299 1711 1444 1742 Maenas.
1480 1710 1551 1742 Sed

51 1762 54 1766 ’
101 1757 142 1785 ut
155 1751 349 1794 compendii
361 1750 496 1791 faciam,
508 1751 631 1793 (multo
646 1753 737 1783 enirn
752 1753 848 1793 plura
861 1757 981 1784 contra
996 1753 1083 1784 hanc
1099 1753 1419 1794 interpretationem
1435 1751 1551 1785 afferri

101 1794 273 1837 possunt‚)
283 1794 557 1835 corruptissimus
572 1799 626 1825 est
642 1795 749 1834 locus,
765 1799 803 1826 et
816 1793 905 1826 forte
916 1795 1074 1827 mutilus:
1092 1804 1195 1836 snpra
1205 1796 1296 1827 enim
1312 1799 1423 1828 vs.4⁵.
1440 1796 1550 1827 dixit:

99 1838 110 1855 ⁸
127 1838 204 1872 Qua
218 1842 354 1869 veteres
370 1835 486 1868 Latias
499 1836 690 1878 Graiasque
706 1837 877 1869 Heroidas
893 1847 1008 1878 aequas
1020 1837 1043 1876 ;'
1066 1843 1102 1869 et
1123 1838 1166 1869 de
1186 1838 1300 1870 Graiis
1315 1838 1422 1870 tribus
1435 1848 1549 1870 exem·

102 1880 168 1922 plis
182 1879 348 1912 absolvit:
371 1889 506 1921 equum
532 1884 608 1911 erat
634 1884 674 1911 ut
694 1889 762 1911 uno
786 1880 907 1912 saltem
932 1881 1048 1911 Latias
1069 1881 1316 1913 demereretur.
1360 1881 1554 1923 Utcumque

103 1923 160 1963 sit,
180 1923 253 1954 sine
277 1921 380 1954 dnbio
401 1921 562 1962 scripsit:
594 1922 641 1954 Et
667 1932 759 1963 qm
769 1933 781 1953 .·
805 1923 946 1963 AEgiule,
972 1922 1132 1961 Meliten,
1161 1927 1191 1954 et
1216 1923 1273 1955 illa
1299 1924 1414 1963 Quam,
1436 1926 1491 1964 &c-
1514 1929 1555 1955 ut

104 1964 225 2006 Capill.
235 1963 372 1996 Earini:
396 1966 407 1981 ‘
423 1963 526 1996 cedat
540 1974 638 1996 coma
652 1965 770 1996 saucia
787 1965 863 1997 Nisi
878 1966 924 1997 Et
936 1975 1035 2007 quam
1049 1966 1214 2007 Sperchio
1230 1966 1378 1998 tumidus
1390 1966 1551 1998 servabat

104 2006 292 2040 Achilles?
314 2011 351 2038 et
376 2005 427 2038 ita
453 2007 600 2048 passim:
622 2007 682 2038 sed
704 2008 795 2039 ultra
817 2017 884 2039 non
909 2017 1055 2048 possum.
1099 2008 1278 2040 Editiones
1297 2013 1439 2040 vetustae
1470 2008 1553 2040 nihil

104 2054 238 2082 mutant
251 2049 316 2081 boc
330 2049 428 2088 loco;
449 2050 511 2080 nisi
526 2050 616 2090 quod
640 2059 702 2090 pro
726 2050 803 2081 soect'
821 2051 975 2082 Romana
996 2051 1090 2082 scoevi
1104 2051 1266 2083 exhibet.’
1290 2052 1411 2083 Mar-kl.
1456 2053 1466 2068 ‘
1485 2051 1552 2082 Diu

105 2092 297 2133 suspicatus
320 2101 415 2123 eram
440 2096 573 2132 partem
599 2092 698 2133 hujus
713 2102 831 2124 versus
846 2092 1025 2125 formatam
1040 2103 1116 2125 esse
1142 2103 1185 2125 ex
1210 2094 1343 2126 Seneca
1359 2093 1464 2126 Herc.
1479 2094 1553 2126 OEt.

106 2136 201 2167 1886.
243 2134 254 2152 ‘
270 2133 478 2175 Feriantque
493 2143 615 2175 graves
632 2135 778 2166 Maenala
805 2135 986 2176 planctus.’
1029 2135 1204 2177 Obstupui
1228 2146 1306 2168 cum
1323 2137 1355 2167 in
1372 2137 1498 2167 Venet.
1523 2139 1554 2167 l.

106 2185 169 2217 pro
186 2177 333 2208 Met-uda
346 2175 461 2207 inveni
483 2178 582 2216 plane
597 2177 726 2208 Merula
736 2188 747 2209 .-
769 2177 859 2208 unde
875 2187 1018 2218 pronum
1034 2177 1101 2210 fuit
1117 2177 1232 2210 facere
1246 2191 1254 2209 ι
1278 2182 1384 2219 questa
1397 2182 1446 2209 est
1459 2179 1555 2209 Meli·

107 2218 173 2250 ὅσα
182 2218 330 2259 relinqui,
351 2219 399 2250 Et
410 2218 500 2258 evj-s
508 2218 586 2250 saevi
589 2218 748 2258 ferierunt
758 2220 899 2251 Menate
911 2222 1055 2261 planu-tus
1063 2233 1076 2259 ;
1100 2221 1240 2261 AEgiale,
1253 2221 1430 2259 Meliboea,
1446 2226 1482 2252 et
1498 2221 1557 2252 illa

107 2261 205 2302 cnjus
229 2261 386 2301 planctus
412 2259 581 2292 ferierunt
608 2261 767 2297 Maenala.
812 2263 978 2296 Quaenam
1002 2263 1107 2295 fuerit
1131 2264 1206 2294 haec
1229 2263 1358 2294 Herois
1385 2263 1557 2294 Arcadica

107 2303 280 2335 memorias
303 2312 372 2334 non
398 2312 489 2334 nunc
514 2303 675 2343 occurrit,
697 2314 762 2336 nec
776 2310 877 2336 vacat
891 2305 1101 2347 disquirere:
1125 2315 1192 2337 uon
1209 2310 1323 2337 tamen
1337 2305 1460 2337 dubito
1474 2306 1556 2346 quiu
1601 2331 1607 2336 .

34 2368 47 2374 -
108 2346 220 2396 aliqua
234 2345 280 2377 sit
293 2345 389 2387 cujus
405 2346 547 2377 maritus
563 2345 606 2377 ad
627 2346 752 2378 bellum
766 2347 947 2388 Trojanum
972 2347 1150 2396 profectus
1177 2351 1255 2380 est.’
1276 2349 1364 2379 Idem
1378 2349 1412 2379 ιἰι
1427 2348 1555 2380 Adden-

107 2389 168 2420 ἆυ.
211 2389 223 2406 ‘
240 2387 458 2428 taegendum:
483 2388 528 2419 Εἰ
542 2398 643 2428 quant,
669 2392 733 2420 tara
760 2391 856 2421 soem':
879 2394 944 2421 tam
966 2399 1043 2421 soem
1061 2392 1216 2432 plauctus,
1238 2394 1278 2421 ut
1303 2400 1345 2422 ex
1365 2401 1447 2422 sana
1468 2391 1556 2422 insa-

107 2439 186 2462 nam
200 2429 358 2462 fecerint.
403 2430 504 2462 Clara
519 2440 575 2462 res
588 2436 652 2471 est,
666 2441 733 2462 non
748 2441 902 2472 personae
916 2436 954 2464 et
969 2433 1122 2464 Fabulae.
1166 2433 1336 2464 Domitius
1351 2433 1554 2465 Calderinus

109 2481 184 2514 quo
210 2473 274 2504 boc
300 2472 376 2504 loco
399 2478 471 2504 tam
496 2472 708 2505 confidenter
721 2474 840 2515 tradit,
864 2475 965 2506 nullis
991 2475 1137 2506 testibus
1151 2476 1295 2516 probare
1310 2481 1471 2516 poterat;
1494 2477 1555 2507 sed

108 2523 173 2548 noc
185 2514 385 2556 cogebatur,
407 2524 485 2546 cum
501 2515 614 2546 omnia
628 2516 672 2547 ad
697 2517 830 2548 libitum
845 2517 1010 2558 Papinius
1025 2517 1223 2558 detorserit,
1246 2528 1409 2560 personas
1422 2524 1557 2550 mutua·

110 2562 164 2590 tus
177 2567 221 2590 ex
236 2557 500 2599 Mythhistoriis,
512 2567 573 2590 suo
587 2559 763 2591 commodo
777 2559 896 2601 aptas.'
917 2560 1075 2593 Barm-
1081 2563 1123 2592 50
1145 2560 1262 2594 Parin.
1274 2561 1447 2603 fictamque
1462 2562 1557 2592 inari-

756 2644 899 2676 NOTAE

113 2712 232 2737 uxore.
269 2705 338 2737 Sed
364 2707 479 2748 potius
503 2707 556 2739 bic
582 2707 807 2748 intelligenda
859 2709 942 2740 isset
958 2719 978 2740 a
998 2709 1142 2750 Theseo,
1163 2709 1375 2751 deprebensa
1400 2720 1420 2741 a
1434 2709 1559 2742 Libero

114 2753 287 2787 Ariadne:
308 2756 381 2788 baec
391 2758 481 2788 enim
494 2757 582 2789 inter
596 2758 753 2799 plauctus
769 2761 807 2788 et
860 2758 981 2798 Patre,
998 2758 1129 2790 Maenas
1155 2758 1251 2791 facta
1273 2765 1339 2799 est,
1362 2760 1425 2790 hoc
1441 2765 1505 2798 est,
1524 2760 1558 2793 in

113 2804 291 2846 lugubrem
303 2807 481 2848 ejulatum,
496 2808 585 2850 quod
601 2808 739 2840 deserta
752 2807 805 2841 fu-
861 2807 1059 2840 comitatum
1074 2814 1110 2841 et
1125 2814 1237 2841 torum
1252 2809 1366 2842 Liberi
1382 2809 1500 2843 ascita.
