1800 3060
211 177 298 220 328

706 186 745 215 P.
780 185 973 216 PAPlNII
1007 183 1173 215 STATH

212 295 328 346 Quae
349 306 441 348 pax
463 291 738 346 Carpathio?
771 292 895 346 quali
917 296 962 332 te
984 291 1199 332 subvehat
1219 303 1325 332 aura

213 363 351 405 Doris
376 360 593 414 Agenorei
615 359 742 402 furtis
761 359 963 400 blandita
975 358 1188 413 juvenci?

212 430 304 472 Sed
324 429 461 471 merui
482 432 689 482 questus:
721 426 831 482 quid
853 427 986 476 enim,
1010 431 1052 467 te
1073 430 1218 467 castra
1238 429 1427 480 petente,

212 498 318 540 Non
338 498 409 540 vel
430 496 487 538 ad
509 497 683 550 ignotos
705 497 824 538 ibam
847 509 997 537 comes
1018 496 1204 550 impiger
1224 494 1362 536 Indos

213 566 585 620 Cimmeriumque
607 563 788 606 Chaos?
818 568 982 606 starem
1003 576 1142 617 prope
1163 562 1327 604 bellica
1343 561 1463 615 regis

212 678 306 718 mari,
322 678 408 719 quali
413 677 502 720 flatu
517 681 548 710 le
561 678 783 720 praetermittat
806 677 917 717 Doris,
932 688 1002 719 qua:
1017 678 1143 709 adulata
1160 680 1206 708 est
1222 676 1375 716 virg-inem
1391 675 1676 718 AgemrisfiIiam,

211 725 334 762 raptam
349 732 368 752 a
393 726 493 753 tauro.
539 721 603 753 Sed
628 721 728 753 merui
742 722 797 752 hos
811 721 959 758 timoren
981 721 1054 761 quid
1069 721 1161 758 enim,
1175 730 1245 751 cum
1269 725 1305 751 tu
1325 720 1466 751 tenderes
1491 720 1532 750 ad
1559 722 1677 758 castra,

211 774 272 796 non
290 766 415 796 sedulus
431 768 461 796 te
475 764 645 796 comitabar
659 766 707 796 vel
720 766 760 796 ad
775 764 950 804 incognitos
965 764 1081 795 Indos?
1114 773 1151 794 ac
1169 763 1353 795 Cimmerias
1366 762 1508 794 tenebras
1522 760 1538 794 2
1559 765 1674 793 starem

870 850 1013 883 NOTAE

213 915 449 947 lius‘varium
485 916 562 948 coeli
599 917 752 955 morem,'
786 914 918 947 Plinius

973 915 1154 956 eleganter
1182 912 1412 955 respondent:
1438 913 1554 945 Facilis
1579 914 1677 951 unda,

212 967 222 985 ‘
237 967 315 999 coeli
330 977 456 1008 mores,
469 968 600 1009 solique
616 964 776 1007 ingenia,'
791 966 919 997 Lucre·
962 969 1136 1009 fluctuare,
1150 968 1243 1008 serre
1265 976 1377 1007 mores,
1397 975 1462 1007 pax
1490 965 1677 1006 Carpathio,

213 1018 282 1049 tius
300 1019 309 1036 ‘
324 1022 503 1050 ventorum
528 1018 666 1050 mores.’
709 1018 767 1050 lta
779 1016 918 1060 quidem

214 1069 412 1102 Gevartius.
465 1069 534 1101 Sed
569 1069 773 1110 exquisitius
808 1068 919 1101 Poeta

213 1124 332 1151 noster
339 1118 431 1158 ferre
448 1129 548 1151 mores
570 1119 669 1158 dixit,
686 1129 750 1161 pro
770 1120 804 1151 in
828 1119 919 1151 ordi-

214 1179 291 1202 nem
316 1170 438 1212 redigi,
452 1171 563 1212 legem
586 1171 671 1212 pati,
689 1171 919 1213 tranquillita-

214 1226 283 1252 tem
297 1231 486 1254 assumere.
520 1222 578 1254 Ita
590 1222 722 1254 Plinius
739 1226 748 1240 ‘
763 1223 835 1263 pati
849 1232 920 1254 mo-

213 1272 302 1304 resz’
327 1277 335 1290 ‘
353 1272 442 1306 Quid
474 1273 598 1314 lapidis
625 1273 736 1313 rigore
768 1274 920 1315 pigrius?

214 1331 295 1354 ecce
309 1332 440 1362 sensus,
455 1332 644 1365 manusque
659 1324 709 1355 illi
725 1324 845 1356 tribuit
860 1334 917 1356 na·

214 1378 305 1406 tura.
351 1374 442 1407 Quid
463 1373 546 1406 ferri
562 1374 690 1406 duritia
706 1375 919 1415 pugnacius?

214 1424 275 1456 sed
293 1425 399 1461 cedit,
425 1430 461 1457 et
485 1425 614 1467 patitur
638 1424 776 1457 mores.'
820 1425 919 1457 Idem

215 1476 382 1518 Papinius
399 1477 408 1495 ‘
420 1478 583 1518 accipere
607 1487 719 1509 mores
731 1477 741 1491 ’
755 1477 789 1509 in
804 1476 921 1509 Achil-

215 1527 296 1560 leid.
341 1529 351 1546 ‘
368 1529 417 1560 Ut
437 1529 519 1568 Leo,
535 1533 690 1560 materno
705 1537 784 1560 cum
800 1532 920 1568 raptus

215 1578 258 1610 ab
295 1578 418 1620 ubere,
444 1588 556 1611 mores
586 1577 761 1620 Accepit.'
803 1578 921 1620 Atque

213 1629 264 1661 ita
279 1629 437 1661 Lucanus
453 1629 513 1662 lib.
528 1637 564 1661 x.
610 1629 619 1647 ‘
635 1629 704 1661 Hic
717 1633 850 1661 montes
863 1639 920 1661 nn-

215 1684 295 1712 tura
324 1680 420 1722 vagis
450 1679 680 1712 circumdedit
707 1679 822 1720 undis,
851 1679 920 1713 Qui

214 1731 333 1774 Libyae
361 1736 409 1772 te,
434 1731 527 1771 Nile,
550 1735 697 1772 negant:
723 1740 806 1772 quos
831 1730 922 1762 inter

215 1785 250 1816 in
268 1785 337 1816 alta
352 1783 386 1816 [t
410 1784 566 1815 convalle
583 1789 704 1815 tacens
723 1783 797 1824 jam
821 1782 920 1814 mori-

215 1835 279 1867 bus
309 1834 403 1866 unda
431 1832 604 1876 receptis)
648 1834 703 1865 Ex
729 1833 921 1865 certissima

147 1889 150 1891 ’
214 1886 284 1918 Ms.
300 1890 337 1917 et
353 1884 467 1917 Grotii
484 1883 717 1924 restitutione,
739 1893 802 1925 pro
822 1884 918 1915 mari-

214 1936 281 1969 bus.
312 1935 521 1968 Gronovius.
558 1935 723 1966 Heinsius
739 1944 815 1966 cum
831 1935 918 1967 banc

214 1987 412 2027 lectionem,
420 1986 510 2026 ferat
529 1996 641 2026 mores,
664 1984 758 2017 ferre
782 1995 848 2017 non
864 1995 923 2027 po-

216 2041 321 2077 terat,
335 2036 531 2078 corrigebat
545 2047 554 2068 ε
603 2037 694 2073 Quod
709 2036 769 2068 tibi
783 2036 925 2069 currenti

211 2099 351 2130 praeceps
371 2088 468 2127 furat
493 2087 598 2120 Adria
622 2098 753 2119 morum.
801 2088 811 2105 ‘
827 2087 923 2120 Prae-

215 2149 300 2181 ceps
328 2138 483 2179 morum,'
501 2143 540 2170 ut
555 2138 660 2170 Theb.
686 2138 744 2170 lib.
765 2147 817 2170 iv.
843 2140 853 2156 ⁴
867 2138 924 2171 Ali

215 2190 329 2222 miseri
342 2188 498 2222 morum!
545 2189 784 2229 Tibicurrenti]
807 2189 848 2221 Id
859 2194 924 2229 est,

216 2242 250 2273 in
281 2242 331 2273 tui
362 2240 536 2273 currentis
567 2240 725 2281 gratiam.
774 2240 925 2272 Currenti

217 2302 297 2324 vero
321 2292 410 2324 dixit
435 2291 615 2332 eleganter
641 2299 702 2332 pro
732 2290 918 2332 naviganti.

214 2344 270 2376 Ita
285 2343 410 2385 Virgil.
426 2343 561 2375 AEneid.
578 2351 634 2375 iu.
680 2344 690 2360 ‘
706 2343 920 2386 Vastumque

215 2404 299 2427 cava
315 2394 413 2426 trabe
438 2393 608 2426 currimus
634 2392 773 2435 aequorss
818 2394 920 2426 Unde

215 2455 352 2478 currum
369 2445 463 2476 navis
476 2444 548 2475 dixi
565 2453 628 2485 pro
643 2444 734 2476 navi.
782 2443 921 2486 AEschy—

214 2498 268 2528 lus
297 2496 332 2527 in
363 2495 594 2526 Prometheo:
617 2494 922 2536 Θαλασσόπλαγκνα

214 2547 243 2579 δ’
259 2547 342 2579 οὔτις
366 2544 464 2578 ἄλλος
479 2546 546 2577 ἂνγ’
575 2546 648 2584 ἐμοῦ
669 2545 832 2589 Λινάπτερ’
852 2545 921 2590 εῧρε

216 2600 369 2633 ναυτίλων
383 2596 540 2639 ὀχήματα.
563 2599 669 2639 Neque
685 2599 768 2631 alius
785 2609 855 2640 proe
871 2609 920 2632 me

208 2652 402 2694 fluctivagos
429 2649 548 2691 reperit
572 2649 633 2680 alis
662 2650 801 2682 volantes
828 2651 921 2682 lineis

218 2711 328 2734 currus
337 2700 445 2733 maris.

259 2756 300 2785 88
325 2753 398 2784 Pax
416 2750 603 2795 Carpathio]
627 2750 715 2784 Haec
730 2751 842 2783 omnia
857 2752 922 2787 sibi

972 1025 1008 1051 et
1029 1021 1130 1061 qualis
1151 1029 1240 1051 aura.
1287 1016 1472 1060 Carpathio]
1496 1016 1677 1057 Carpathi-

973 1081 1028 1102 um
1045 1080 1139 1102 mare
1155 1070 1341 1111 interjacet
1356 1068 1509 1100 Rhodum
1535 1067 1676 1099 insulam

974 1126 1010 1153 et
1026 1122 1225 1163 AEgyptum,
1241 1121 1291 1152 sic
1313 1120 1442 1152 dictum
1459 1129 1478 1150 a
1494 1128 1601 1161 parva
1625 1118 1675 1150 in-

973 1172 1045 1203 sula
1061 1171 1235 1212 Carpatho
1251 1171 1355 1203 dicta.

1015 1225 1057 1254 89
1081 1222 1195 1264 Doris]
1219 1221 1386 1262 Intelligit
1401 1230 1511 1261 mare,
1522 1220 1612 1262 quod
1627 1220 1676 1252 al-

974 1272 1039 1305 luit
1058 1273 1205 1305 Doricas
1222 1273 1392 1314 regiones,
1407 1277 1445 1304 ut
1460 1272 1676 1312 Peloponne-

975 1333 1062 1364 sum,
1076 1333 1184 1365 prope
1201 1334 1301 1366 quam
1318 1329 1371 1355 est
1384 1324 1493 1355 insula
1509 1323 1626 1362 Creta,
1639 1323 1675 1354 in

973 1385 1071 1418 quam
1095 1385 1115 1406 a
1141 1380 1240 1407 tauro
1257 1375 1404 1408 advecta
1419 1375 1579 1415 Europa;
1605 1375 1675 1406 Do-

973 1427 1019 1458 ris
1044 1426 1132 1458 euim
1157 1436 1219 1467 pro
1245 1426 1330 1457 mari
1355 1426 1440 1457 sumi
1465 1431 1584 1457 notum
1608 1429 1676 1457 est.

975 1476 1101 1518 Furtis]
1124 1477 1281 1518 Europae,
1297 1486 1395 1518 quam
1413 1476 1526 1517 rapuit
1537 1475 1678 1517 Jupiter

974 1528 1008 1560 in
1026 1533 1160 1560 taurum
1177 1532 1341 1560 mutatus.
1370 1525 1680 1571 Agenoreijmm]

973 1578 1016 1610 ld
1033 1582 1098 1618 est,
1109 1577 1252 1619 juvenci
1267 1587 1327 1609 seu
1347 1578 1447 1617 tauri,
1460 1577 1518 1619 qui
1542 1576 1679 1610 ferebat

975 1630 1076 1662 dorso
1092 1630 1264 1671 Europam
1283 1627 1450 1670 Agenoris
1464 1628 1580 1661 filiam.

1018 1683 1058 1713 91
1084 1680 1196 1722 Indos]
1216 1679 1309 1720 Indi,
1323 1680 1440 1721 populi
1459 1680 1584 1721 Indiae,
1599 1690 1676 1722 quae

977 1732 1071 1772 regio
1094 1734 1167 1762 tota
1183 1729 1256 1762 fere
1271 1735 1408 1771 spectat
1423 1730 1591 1763 orientem
1606 1741 1615 1763 ι
1638 1730 1678 1762 fi-

974 1782 1067 1814 nitur
1102 1792 1122 1813 a
1159 1781 1415 1822 Septemtrione
1453 1781 1679 1823 Paropamiso

975 1838 1103 1871 monte,
1120 1834 1163 1866 ab
1189 1834 1334 1866 Oriente
1356 1843 1496 1875 regnum
1522 1834 1679 1866 Sinarnm

974 1886 1125 1926 attingit,
1137 1895 1157 1917 a
1173 1884 1334 1926 Meridie,
1342 1894 1415 1923 suo,
1425 1884 1458 1915 id
1472 1884 1682 1924 est‚lndico,

973 1937 1057 1968 mari
1073 1936 1224 1976 alluitur,
1237 1936 1281 1967 ab
1294 1935 1502 1976 Occidente,
1513 1933 1600 1967 Indo
1615 1933 1679 1966 flu-

977 1988 1084 2028 mine,
1098 1997 1118 2019 a
1136 1997 1203 2030 quo
1219 1997 1342 2019 nomen
1364 1987 1486 2025 traxit,
1516 1987 1679 2018 termina-

979 2042 1046 2070 tur.
1089 2038 1203 2070 Hodie
1217 2047 1340 2070 nomen
1355 2038 1495 2074 retinet,
1521 2040 1556 2068 et
1577 2045 1679 2069 voca·

978 2093 1048 2128 tur,
1066 2089 1226 2121 Indostan.
1250 2088 1398 2121 Quidam
1413 2087 1447 2119 in
1464 2097 1561 2119 sacra
1572 2086 1680 2128 scrip-

979 2145 1057 2172 tura
1072 2139 1245 2181 designari
1270 2139 1388 2171 volunt
1408 2139 1556 2178 nomine,
1581 2138 1683 2170 Hecu·-

977 2193 1020 2224 la.
1066 2191 1238 2223 Dicuntur
1255 2191 1308 2222 bic
1325 2190 1448 2232 ignoti,
1461 2190 1540 2232 quia
1555 2191 1681 2222 Roma-

978 2243 1028 2274 nis
1043 2242 1122 2274 Indi
1137 2243 1244 2274 solum
1259 2241 1364 2282 fama,
1378 2250 1446 2273 non
1463 2241 1684 2281 commercio,

978 2297 1038 2326 aut
1054 2292 1273 2334 navigatione
1290 2291 1432 2333 cogniti.
1477 2291 1567 2324 Nam
1583 2295 1680 2333 pate-

974 2342 1100 2376 factam
1117 2342 1223 2375 fnisse
1239 2342 1428 2374 Alexandri
1444 2341 1561 2383 Magni
1577 2342 1680 2374 armis

974 2394 1131 2426 historici
1153 2398 1335 2433 testantur,
1356 2393 1440 2425 licet
1465 2398 1502 2424 et
1526 2393 1620 2434 prius
1635 2393 1679 2424 ab

977 2445 1144 2485 Hercule,
1157 2449 1193 2476 et
1208 2443 1348 2476 Baccho
1361 2447 1526 2475 tentatam
1540 2443 1680 2475 tradant

975 2495 1109 2529 Potitae.

1016 2549 1060 2578 92
1085 2545 1345 2586 Cimmeriumque
1361 2543 1478 2586 Chaos]
1505 2544 1680 2577 Cimmerii

974 2598 1052 2630 olim
1069 2597 1186 2639 populi
1201 2596 1314 2627 Italiae
1340 2595 1431 2627 inter
1445 2595 1613 2628 Baianum
1635 2597 1681 2628 si-

974 2658 1054 2680 num
1086 2651 1120 2679 et
1150 2646 1337 2685 Avernum,
1373 2646 1407 2678 in
1444 2646 1679 2680 subterraneis

975 2700 1059 2732 locis
1077 2698 1288 2736 habitabant,
1313 2698 1346 2729 in
1365 2697 1485 2739 quibus
1509 2698 1590 2730 totis
1606 2698 1678 2731 die.

977 2752 1039 2784 bus
1061 2749 1321 2785 delitescebant.
1347 2753 1454 2781 noctu
1477 2752 1608 2782 tantum
1636 2750 1679 2787 ad
