1800 3060
223 198 283 239 64

705 209 744 239 Ρ.
780 209 969 240 PAl'lNll
1005 208 1173 240 S'rA'rn

226 303 346 354 Quae
368 304 660 358 superingesti
682 308 885 358 portaret
904 305 1098 347 culmina
1118 305 1293 356 montis,

227 372 521 426 Coeliferique
537 373 688 414 attrita
709 386 825 426 genu
843 373 1053 415 durasset
1073 372 1288 414 Atlantis.

1631 373 1690 417 60

225 441 324 483 Nec
345 441 488 495 longae
511 445 690 482 traxere
710 454 875 483 morae:
901 441 1037 496 juvat
1059 441 1162 495 ipsa
1184 440 1363 483 labores

224 577 343 607 oeterrm
358 575 451 615 basis,
467 586 525 616 qua
549 575 735 613 sustinetur,
751 574 855 613 ferret
869 574 1141 616 superimpositum
1163 580 1310 616 montem,
1326 580 1358 607 et
1382 577 1544 610 resisteret
1568 578 1699 611 Atlanti

224 618 371 659 coelisero,
386 620 438 660 qui
455 630 523 650 eam
535 628 621 659 genu
639 622 805 659 premeret.
851 619 939 659 Opus
958 618 1021 650 cito
1035 617 1204 659 perfectum
1219 623 1285 651 est.-
1313 619 1421 659 formu
1443 622 1610 662 presentis
1633 622 1699 654 Dei

841 719 1088 732 meeuwaeee·

224 796 311 824 —59
335 792 430 825 Leid.
453 803 545 834 super
571 792 733 833 impositi;
757 793 841 824 Par.
866 797 903 823 et
927 792 1073 824 Venett.
1093 795 1122 824 1.
1139 796 1171 824 2.
1186 795 1218 825 3.
1234 795 1266 826 4.
1288 805 1382 835 super
1396 794 1546 835 ingentis.
1592 797 1697 829 V.D.

225 836 258 866 in
274 837 422 876 exempl.
439 836 537 868 Gott.
564 836 657 876 conj.
679 836 890 877 superingesti
910 845 943 876 μ.
970 846 998 868 c.
1024 836 1146 875 mundi,
1169 836 1212 867 ob
1230 840 1330 869 v.64.
1347 842 1384 869 ut
1401 839 1551 878 videtur,
1574 838 1702 879 impro-

228 879 332 910 bante
350 879 586 911 Handio.——GO
610 878 714 910 Bern.
732 881 875 910 duraret.
920 878 1009 910 Edd.
1026 881 1136 920 antiq.
1151 878 1331 912 Athlantis.

1378 880 1538 912 Bartlrius
1555 881 1589 912 in
1605 882 1697 914 notis

225 932 328 954 manu
344 922 484 962 scriptis
501 923 590 953 hunc
608 931 742 953 versum
760 922 1032 962 interpolationis
1058 922 1194 953 nomine
1220 928 1418 964 suspectum
1443 923 1560 964 habet,
1585 931 1628 958 et.
1649 926 1697 957 le-

226 965 373 1003 gendum
391 970 508 996 censet
522 975 530 997 :
547 975 615 1004 (μα’
629 965 837 1005 superingesti
851 967 992 1006 portaret
1005 965 1140 997 culmina
1156 965 1333 997 Athlantis.
1370 966 1412 998 In
1426 966 1573 999 Advers.
1591 976 1698 1000 xxxi.

224 1010 258 1039 8.
274 1018 306 1050 p.
323 1008 419 1041 1437.
434 1009 524 1050 conj.
540 1007 673 1047 coeliferi
687 1017 757 1049 quoe
771 1008 887 1040 attrita
898 1018 995 1050 genu,
1011 1013 1165 1041 montem
1181 1008 1392 1051 intelligens,
1409 1010 1697 1052 quemadmodum

893 1116 1035 1150 No'rAE

226 1197 408 1231 admodum
444 1203 557 1230 tamen
595 1198 812 1240 paucissimis
848 1198 934 1236 visa,

226 1260 310 1292 quos
328 1251 534 1292 multiplices
549 1261 676 1283 auxere
691 1252 837 1283 virtutes
852 1261 860 1282 ε
884 1250 936 1282 id-

226 1311 293 1343 que
315 1307 352 1332 et
374 1302 515 1333 oracula
543 1306 579 1333 et
602 1307 762 1333 auctores
787 1301 937 1332 docuere

226 1351 400 1393 praeclari:
424 1352 517 1383 inter
546 1361 632 1394 quos
658 1358 712 1383 est
731 1353 834 1383 etiam
861 1351 938 1382 Me-

226 1403 359 1434 nander
382 1403 547 1442 comicus,
573 1402 664 1444 apud
689 1413 789 1444 quem
815 1402 851 1433 hi
876 1401 938 1433 Se-

226 1453 314 1485 narii
345 1453 412 1485 duo
444 1454 627 1493 leguntur:
659 1454 794 1485 ’Ἀπαντι
824 1451 938 1492 δαίμων

225 1503 315 1546 ἀνδρὶ
356 1502 608 1545 συμπαρίσταται
649 1503 746 1536 Εὐθὺς
790 1502 938 1543 ’γινομένῳ

224 1554 435 1594 μυσταγωγὸς
451 1553 600 1596 τοῦζβίου.
625 1554 722 1586 Omni
733 1555 862 1593 homini,
873 1557 938 1585 sta·

229 1606 288 1637 tim
310 1609 345 1637 ut
372 1609 465 1636 natus
486 1609 546 1644 est,
559 1605 697 1637 sociatur·
718 1606 850 1645 daemmu,
872 1615 938 1636 rec-

225 1661 317 1689 turus
342 1657 408 1697 ejus
435 1657 545 1688 vitam.
591 1657 718 1688 Itidem
745 1666 788 1688 ex
812 1656 937 1697 sempi-

226 1708 334 1740 ternis
365 1708 511 1740 Homeri
543 1707 754 1739 carminibus
790 1705 938 1745 intelligi

226 1758 343 1798 datur,
359 1768 426 1789 non
451 1758 546 1789 Deos
573 1757 731 1788 coelestes
755 1766 830 1787 cum
855 1754 937 1786 viris

225 1808 374 1842 fortibus
387 1809 615 1850 colloquutos‚
626 1817 692 1839 nec
701 1806 840 1839 affuisse
855 1815 938 1846 pug-

226 1861 389 1892 nantibus
414 1860 468 1891 vel
493 1859 638 1900 juvisse,
664 1858 725 1889 sed
752 1856 936 1888 familiares

227 1910 357 1943 Genios
372 1919 449 1942 cum
460 1909 581 1941 iisdem
594 1914 747 1940 versatos
762 1918 771 1939 ι
795 1916 939 1949 quorum

226 1961 442 1992 adminiculis
458 1959 540 1991 freti
562 1959 746 2001 praecipuis
761 1957 938 1999 Pythago·

227 2021 283 2042 ras
300 2011 466 2042 enituisse
482 2010 609 2042 dicitur
625 2015 661 2041 et
677 2010 850 2048 Socrates,
864 2008 937 2040 Nu-

227 2071 348 2104 maque
364 2062 572 2102 Pompilius,
586 2066 623 2093 et
639 2060 796 2102 superior
810 2059 939 2100 Scipio,

227 2117 278 2152 et,
295 2118 332 2144 ut
350 2112 488 2154 quidam
511 2112 726 2150 existimant,
742 2111 888 2149 Marius,
903 2115 939 2141 et

228 2164 457 2202 Octavianus,
484 2162 539 2194 cui
562 2161 711 2202 Augusti
737 2160 939 2192 vocabulum

228 2215 381 2246 delatum
405 2219 459 2245 est
491 2212 615 2253 primo,
643 2212 860 2252 Hermesque
885 2214 940 2241 ter

229 2266 416 2303 Maximus,
430 2270 467 2296 et
479 2265 640 2305 Tyaneus
657 2262 871 2303 Apollonius,
887 2266 939 2292 at-

229 2326 297 2357 que
323 2316 496 2355 Plotinus,
521 2323 622 2345 ausus
653 2312 809 2355 quaedam
835 2321 939 2352 super

228 2366 303 2398 haec
329 2365 498 2397 disserere
514 2365 670 2411 mystica,
694 2364 830 2405 alteque
846 2372 941 2394 mon-

229 2423 353 2457 strare,
384 2415 508 2457 quibus
540 2408 734 2456 primordiis
771 2414 805 2445 ui
838 2414 940 2446 Genii

230 2467 353 2500 animis
375 2466 521 2498 connexi
548 2466 756 2506 mortalium,
781 2475 840 2497 eas
866 2471 939 2496 tan-

229 2528 334 2560 quam
351 2517 490 2558 gremiis
506 2517 575 2548 suis
591 2521 770 2558 susceptas
787 2520 941 2556 tuentur,

230 2568 343 2611 quoad
361 2569 494 2600 licitum
506 2573 573 2608 est,
589 2567 785 2609 docentque
798 2567 939 2608 majora,

231 2620 259 2651 si
272 2619 444 2650 senserint
457 2622 611 2658 puras,et
624 2628 644 2648 a
654 2617 847 2649 colluvione
861 2626 940 2658 pec·

230 2670 331 2701 candi
352 2669 573 2701 immaculata
596 2669 752 2709 corporis
774 2668 939 2700 societate

231 2719 425 2752 discretas!
468 2719 557 2751 Vide
574 2719 678 2751 etiam
695 2718 880 2760 Apuleium
897 2719 940 2751 de

232 2770 311 2802 Deo
334 2770 498 2802 Socratis.
545 2769 594 2801 Ut
622 2775 736 2801 sutem
753 2770 818 2802 viri
838 2770 939 2802 habe-

990 1199 1076 1231 bant
1101 1209 1180 1232 suos
1207 1199 1350 1240 Genios,
1365 1198 1539 1232 habebant
1564 1204 1601 1233 et
1627 1209 1700 1232 mu-

990 1250 1092 1282 lieres
1119 1260 1198 1282 suas
1221 1249 1389 1284 Junones.
1433 1250 1698 1283 Observandum

992 1306 1107 1332 autem
1130 1301 1187 1332 hic
1213 1301 1372 1343 antiquos
1387 1301 1423 1333 in
1439 1311 1486 1334 ea
1509 1303 1702 1344 superstiti·

992 1361 1057 1383 one
1072 1351 1189 1390 fuisse,
1203 1356 1242 1384 ut
1255 1351 1447 1394 principum
1463 1352 1595 1385 Genios
1609 1363 1700 1385 sum-

991 1412 1047 1434 ma
1066 1403 1288 1436 veneratione
1314 1404 1483 1444 colerent,
1497 1405 1627 1445 templa
1648 1404 1701 1436 his

991 1453 1180 1494 erigerent,
1207 1453 1526 1495 sanctissimumque
1554 1464 1617 1495 per
1641 1464 1701 1486 eos

984 1503 1217 1545 juramentum
1229 1504 1408 1537 haberent.
1431 1504 1570 1546 Ulpian.
1585 1505 1608 1538 l.
1620 1513 1702 1538 xlv.

993 1555 1076 1587 Par.
1106 1559 1139 1588 5.
1167 1555 1211 1587 de
1247 1556 1495 1598 Jurejurando.
1555 1557 1700 1589 Sueton.

993 1605 1151 1646 Augusto
1177 1616 1254 1648 cap.
1279 1610 1334 1639 40.
1372 1607 1577 1639 Tertullian.
1607 1607 1703 1648 Apo—

993 1656 1146 1698 logetico
1184 1663 1221 1689 et
1257 1657 1300 1689 ad
1336 1658 1530 1699 Scapulam.
1573 1658 1701 1690 Minut.

995 1708 1080 1740 Foel.
1105 1708 1268 1741 Octavio.
1312 1708 1454 1740 Persius
1485 1709 1589 1740 Satir.
1622 1708 1702 1740 ulti-

992 1768 1068 1790 ma:
1101 1760 1111 1776 ‘
1131 1759 1197 1790 Dis
1233 1759 1352 1800 igitur,
1383 1759 1566 1801 Genioque
1604 1760 1701 1792 ducis

992 1814 1128 1840 centum
1147 1808 1241 1850 paria
1257 1808 1300 1840 ob
1317 1808 1396 1841 res!
1441 1810 1573 1841 Statius
1587 1808 1700 1841 infra:

992 1862 1002 1877 ‘
1019 1860 1066 1892 Et
1081 1860 1198 1891 mitem
1213 1860 1360 1892 Genium
1375 1859 1503 1891 domini
1519 1860 1703 1901 praesentis

993 1909 1135 1941 adorat!
1177 1909 1319 1941 Tacitus
1343 1909 1439 1941 Hist.
1456 1918 1498 1942 11.
1539 1910 1549 1927 ‘
1567 1909 1703 1942 Vitellii

994 1960 1106 1992 Genio
1122 1960 1253 2000 positas
1267 1970 1343 1991 aras
1358 1959 1503 1992 scribit!
1538 1959 1703 1992 Athenae·

992 2020 1031 2041 us
1051 2010 1108 2041 lib.
1124 2019 1174 2042 w.
1190 2015 1291 2042 vocat
1307 2009 1436 2049 δαίμονα
1449 2009 1616 2047 βασιλέως.

1035 2061 1170 2092 AEterna
1185 2060 1325 2102 crepido]
1348 2061 1419 2092 Per
1434 2065 1584 2093 oeternam
1602 2061 1702 2102 crepi-

991 2111 1096 2142 dinem
1110 2111 1232 2151 basim,
1247 2112 1302 2142 cui
1323 2115 1438 2142 statua
1459 2111 1629 2152 equestris
1652 2112 1702 2142 in-

995 2161 1156 2202 sistebat,
1181 2161 1358 2203 intelligit,
1373 2166 1411 2193 et
1431 2164 1582 2193 oeternam
1603 2161 1703 2198 dicit.

993 2216 1032 2243 ut
1045 2217 1079 2243 et
1095 2211 1205 2252 ipsam
1222 2217 1416 2254 equestrem
1427 2216 1590 2252 statuam,
1604 2216 1642 2244 ut
1654 2212 1704 2243 vi-

993 2262 1133 2294 debitur
1147 2261 1248 2294 infra.
1292 2261 1412 2302 Κρηπὶς
1434 2271 1494 2302 pro
1519 2262 1586 2293 basi
1599 2263 1702 2293 sumi-

995 2319 1050 2344 tur
1067 2312 1158 2354 apud
1175 2312 1376 2352 Euripidem
1398 2312 1431 2342 in
1445 2312 1590 2344 Hercul.
1620 2311 1702 2344 Fur.

986 2363 1090 2396 Ὅταν
1121 2362 1156 2395 δὲ
1181 2362 1290 2404 κρηπὶς
1313 2361 1357 2402 μὴ
1385 2363 1570 2404 καταβληθῇ
1593 2360 1703 2402 γένους

994 2415 1121 2456 Ὀρθῶς,
1138 2412 1260 2452 ἀνάγκη
1275 2414 1444 2454 δυστυχεῖν
1453 2412 1526 2445 τοὺς
1545 2412 1701 2454 ἐκγόνους.

996 2467 1131 2502 Quando
1143 2464 1385 2504 fundamentum
1397 2465 1522 2505 generis
1535 2475 1599 2497 non
1618 2468 1702 2497 recte

990 2517 1132 2559 ponitur,
1148 2525 1269 2547 necesse
1283 2519 1330 2547 est
1351 2515 1495 2555 infelices
1515 2526 1581 2548 esse
1600 2519 1702 2557 poste·

993 2578 1055 2599 ros.
1099 2567 1173 2599 Cic.
1192 2567 1235 2598 de
1260 2566 1410 2598 Oratore
1426 2566 1483 2598 lib.
1501 2575 1558 2598 ιιι.
1583 2567 1593 2584 ‘
1617 2567 1700 2599 Om-

994 2618 1052 2649 nia
1068 2622 1229 2658 tanquam
1244 2616 1422 2658 crepidine
1442 2617 1588 2659 quadam
1603 2617 1703 2648 susti·

994 2666 1144 2700 nentur.'

1037 2721 1080 2750 60
1105 2716 1250 2756 ΰαὶζίεή
1271 2717 1432 2758 Atlantis]
1455 2717 1556 2750 Trita
1583 2717 1702 2751 fabula

995 2768 1039 2801 de
1055 2768 1198 2802 Atlante
1211 2769 1334 2805 coelum
1349 2767 1494 2802 ferente.
