1800 3060
715 223 755 253 P.
790 222 981 255 PAPINII

240 209 327 252 450
1016 222 1181 255 STA'rir

413 315 608 367 Messes,
631 317 920 375 odoratisque
939 332 1040 362 rara

469 384 689 428 Cinnama
708 387 934 442 praeripiet
954 388 1149 430 Sabaeis,

355 452 470 504 Quis
491 467 576 495 non
598 454 643 495 in
665 456 783 497 omni
803 457 968 498 vertice
992 456 1174 498 Romuli

352 520 580 575 Reptasse
601 521 775 564 dulcem
796 523 1065 577 Septimium
1087 525 1247 578 putet?

414 588 529 640 Quis
548 590 672 632 fonte
692 590 721 633 J
725 596 913 644 uturnae,
934 592 1103 634 relictis
1177 605 1188 608 ⁷
1648 595 1705 638 35

466 657 706 709 Uberibus,
728 663 858 714 neget
876 673 978 702 esse
997 663 1182 714 pastum
1198 661 1218 700 ‘t

354 724 400 767 N
403 738 454 767 ec
475 726 588 767 mira
606 727 747 768 virtus
765 741 775 769 ε
806 728 1005 781 protinus
1028 727 1261 770 Ausonum

355 792 539 843 Portus,
562 793 733 836 dolosae
755 795 931 836 nescius
952 793 1121 837 Africae

413 860 573 913 lutras,
595 862 927 918 adoptatusque
947 863 1114 905 Tuscis

470 929 737 984 Gurgitibus
759 945 870 986 puer
890 932 1114 974 innatasti.
1646 933 1704 974 40

237 1035 319 1067 tabit
335 1035 463 1067 Indicas
477 1040 613 1076 segetes,
633 1040 664 1068 et
685 1036 847 1078 proeripiet
871 1037 1009 1079 pretiosa
1030 1038 1174 1069 cinnama
1203 1038 1342 1069 odoratis
1356 1037 1488 1069 Sabaeis.
1535 1037 1615 1074 Quis
1642 1047 1704 1069 non

235 1080 342 1110 credat
357 1079 530 1118 facundum
545 1079 730 1121 Septimium
743 1081 872 1121 repsisse
886 1080 920 1111 in
935 1080 1056 1112 cunctis
1073 1080 1199 1112 Romuli
1212 1080 1362 1114 collibus?
1407 1081 1488 1116 Quis
1510 1080 1704 1123 inficiabitur

235 1131 304 1152 eum
321 1122 432 1154 bibisse
447 1132 544 1164 aquas
554 1124 705 1154 Jumrnae
725 1123 864 1155 dimissis
887 1123 1052 1157 mammis?
1096 1124 1168 1155 Hoc
1189 1134 1265 1164 opus
1289 1124 1378 1155 miroe
1399 1123 1540 1155 virtutis.
1587 1122 1705 1155 Statim

236 1163 337 1197 intras
347 1169 457 1206 portus
471 1165 633 1208 Ausonios,
659 1170 691 1199 et
706 1166 898 1198 oblivisceris
913 1167 1034 1199 vadosoe
1051 1166 1186 1208 Asricoe,
1209 1170 1238 1198 et
1261 1176 1340 1208 puer
1366 1166 1481 1198 ascitus
1507 1177 1526 1197 a
1555 1167 1705 1198 Romanis

853 1262 1095 1275 “U‘O‘OOUOO‘

236 1327 316 1360 edd.
333 1331 419 1360 vett.
436 1328 505 1359 Nec
519 1328 601 1360 miro
617 1328 716 1360 virtus
731 1329 855 1361 Venet.
873 1331 902 1361 1.
932 1329 1022 1370 quod
1047 1328 1221 1361 revocavit
1235 1326 1562 1360 Marklandus.—38
1585 1327 1703 1361 Parin.

233 1372 357 1403 vudosoe
382 1371 495 1403 nesciet
523 1371 668 1411 Africoe‚·
703 1372 801 1402 Rom.
825 1373 948 1403 vadosae
972 1373 1084 1412 nesciit
1108 1372 1254 1411 Africoe,·
1288 1370 1394 1402 Aidd.
1419 1370 1534 1402 Colin.
1566 1370 1702 1412 Grypli.

236 1414 344 1445 Basil.
359 1415 473 1446 Plant.
489 1419 620 1446 ceterae
635 1425 643 1446 ε
666 1416 787 1446 vadosoe
801 1414 921 1446 nescius
935 1415 1069 1455 Africoe.
1109 1415 1268 1447 Correxit
1282 1413 1610 1446 Markiandus.—39
1634 1415 1703 1446 Pro

236 1457 357 1498 Intres,
373 1457 466 1499 qnod
481 1461 557 1490 erat
574 1458 610 1489 in
627 1457 781 1489 omnibns
798 1457 987 1499 codicibus,
1011 1458 1187 1491 Domitius
1210 1457 1342 1490 fatetur
1359 1465 1397 1488 se
1422 1455 1549 1488 fecisse
1564 1457 1681 1489 Lutras
1691 1468 1704 1495 ‚-

901 1542 1049 1576 NOTAE

235 1619 254 1640 a
274 1607 425 1640 Sidoniis
449 1607 563 1649 patria
585 1606 741 1648 profugis
758 1607 802 1639 ob
818 1606 944 1638 discor-

234 1659 310 1691 dias
333 1659 463 1690 civiles.
509 1658 638 1689 Eadem
662 1657 823 1690 Straboni
853 1658 945 1689 Nea-

233 1710 321 1752 polis
344 1709 482 1741 dicitur.
527 1708 662 1740 Plinius
690 1712 804 1740 tamen
831 1708 945 1740 diver-

1000 1607 1042 1640 Id
1058 1612 1123 1650 est,
1138 1613 1256 1645 natum
1272 1609 1378 1642 fuisse
1394 1610 1522 1642 Romae.

1007 1682 1009 1685 .
1043 1662 1083 1690 35
1110 1659 1207 1692 Fonte
1221 1660 1386 1701 Juturnae]
1411 1660 1562 1694 Juturna
1577 1658 1654 1692 fons
1669 1658 1705 1691 in

999 1719 1082 1751 agro
1107 1711 1232 1744 Latino
1258 1710 1404 1744 influens
1428 1711 1463 1743 in
1481 1719 1614 1742 amnem
1631 1710 1705 1742 Nu·

235 1770 305 1792 sam
323 1758 421 1799 facit,
442 1764 479 1791 et
495 1759 642 1791 collocat
656 1763 837 1801 utramque
854 1759 946 1790 inter

234 1810 318 1842 duas
334 1811 467 1851 Syrtes.
511 1810 599 1842 Haec
616 1809 685 1842 fuit
704 1810 814 1851 patria
829 1810 944 1851 Septi-

231 1862 293 1894 mii
317 1861 439 1894 nostri.
482 1861 559 1893 Jam
575 1861 677 1903 seret,
702 1861 772 1903 θα]
811 1861 944 1902 Leptis,

233 1922 310 1944 cum
325 1917 394 1944 tam
413 1911 556 1952 politum
569 1921 610 1943 ac
625 1912 818 1951 elegantem
833 1912 942 1944 virum

234 1962 316 1994 tulit
332 1966 370 1993 ut
386 1961 605 2002 Septimium,
616 1961 692 2002 jam
707 1960 798 1994 feret
813 1971 941 1993 messes

231 2014 344 2046 Indiae
361 2018 397 2046 et
412 2015 512 2045 thura
525 2013 677 2045 Arabiae.
712 2014 839 2046 Indicas
854 2014 940 2045 Mes-

231 2065 296 2107 ses]
332 2066 382 2098 Ut
409 2069 554 2106 costum,
578 2068 616 2096 et
640 2069 760 2097 cetera
788 2070 943 2098 aromata

236 2116 360 2149 Indiae.

275 2169 315 2198 31
343 2165 496 2197 odoratis
521 2165 676 2198 Cinnama
697 2166 861 2207 praeripiet
885 2165 943 2198 Sa-

232 2218 322 2260 boeis]
338 2218 541 2250 Cinnamum
554 2217 684 2259 frutex,
698 2217 798 2259 cujus
814 2218 943 2259 lignum

233 2269 325 2301 inter
340 2269 547 2310 pretiosiora
561 2273 712 2302 aromata
727 2273 937 2302 numeratur:

233 2320 388 2352 nascitur
414 2320 448 2351 in
475 2320 652 2362 AEthiopia
690 2324 727 2352 et
752 2319 784 2350 in
814 2319 942 2351 Arabia

233 2371 352 2403 Felici.
390 2371 479 2403 Vide
493 2371 600 2409 Theb.
618 2380 670 2404 VI.
717 2370 868 2402 Odoratis
883 2370 942 2401 Sa-

234 2420 325 2460 haeis]
361 2421 474 2453 Sabaei
507 2422 626 2463 populi
661 2420 813 2461 Arabiae,
850 2420 942 2462 apud

233 2480 316 2512 quos
332 2472 434 2502 etiam
449 2472 525 2503 thus
542 2477 579 2504 et
594 2472 729 2514 myrrha
744 2476 942 2511 nascuntur,

233 2521 326 2552 unde
341 2522 465 2553 odorati
479 2522 652 2554 dicuntur.
685 2522 776 2553 Vide
792 2522 944 2553 Plinium

233 2571 293 2605 lib.
309 2580 377 2604 ιιι.
395 2581 471 2612 cap.
491 2575 542 2605 14.
560 2579 595 2605 et
612 2577 664 2606 15.
682 2576 735 2606 17.
751 2578 788 2605 et
803 2575 858 2606 19.

277 2625 319 2654 33
342 2622 384 2654 In
408 2623 492 2654 omni
516 2624 649 2664 vertice]
683 2625 824 2666 Septem
844 2627 944 2656 erant

234 2678 368 2705 montes
386 2673 420 2705 in
436 2673 519 2705 urbe
545 2675 679 2714 Romae,
701 2680 739 2707 ut
759 2675 831 2716 jam
858 2673 942 2706 dixi-

237 2733 325 2755 nius.

278 2777 319 2807 34
334 2775 487 2816 Raptam
501 2777 622 2808 dulcem
634 2775 823 2818 Septimium
837 2774 942 2816 putet]

1000 1759 1134 1793 micum.
1178 1762 1315 1794 Nomen
1339 1763 1485 1794 traxisse
1511 1771 1531 1793 a
1555 1761 1706 1795 Jutnrna

999 1811 1108 1844 Turni
1124 1822 1253 1854 sorore,
1265 1813 1301 1844 in
1315 1813 1405 1845 hunc
1415 1813 1544 1845 fontem
1559 1816 1703 1852 mutata,

999 1861 1198 1894 fabulantur
1213 1863 1349 1896 Poetae.
1384 1863 1519 1896 Relictis
1537 1862 1704 1904 Uberibus]

998 1914 1087 1946 Quia
1112 1914 1168 1946 hic
1193 1913 1270 1946 fons
1295 1914 1538 1947 saluberrimus
1553 1918 1628 1947 erat
1643 1923 1703 1946 ex·

998 1968 1194 1996 traneorum
1204 1962 1406 2007 corporibus
1417 1976 1426 2005 ;
1436 1970 1473 1997 et
1483 1965 1526 1997 de
1537 1965 1601 1997 hoc
1609 1963 1706 1997 fonte

997 2013 1140 2046 Romam
1166 2016 1209 2047 ad
1231 2016 1343 2048 onmia
1365 2015 1536 2048 sacrificia
1551 2025 1640 2056 aqua
1654 2014 1707 2047 af-

996 2063 1079 2096 ferri
1096 2071 1338 2108 consueverat‚
1365 2071 1405 2098 ut
1430 2065 1538 2098 refert
1562 2065 1703 2102 Servius

998 2114 1135 2148 AEneid.
1153 2125 1221 2149 xn-

1042 2169 1083 2198 37
1094 2167 1272 2208 Ausonum]
1289 2167 1333 2200 Id
1343 2172 1407 2209 est,
1420 2167 1599 2201 Italorum.
1621 2167 1704 2200 Itali

1000 2218 1089 2250 enim
1106 2219 1200 2259 prius
1221 2217 1419 2251 ‘Ausones’
1443 2218 1538 2251 dicti.

1041 2271 1083 2300 38
1105 2269 1230 2300 Dolosae
1254 2268 1408 2310 [vadosoe]
1432 2268 1555 2300 nescius
1566 2267 1704 2310 Asi-icat]

999 2318 1124 2351 Africa
1140 2320 1244 2351 tertia
1259 2329 1339 2361 pars
1354 2319 1447 2351 orbis
1463 2319 1607 2361 antiqui.
1643 2318 1704 2351 Va-

998 2369 1095 2410 dosae]
1119 2369 1176 2401 Ob
1204 2370 1335 2411 Syrtes,
1363 2370 1406 2401 de
1436 2369 1558 2411 quibus
1587 2377 1701 2410 supra.

1001 2419 1196 2460 Allegorice
1220 2429 1302 2452 vero
1327 2419 1401 2453 haec
1427 2419 1526 2452 dicta
1550 2421 1641 2459 sunt,
1663 2422 1702 2449 ut

999 2470 1157 2502 ostendat
1171 2470 1375 2511 Septimium
1386 2469 1458 2511 jam
1471 2479 1490 2501 a
1505 2468 1653 2510 pueritia
1665 2468 1701 2500 in

999 2521 1188 2561 disciplinis
1205 2526 1240 2552 et
1256 2521 1372 2562 lingua
1384 2522 1607 2552 Romanorum
1619 2519 1703 2550 edn-

999 2576 1114 2604 catum
1137 2570 1254 2612 fuisse,
1276 2570 1427 2612 nihilque
1453 2580 1496 2603 ex
1522 2568 1701 2601 Africano-

1001 2631 1074 2654 rum
1090 2620 1240 2654 moribus
1256 2620 1449 2652 retinuisse.

1041 2675 1083 2704 39
1098 2670 1349 2713 Adoptatusque]
1370 2670 1512 2711 Suppie,
1525 2668 1700 2701 Romanus

998 2732 1041 2754 ex
1059 2722 1158 2754 Afro.
1191 2722 1297 2754 Tuscis
1316 2719 1506 2761 Gurgitibus
1517 2729 1595 2761 puer
1610 2720 1700 2754 inna-

997 2773 1088 2813 tasti]
1112 2772 1298 2806 Horatius:
1323 2772 1460 2804 ‘Tusco
1485 2771 1628 2804 denatat
1652 2772 1698 2806 al·
