1800 3060
200 197 284 239 124
700 211 739 239 P.
776 211 967 242 PAPan
1002 213 1165 243 srA'ru

197 303 345 346 Littus
366 308 600 359 utrumque
622 305 769 348 domi:
791 321 875 349 nec
895 313 940 350 te
962 308 1225 350 mitissimus
1248 311 1390 352 amnis

197 371 399 423 Dividit3
421 373 614 414 alternas
635 378 815 415 servant
836 377 1048 428 praetoria
1069 378 1191 430 ripas

198 439 306 481 Non
327 443 512 482 externa
532 441 635 491 sibi,
657 442 899 485 fluviumve
919 445 1098 486 obstare
1118 451 1377 499 queruntur.

197 506 422 549 Sestiacos
443 522 559 550 nunc
581 509 700 561 fama
719 511 862 562 sinus,
885 512 1164 568 pelagusque
1190 518 1388 556 natatum

196 575 226 616 J
230 578 364 626 actet‚
384 579 427 617 et
448 577 611 619 audaci
626 578 808 632 junctos
830 579 1068 635 delphinas
1091 582 1266 636 ephebo
1288 596 1299 625 ε

1610 379 1667 421 25

197 699 250 730 det
266 701 399 748 utraque
412 699 514 731 amnis
528 701 599 750 ripa
609 711 620 738 ,¹
645 712 700 734 nec
707 702 828 744 fluvias
840 704 1073 743 placidissimus
1088 708 1119 736 te
1134 706 1271 745 sejungit
1287 717 1298 738 .·
1321 707 1403 738 vitloe
1416 710 1524 747 partes
1539 711 1667 740 sert-ant

196 745 361 790 atrumque
376 742 478 779 lzttus,
492 754 551 775 non
567 745 675 776 ‹izvisae
687 757 706 776 a
721 756 752 778 se
767 746 910 786 invicem,
925 758 979 778 nec
996 752 1167 788 queruntur
1182 759 1302 780 amnem
1318 750 1478 790 impedire,
1495 762 1552 791 quo
1568 753 1668 783 minus

188 788 378 833 qungantur.
425 787 517 835 Nunc
527 787 618 826 fama
634 790 772 820 venditet
788 789 963 821 Sestiacum
981 790 1114 830 fretum,
1130 802 1166 822 ac
1180 795 1308 832 pontum
1331 793 1494 831 trajectum
1509 797 1622 834 nando,
1637 798 1668 825 et

190 831 325 868 jugatos
347 829 506 870 delphines
527 840 546 861 a
569 832 736 864 temerario
762 834 964 865 adolescente.
1010 834 1168 875 Perpetua
1193 835 1243 866 hic
1267 836 1492 879 tranquillitas,
1513 839 1598 869 nulla
1619 838 1670 869 hic

806 923 904 937 oeteo
910 924 1050 937 venece

199 989 298 1022 Urat.
314 992 351 1021 et
373 990 500 1021 Venet.
519 990 638 1021 1.-24
661 987 771 1018 Littus
794 986 964 1027 utrimque,
982 987 1110 1018 domas:
1134 996 1189 1018 nec
1213 996 1246 1017 se
1261 987 1446 1019 mitissimus
1460 987 1562 1020 amnis
1578 987 1670 1029 Lips.

201 1038 236 1065 et
252 1033 360 1065 Bern.
388 1033 498 1064 Littas
512 1031 681 1072 utrimque,
697 1031 805 1061 domus
819 1039 873 1060 nec
889 1033 919 1060 te
934 1040 974 1060 m.
990 1030 1091 1061 amnis
1107 1030 1247 1062 Gasser.
1262 1040 1361 1062 annus
1374 1041 1435 1072 pro
1451 1032 1551 1063 amnis
1567 1033 1666 1064 Urat.

200 1080 237 1107 et
258 1075 408 1107 vindob.
434 1076 532 1107 armis
551 1076 676 1106 Vener.
693 1075 808 1104 1.—25
835 1073 963 1104 Markl.
981 1073 1069 1114 conj.
1086 1077 1200 1105 ornant
1221 1074 1372 1113 proeeoria
1387 1075 1572 1114 ripas.-—26
1591 1076 1666 1106 Non

200 1121 330 1150 externa
356 1119 418 1150 sibi
437 1119 615 1160 fluviorum
636 1119 744 1157 optare
765 1119 938 1156 queruntur
960 1117 1061 1148 Urat.
1084 1121 1119 1147 et
1136 1117 1251 1148 Parni.
1277 1122 1312 1147 et
1335 1116 1386 1148 ita
1409 1118 1533 1149 Venet.
1551 1121 1581 1149 l.
1600 1119 1664 1149 nisi

202 1161 292 1203 quod
308 1165 448 1193 extrema
471 1162 596 1198 habet3
618 1160 714 1191 Leid.
730 1160 828 1190 Rom.
844 1164 880 1190 et
894 1159 1021 1192 Venet.
1037 1159 1213 1200 2.fluviam
1226 1169 1262 1191 ne
1277 1160 1411 1192 obstare.
1457 1161 1668 1193 Particulam

199 1215 236 1236 ve
252 1205 477 1236 restituerunt
493 1204 666 1236 Domitius
683 1206 719 1234 et
739 1201 921 1233 Avantius.
952 1202 1027 1234 Jos.
1046 1203 1085 1234 R.
1103 1203 1248 1243 Vulpius
1271 1203 1429 1244 scripsit:
1452 1204 1526 1234 Non
1541 1207 1671 1236 extema

201 1247 263 1279 sibi
270 1248 468 1289 fluriumque
495 1251 604 1289 optare
618 1248 796 1287 queruntur.
842 1244 1028 1276 Gevartius
1052 1246 1155 1277 habet
1171 1250 1208 1277 ut
1231 1246 1265 1276 in
1289 1249 1487 1277 textu.-—27
1511 1247 1670 1279 Sesciatos

200 1290 299 1323 Urat.
323 1291 466 1323 Sesiacos
492 1292 606 1323 Venet
626 1291 756 1321 .1.-28
781 1287 880 1320 Urat.
896 1294 932 1320 et
960 1289 1087 1320 Venet.
1111 1291 1143 1321 1.
1175 1289 1272 1320 victos
1296 1299 1357 1331 pro
1376 1289 1529 1329 junceam
1558 1291 1669 1322 Parm.

865 1386 897 1418 N
903 1385 1006 1419 OTAE

963 1455 1002 1483 ut
1019 1450 1166 1483 diximus
1181 1450 1216 1482 in
1233 1460 1274 1483 eo
1291 1451 1376 1483 loco.
1423 1450 1671 1492 Hellespontus

963 1502 1020 1534 hic
1043 1507 1156 1535 autem
1182 1503 1307 1534 dicitur
1331 1501 1506 1533 sestiacus
1531 1511 1551 1532 a
1570 1501 1672 1533 Sesto

244 1457 287 1486 24
310 1454 420 1487 Liteus
434 1457 597 1495 utrumque
608 1452 693 1484 domi
704 1462 715 1482 s
735 1461 791 1483 nee
804 1454 835 1483 te
851 1450 908 1482 mi·

199 1506 339 1537 tissimus
351 1506 452 1537 amm's
468 1505 609 1545 Dicidit,
622 1503 692 1545 ζα]
716 1503 784 1535 Hic
810 1503 907 1534 luxu-

201 1558 270 1588 riat
294 1556 405 1588 Poe'ta
421 1556 601 1588 verborum
625 1554 738 1597 copia,
755 1557 793 1584 ut
814 1562 909 1585 mon-

200 1611 289 1639 stret
304 1607 473 1639 Auienem
495 1605 707 1638 Tiburtinam
723 1603 837 1635 villam
859 1603 908 1634 in-

201 1657 377 1699 terfluere,
392 1667 456 1690 nec
472 1661 588 1689 tamen
605 1665 680 1687 eam
697 1654 865 1686 dividere.

246 1709 307 1750 Te]
331 1709 472 1750 Supple,
489 1717 509 1739 o
525 1707 658 1739 domus.

243 1764 284 1793 25
309 1759 487 1800 Praetoria]
504 1759 563 1791 Sic
592 1758 685 1789 villas
708 1754 907 1797 magnificas

201 1811 436 1854 appellabant.

244 1866 286 1896 26
313 1863 383 1894 Non
396 1864 528 1894 externa
541 1858 793 1902 sibi‚fluviumve
808 1856 910 1888 obsta-

200 1924 235 1946 re
247 1912 435 1955 queruntur]
457 1912 584 1943 Sensus
599 1921 607 1942 :
632 1910 711 1941 Non
726 1913 805 1940 sunt
821 1908 909 1939 binae

200 1964 270 1996 illae
292 1968 410 2005 partes
427 1961 516 1993 villae
542 1959 733 1992 Tiburtinae
755 1963 909 1990 externae

202 2014 267 2046 sibi
291 2013 455 2053 invicem,
475 2011 510 2042 id
534 2015 602 2050 est,
626 2009 807 2050 disjunctae
831 2018 850 2039 a
873 2018 909 2040 se

202 2064 362 2104 invicem,
386 2063 471 2095 licet
501 2061 633 2093 medius
660 2059 746 2092 fluat
775 2059 910 2098 Anien;

201 2114 407 2156 interposito
428 2113 519 2145 enim
543 2110 676 2143 fornice
699 2110 911 2151 conjungun-

201 2171 271 2207 tur,
301 2175 364 2198 nec
393 2164 513 2196 eadem
553 2163 685 2194 ratione
719 2165 912 2203 queruntur

202 2219 370 2251 Anienem
383 2216 564 2258 impedire,
575 2214 753 2256 quominus
761 2213 911 2254 jungan-

202 2274 269 2301 tur.
314 2269 440 2300 Totum
450 2267 539 2300 hunc
553 2266 666 2297 locum
676 2273 774 2305 paene
789 2263 909 2294 iisdem

203 2319 316 2351 verbis
332 2317 485 2351 restituit
499 2315 671 2351 Ausonius
685 2315 720 2348 in
737 2313 907 2347 Mosella:

199 2371 210 2407 ⁴,
227 2371 330 2402 Villae
353 2370 446 2402 Quas
463 2366 595 2400 medius
616 2364 746 2397 dirimit
760 2364 908 2397 sinuosis

200 2420 347 2454 flexibus
378 2429 495 2451 errans
526 2417 658 2456 Amnis,
687 2421 723 2448 et
757 2416 908 2448 alternas

201 2476 341 2505 comunt
355 2470 519 2512 praetoria
534 2467 651 2510 ripas!

243 2526 287 2556 27
309 2521 467 2555 Sestiacos
489 2521 589 2560 sinus,
604 2520 795 2560 pelagusque
817 2519 908 2548 nata-

202 2575 285 2617 tum]
312 2574 382 2607 Per
411 2571 567 2604 Sestiacos
595 2570 683 2600 sinus
711 2573 749 2600 et
777 2568 909 2609 pelagus

201 2631 359 2668 natatum,
377 2625 641 2665 Hellespontum
661 2620 838 2661 intelligit,
852 2629 909 2650 na-

201 2683 303 2712 tatum
318 2677 455 2710 scilicet
467 2685 487 2706 a
501 2672 673 2710 Leandro,
689 2671 733 2704 de
752 2680 818 2714 quo
831 2670 909 2702 vide

202 2728 375 2772 superiori
398 2724 628 2768 Epithalamio
654 2732 704 2754 vs.
720 2725 773 2757 86,
802 2722 910 2758 Lean-

203 2781 267 2813 der
288 2779 380 2812 enim
402 2786 445 2810 ex
462 2774 589 2817 Abydo
615 2773 759 2806 natabat
775 2773 910 2814 Seston,

964 1553 1091 1594 oppido
1100 1553 1272 1594 Thraciae,
1284 1554 1339 1586 cui
1350 1562 1393 1584 ex
1403 1553 1564 1594 opposito
1578 1552 1672 1594 Aby-

965 1606 1028 1637 dus
1052 1606 1239 1647 respondet
1261 1606 1294 1636 in
1317 1604 1412 1636 Asia.
1458 1604 1562 1636 Hunc
1589 1614 1672 1646 quo-

967 1667 1034 1699 que
1064 1658 1174 1689 locum
1212 1657 1382 1697 expressit
1412 1655 1583 1688 Ausonius
1614 1654 1675 1686 ibi·

966 1707 1067 1738 dem:
1092 1707 1203 1740 ‘Quis
1230 1706 1330 1738 modo
1359 1706 1549 1737 Sestiacum
1580 1705 1672 1746 pela-

965 1767 1029 1798 gus
1049 1756 1281 1798 Nepheleidos
1295 1756 1414 1788 Helles
1427 1756 1567 1798 AEquor‚
1582 1755 1675 1796 Aby-

966 1807 1047 1840 deni
1061 1806 1150 1839 freta
1163 1807 1236 1849 quis
1255 1807 1400 1839 miretur
1414 1805 1548 1847 prebi
1561 1805 1584 1837 ?'

1005 1861 1049 1889 28
1073 1859 1120 1889 Et
1133 1858 1246 1890 audaci
1262 1857 1392 1897 junctos
1405 1857 1568 1898 delphinas
1581 1857 1671 1897 ephe-

964 1908 1015 1950 bo]
1038 1908 1106 1941 Hic
1129 1909 1294 1950 Papinius
1320 1908 1480 1949 designat
1503 1907 1670 1939 Baianum

965 1961 1088 2002 sinum,
1103 1961 1159 2002 qui
1175 1959 1305 1991 dirimit
1322 1959 1424 1990 Baias
1439 1964 1475 1990 et
1490 1958 1670 1999 Puteolos,

965 2017 1000 2045 et
1021 2013 1145 2053 innuit,
1162 2017 1199 2043 ut
1223 2012 1342 2043 volunt
1365 2011 1586 2052 interpretes,
1608 2010 1675 2041 his·

967 2064 1091 2096 toriam
1121 2063 1165 2094 de
1195 2062 1372 2104 delphino,
1398 2071 1500 2103 quem
1528 2060 1673 2092 tradunt

966 2118 1123 2155 tempore
1139 2112 1291 2154 Augusti
1306 2106 1349 2144 ad
1375 2111 1538 2143 Puteolos
1555 2110 1671 2142 venire

965 2165 1118 2207 quotidie
1148 2164 1300 2204 solitum,
1327 2168 1363 2194 et
1389 2171 1495 2203 puero
1517 2161 1672 2203 praebere

965 2217 1116 2257 dorsum,
1145 2220 1392 2256 receptumque
1420 2213 1544 2255 equitis
1571 2212 1672 2244 modo

964 2266 1172 2299 insidentem
1201 2275 1262 2307 per
1295 2274 1450 2306 inagnum
1482 2272 1599 2305 aequor
1628 2262 1672 2293 ad

965 2318 1109 2359 triginta
1135 2317 1242 2348 millia
1265 2324 1423 2357 passuum
1443 2313 1602 2345 deferre:
1627 2313 1671 2344 ad

963 2368 1199 2409 spectaculum
1223 2367 1332 2398 Roma
1347 2370 1384 2397 et
1401 2368 1474 2397 tota
1494 2364 1597 2396 ltalia
1613 2373 1672 2395 oc-

963 2424 1135 2452 currente.
1192 2417 1350 2449 Tandem
1385 2425 1489 2459 puero
1526 2420 1673 2456 mortuo,

962 2470 1036 2511 ipse
1049 2468 1231 2510 delphinus
1247 2467 1289 2499 ad
1302 2468 1427 2508 locum,
1437 2477 1504 2509 quo
1516 2467 1671 2508 recipere

964 2521 1066 2553 dorso
1089 2520 1208 2553 solitus
1231 2523 1307 2550 erat
1331 2528 1488 2560 puerum,
1514 2516 1672 2560 frequen-

964 2573 1095 2606 tissime
1119 2572 1271 2613 veniens,
1293 2571 1465 2603 desiderio
1489 2570 1671 2612 expiravit.

963 2625 1053 2657 Vide
1069 2624 1162 2656 Plin.
1186 2623 1268 2654 Nat.
1290 2622 1383 2655 Hist.
1399 2622 1457 2655 lib.
1475 2631 1528 2654 lx.
1543 2631 1620 2662 cap.
1637 2624 1670 2654 8.

963 2676 1007 2709 A.
1020 2675 1183 2711 Gellium,
1195 2673 1316 2714 etlege
1330 2672 1478 2704 Plinium
1488 2672 1510 2705 J
1515 2672 1670 2704 uniorem

963 2727 1022 2760 lib.
1034 2734 1086 2758 lx.
1100 2725 1212 2766 Epist.
1226 2726 1279 2756 33.
1295 2721 1433 2762 Audaci]
1447 2722 1536 2755 Quia
1550 2731 1586 2753 se
1599 2731 1671 2753 ma—

964 2779 993 2813 ri
1009 2787 1049 2812 ac
1066 2775 1227 2818 delphino
1240 2773 1387 2806 audebat
1403 2772 1633 2806 committere.
