1800 3060
184 195 267 237 [104
681 203 720 232 P.
757 200 945 233 PAI’lNil
981 201 1147 231 s'rA‘m

184 301 446 354 Raptorem,
470 298 661 354 Phrygio
683 298 721 339 si
742 310 828 339 non
847 311 930 350 ego
946 298 1104 351 juncta
1124 297 1283 338 marito
1297 298 1317 336 Φ.

182 368 353 423 Lydius
374 367 487 408 unde
509 379 634 408 meos
653 366 853 407 iterasset
872 365 1032 420 Tybris
1054 364 1212 405 lulos'?

185 436 302 487 Quis
324 435 684 489 septemgeminae
707 434 932 488 posuisset
951 434 1117 474 moenia
1138 431 1298 473 Romae

187 504 370 557 Imperii
390 503 562 544 Latiale
583 505 733 556 caput,
754 501 841 543 nisi
867 501 1076 542 Dardana
1096 499 1214 541 furto

185 571 396 625 Cepisset
416 569 622 620 Martem,
644 581 728 610 nec-
750 582 823 609 me
845 569 1128 623 prohibente,
1149 566 1358 608 sacerdos
1373 568 1392 607 ’ἒ

188 639 276 680 His
297 638 458 680 mulcet
478 637 627 688 dictis,
652 637 931 692 tacitumque
954 637 1141 692 inspirat
1161 648 1354 677 amorem

1560 363 1646 406 190

189 769 414 806 ornamentum,
435 767 545 809 quique
567 767 684 808 eripuit
699 768 786 800 Deos
806 767 959 806 incendio,
975 766 1002 797 si
1017 776 1079 798 non
1093 776 1150 806 ego
1166 767 1342 807 nupsissem
1357 764 1499 807 Phrygio
1514 762 1648 802 coniugi.

188 811 347 846 Quomodo
362 810 483 853 Lydius
507 810 632 842 Tiberis
655 814 829 851 reparasset
854 820 935 841 meos
963 807 1072 841 Iulos?
1105 809 1176 850 quis
1198 810 1384 841 condidisset
1409 817 1512 839 muros
1538 807 1648 837 Romoe

187 854 447 893 septemgeminae,
462 857 553 893 caput
571 854 706 885 Romani
728 853 865 893 imperii,
889 853 917 883 si
941 852 1109 884 Dardania
1124 853 1273 883 antistita
1288 862 1349 883 non
1366 852 1446 882 clam
1459 849 1650 890 cognovisset
1665 878 1668 880 ,

187 897 338 938 Martem,
351 907 399 929 me
413 907 475 929 non
494 897 703 938 impediente?
724 897 856 930 Delenit
878 905 946 927 eam
967 895 1181 927 Violantiuum
1207 895 1257 927 his
1279 895 1390 936 verbis,
1405 897 1436 926 et
1452 892 1581 925 immisit
1599 891 1649 923 iai

804 991 840 1002 O‘
845 990 940 1002 “ff“
944 990 1041 1002 “O“

189 1077 213 1098 l.
234 1070 309 1099 251.
326 1068 412 1100 alius
429 1068 565 1109 quidam
581 1071 860 1100 rarescunt.-189
886 1068 1006 1109 Raptor
1031 1071 1100 1099 erat
1121 1066 1290 1099 Avantins
1312 1066 1345 1098 in
1361 1065 1443 1098 Ald.
1457 1068 1487 1097 1.
1511 1064 1555 1096 de
1571 1073 1650 1096 eon-

182 1112 333 1151 jectum,
349 1117 386 1142 ut
403 1111 554 1151 videtur,
565 1121 710 1152 eumque
727 1112 837 1143 secuti
852 1117 930 1142 sunt
946 1121 1063 1142 omnes
1090 1115 1221 1152 praeter
1237 1110 1358 1141 Heins.
1375 1109 1527 1141 Gronov.
1539 1108 1647 1139 Veen.

188 1154 316 1193 Delph.
343 1159 379 1184 et
407 1154 535 1185 Markl.
555 1155 611 1196 qui
630 1155 814 1195 Raptorem,
831 1159 870 1185 ut
895 1159 950 1185 est
966 1155 998 1185 in
1016 1154 1118 1186 Urat.
1141 1153 1240 1185 Leid.
1261 1153 1362 1184 Vatt.
1380 1155 1410 1183 1.
1424 1155 1456 1183 2.
1472 1153 1504 1182 3.
1517 1154 1550 1182 4.
1568 1151 1648 1182 Par.

188 1196 329 1228 Venett.
345 1199 415 1228 1.2.
426 1200 500 1229 3.4.
518 1197 633 1228 Parni.
649 1198 746 1229 Rom.
759 1198 899 1228 Bi·ix.et
910 1197 1048 1228 Vieent.
1064 1199 1283 1228 revocarunt.
1301 1194 1444 1236 Phrygio
1453 1194 1650 1225 sio-Uran—

191 1241 252 1270 190
261 1239 382 1282 Lydius
397 1240 470 1271 inde
486 1250 526 1272 m.
538 1241 593 1272 Μ.
605 1241 829 1271 iullosVenet.
847 1240 1055 1276 1.—191Qu2·
1073 1240 1168 1271 Urat.
1186 1240 1326 1270 Venett.
1346 1241 1374 1269 1.
1389 1240 1420 1270 2.
1437 1240 1469 1269 3.
1484 1239 1517 1269 4.
1535 1237 1649 1268 Parm.

190 1283 288 1314 Rom.
321 1285 350 1315 1.
367 1285 398 1314 2.
417 1283 509 1315 Brix.
527 1288 563 1315 et
591 1283 728 1314 Vicent.
745 1282 835 1324 quod
867 1284 999 1323 recepit
1026 1282 1204 1322 flandius3
1230 1282 1311 1318 Quis
1335 1279 1553 1312 Avantiusin
1569 1278 1649 1312 ΑΜ.

190 1328 220 1357 l.
237 1324 327 1356 unde
345 1326 377 1356 in
394 1326 477 1357 alias
492 1336 609 1357 omnes
626 1329 814 1367 receptum.
859 1323 948 1356 Vide
972 1326 1104 1357 Charis.
1120 1335 1155 1366 p.
1170 1327 1333 1358 ‘la—192
1354 1323 1485 1355 Latiare
1501 1322 1649 1354 scriben-

189 1368 268 1399 dum
285 1368 462 1399 contendit
485 1369 650 1407 Crucens,
666 1374 706 1400 ut
727 1369 787 1410 ait,
818 1369 981 1400 Lambino
998 1374 1033 1400 et
1053 1369 1172 1400 Modio
1197 1368 1406 1400 auctoribus.
1435 1366 1470 1398 πί
1496 1366 1650 1397 Dardana

190 1412 397 1443 Urat.-—-193
423 1413 571 1453 Coepisset
589 1413 714 1443 Venet.
741 1415 770 1443 l.
794 1415 825 1443 2.
849 1414 881 1442 3.
909 1415 940 1443 4.
971 1412 1086 1443 Parm.
1119 1412 1215 1444 Brix.
1241 1411 1376 1442 Vicent.
1402 1408 1652 1441 Aldd.ceterae

192 1459 272 1485 ante
288 1455 522 1493 Gronovium;
548 1456 699 1495 coepisset
725 1459 854 1486 matrem
871 1455 969 1486 Rom.
985 1465 1032 1486 me
1053 1464 1114 1486 non
1142 1454 1325 1495 prohibente
1352 1453 1468 1484 Bentl.
1496 1451 1540 1482 ad
1561 1451 1645 1483 Hor.

189 1507 244 1528 ιιι.
262 1497 328 1529 Od.
353 1500 384 1529 3.
400 1503 437 1529 et
452 1498 628 1538 Barthius,
646 1497 736 1539 quod
759 1497 904 1537 arripuit
930 1498 1167 1529 Maria—194
1190 1498 1314 1528 Venet.
1331 1499 1361 1528 1.
1377 1501 1414 1527 et
1439 1495 1536 1526 Urat.
1551 1493 1649 1525 tacito

189 1540 321 1582 itwpae'rat
342 1541 487 1572 honorem
502 1553 515 1579 ,·
538 1542 654 1573 Parm.
669 1541 803 1572 tacitum
826 1540 963 1581 inspirat
977 1541 1137 1581 honorem,
1153 1539 1246 1583 quod
1271 1539 1406 1581 recepit
1420 1537 1648 1571 Επεὶ-195

850 1636 991 1669 NOTAE

188 1718 366 1754 tatunique
395 1713 437 1744 ab
461 1712 515 1753 iis,
540 1713 596 1755 qui
625 1722 692 1744 non
720 1712 891 1754 intellige·

191 1764 282 1795 bant.
324 1763 460 1795 Seneca
482 1764 583 1796 Cont.
606 1773 660 1795 ix.
699 1764 709 1781 ‘
724 1763 825 1795 Unde
841 1768 890 1795 ta-

992 1715 1051 1745 191
1071 1713 1151 1749 Quis
1160 1711 1408 1754 septemgemino.»
1418 1710 1572 1751 posuisset
1581 1719 1653 1741 moe-

945 1764 1000 1795 nio
1026 1763 1151 1803 Romoe]
1182 1762 1350 1804 Intelligit
1377 1761 1568 1799 Romulum,
1590 1759 1650 1801 qui

187 1815 255 1846 lem
284 1815 442 1857 patrem?
469 1824 535 1846 non
564 1813 734 1852 irasceris,
766 1813 827 1845 nisi
854 1817 892 1845 ut

189 1867 307 1898 ames!
350 1866 514 1898 Similiter
538 1870 576 1898 ut
605 1866 639 1897 in
667 1865 753 1897 hoc:
789 1865 891 1898 ‘Quo

189 1918 269 1949 mihi
285 1916 484 1950 fortunam.’
527 1917 693 1950 Ovidius:
711 1915 798 1948 ‘Sed
811 1916 890 1949 mihi

188 1974 258 2002 tam
287 1968 409 2000 faciles
446 1968 536 1999 unde
574 1968 738 2009 Deosque
775 1966 893 1999 meos!

187 2021 367 2052 Lucanus:
389 2019 515 2050 ‘Unde
541 2028 642 2060 pares
671 2027 806 2050 somnos
832 2027 892 2059 po-

188 2070 260 2112 puli
276 2074 484 2111 noctemque
502 2068 676 2100 beatam?’
721 2068 894 2109 Designat

188 2125 304 2153 autem
341 2120 492 2160 AEneam,
529 2120 588 2162 qui
626 2120 718 2151 Deos
755 2119 893 2151 Patrios

188 2172 318 2214 eripuit
341 2182 385 2203 ex
416 2170 578 2203 incendio
601 2169 778 2210 Trojano;
802 2169 892 2202 unde

187 2227 330 2255 vocatur
374 2225 482 2263 ruptor
530 2221 695 2252 ardentum
739 2221 891 2252 Deorum.

187 2274 333 2315 Phrygio
345 2272 475 2313 morito]
498 2271 658 2304 Anchisae
673 2270 764 2312 patri
776 2269 891 2302 AEnoae

189 2325 340 2366 Phrygio
354 2334 415 2355 seu
434 2323 592 2363 Trojano.

231 2378 293 2406 190
315 2374 437 2415 Lydius
453 2372 579 2414 Tybris]
597 2371 740 2413 Tyberis
762 2369 892 2403 dicitur

189 2427 321 2469 Lydius,
338 2425 416 2467 quia
431 2434 507 2456 cum
525 2423 613 2465 Lydi
629 2423 663 2454 in
689 2422 890 2454 Hetruriani

188 2478 376 2517 venissent,
395 2476 437 2507 ad
455 2485 548 2507 oram
564 2474 712 2516 Tyberis
724 2473 890 2505 consede-

188 2532 278 2561 runt.
321 2527 448 2560 Strabo
470 2525 531 2557 lib.
551 2536 582 2558 v.
631 2525 775 2567 Dionys.
791 2524 848 2557 lib.
863 2534 889 2557 1.

188 2581 387 2613 Herodotus
409 2579 468 2611 lib.
483 2587 508 2611 1.
551 2582 555 2586 ”

233 2633 322 2664 Meos
347 2629 443 2670 Iulos]
466 2628 507 2660 Id
531 2632 596 2668 est,
617 2631 772 2669 posteros
788 2627 892 2660 Asca-

187 2684 246 2721 nii,
263 2683 319 2724 qui
336 2687 372 2713 et
387 2681 475 2713 Iulus
492 2679 683 2711 nominatus
699 2683 763 2711 est.
788 2679 892 2720 Meos]

190 2736 279 2769 Quia
295 2733 459 2765 Ascanius
481 2731 571 2763 filius
592 2734 667 2764 erat
688 2731 818 2773 AEneae,
834 2731 891 2774 qui

190 2790 266 2819 erat
281 2784 367 2817 filius
379 2782 537 2815 Veneris.

946 1813 1103 1845 condidit
1120 1814 1273 1853 Romam,
1287 1822 1364 1853 quae
1381 1811 1509 1843 dieitur
1519 1813 1650 1852 septem-

942 1866 1082 1906 gemina,
1106 1874 1125 1896 a
1150 1870 1282 1905 septem
1300 1862 1491 1903 montibus,
1499 1870 1584 1903 qnos
1598 1861 1648 1892 in-

946 1922 1000 1948 tra
1016 1925 1112 1947 suum
1128 1914 1291 1947 ambitum
1307 1913 1464 1946 includit.
1507 1913 1565 1945 Sic
1582 1912 1649 1944 Pe—

948 1967 1079 2000 tronius
1095 1967 1105 1984 ⁸
1116 1965 1429 2007 Septemgeminum
1443 1962 1578 1996 Nilum’
1592 1973 1650 1995 vo-

947 2023 1016 2060 cat,
1030 2018 1074 2049 ob
1087 2022 1221 2059 septem
1246 2015 1348 2057 ostia,
1369 2014 1491 2058 quibus
1506 2015 1541 2046 in
1555 2022 1649 2046 mare

948 2069 1130 2102 evolvitur.
1634 2063 1638 2066 ”

991 2123 1053 2152 192
1088 2118 1220 2161 Imperii
1248 2117 1373 2150 latiale
1398 2115 1506 2157 caput]
1540 2116 1648 2148 Roma

948 2171 1038 2202 enini
1059 2175 1137 2202 erat
1159 2173 1263 2209 caput
1283 2167 1418 2209 imperii
1441 2167 1595 2207 Romani,
1614 2171 1650 2198 et

948 2221 1013 2253 sita
1027 2221 1062 2252 in
1078 2220 1194 2259 Latio,
1209 2219 1330 2260 utjam
1345 2217 1504 2249 diximus.

990 2272 1066 2304 Nisi
1080 2272 1234 2303 Dardana
1239 2269 1333 2309 furto
1346 2269 1487 2310 Cepisset
1500 2269 1649 2305 Martem,

946 2333 1001 2354 nec
1038 2332 1086 2354 me
1123 2320 1315 2362 prohibente,
1340 2318 1496 2359 sacerdos]
1530 2318 1649 2350 Iunuit

946 2373 1076 2404 Rlieam
1106 2371 1255 2412 Sylviam
1284 2369 1471 2409 Vestalem,
1507 2378 1584 2411 quae
1615 2368 1648 2399 vi

945 2431 1153 2464 compressa,
1192 2430 1270 2451 cum
1303 2419 1475 2460 geminum
1514 2423 1650 2460 partum

943 2474 1123 2514 edidisset,
1139 2483 1197 2505 seu
1215 2473 1265 2505 ita
1281 2476 1366 2508 rata,
1382 2481 1442 2503 seu
1456 2472 1536 2514 quia
1552 2471 1648 2503 Dens

945 2530 1066 2558 auctor
1080 2525 1191 2566 culpae
1207 2523 1382 2555 honestior
1395 2527 1484 2561 erat,
1499 2522 1647 2553 Martem

947 2577 1088 2608 incertae
1119 2574 1239 2615 stirpis
1269 2577 1400 2614 patrem
1426 2572 1646 2614 nuncupavit.

947 2628 1047 2660 Furto
1060 2625 1189 2667 cepisset
1207 2625 1356 2664 Martem,
1372 2633 1446 2666 pro,
1459 2622 1552 2654 furto
1566 2632 1649 2654 con·

947 2677 1098 2719 cepisset
1113 2685 1156 2707 ex
1170 2676 1294 2707 Marte.

988 2726 1159 2768 Dardana]
1181 2725 1222 2758 Id
1236 2731 1300 2767 est,
1320 2735 1340 2757 a
1354 2725 1525 2767 Trojanis‚
1538 2725 1594 2767 qui
1610 2727 1646 2757 et

947 2778 1113 2820 Dardani,
1136 2776 1291 2811 oriunda.
