<?xml version="1.0" encoding="UTF-8"?>
<!DOCTYPE html PUBLIC "-//W3C//DTD XHTML 1.0 Transitional//EN"
    "http://www.w3.org/TR/xhtml1/DTD/xhtml1-transitional.dtd">
<html xmlns="http://www.w3.org/1999/xhtml" xml:lang="en" lang="en">
 <head>
  <title>
</title>
<meta http-equiv="Content-Type" content="text/html;charset=utf-8" />
  <meta name='ocr-system' content='tesseract 3.04.00' />
  <meta name='ocr-capabilities' content='ocr_page ocr_carea ocr_par ocr_line ocrx_word'/>
</head>
<body>
  <div class='ocr_page' id='page_1' title='image "./operaomniaexedit01statuoft_0030.png"; bbox 0 0 1800 3060; ppageno 0'>
   <div class='ocr_carea' id='block_1_1' title="bbox 179 155 1055 201">
    <p class='ocr_par' dir='ltr' id='par_1_1' title="bbox 179 155 1055 201">
     <span class='ocr_line' id='line_1_1' title="bbox 179 155 1055 201; baseline 0.002 -2"><span class='ocrx_word' id='word_1_1' title='bbox 179 155 238 199; x_wconf 76' lang='lat'><strong>20</strong></span> <span class='ocrx_word' id='word_1_2' title='bbox 777 168 1055 201; x_wconf 65' lang='lat' dir='ltr'><strong>PRAEFA&#39;rro.</strong></span> 
     </span>
    </p>
   </div>
   <div class='ocr_carea' id='block_1_2' title="bbox 178 263 1650 731">
    <p class='ocr_par' dir='ltr' id='par_1_2' title="bbox 178 263 1650 659">
     <span class='ocr_line' id='line_1_2' title="bbox 180 263 1649 320; baseline 0.005 -15"><span class='ocrx_word' id='word_1_3' title='bbox 180 264 318 316; x_wconf 87' lang='lat' dir='ltr'><strong>tiam;</strong></span> <span class='ocrx_word' id='word_1_4' title='bbox 350 276 538 319; x_wconf 89' lang='lat' dir='ltr'><strong>quarum</strong></span> <span class='ocrx_word' id='word_1_5' title='bbox 559 263 838 318; x_wconf 83' lang='lat' dir='ltr'><strong>occasiones,</strong></span> <span class='ocrx_word' id='word_1_6' title='bbox 856 271 911 309; x_wconf 88' lang='lat' dir='ltr'><strong>ut</strong></span> <span class='ocrx_word' id='word_1_7' title='bbox 943 267 1049 309; x_wconf 89' lang='lat' dir='ltr'><strong>mihi</strong></span> <span class='ocrx_word' id='word_1_8' title='bbox 1079 266 1264 320; x_wconf 85' lang='lat' dir='ltr'><strong>videtur,</strong></span> <span class='ocrx_word' id='word_1_9' title='bbox 1287 268 1345 310; x_wconf 89' lang='lat' dir='ltr'><strong>ab</strong></span> <span class='ocrx_word' id='word_1_10' title='bbox 1381 268 1454 312; x_wconf 89' lang='lat' dir='ltr'><strong>his</strong></span> <span class='ocrx_word' id='word_1_11' title='bbox 1484 269 1649 314; x_wconf 86' lang='lat' dir='ltr'><strong>studiis</strong></span> 
     </span>
     <span class='ocr_line' id='line_1_3' title="bbox 178 332 1648 392; baseline 0.006 -19"><span class='ocrx_word' id='word_1_12' title='bbox 178 332 445 386; x_wconf 86' lang='lat' dir='ltr'><strong>longissime</strong></span> <span class='ocrx_word' id='word_1_13' title='bbox 461 332 786 376; x_wconf 84' lang='lat' dir='ltr'><strong>excluduntur:</strong></span> <span class='ocrx_word' id='word_1_14' title='bbox 828 334 945 376; x_wconf 90' lang='lat' dir='ltr'><strong>bene</strong></span> <span class='ocrx_word' id='word_1_15' title='bbox 975 335 1093 377; x_wconf 90' lang='lat' dir='ltr'><strong>enim</strong></span> <span class='ocrx_word' id='word_1_16' title='bbox 1119 335 1232 387; x_wconf 92' lang='lat' dir='ltr'><strong>scio,</strong></span> <span class='ocrx_word' id='word_1_17' title='bbox 1255 349 1346 391; x_wconf 91' lang='lat' dir='ltr'><strong>quo</strong></span> <span class='ocrx_word' id='word_1_18' title='bbox 1375 339 1520 392; x_wconf 88' lang='lat' dir='ltr'><strong>pretio</strong></span> <span class='ocrx_word' id='word_1_19' title='bbox 1548 339 1648 382; x_wconf 85' lang='lat' dir='ltr'><strong>haec</strong></span> 
     </span>
     <span class='ocr_line' id='line_1_4' title="bbox 180 400 1649 458; baseline 0.005 -16"><span class='ocrx_word' id='word_1_20' title='bbox 180 404 224 442; x_wconf 92' lang='lat' dir='ltr'><strong>et</strong></span> <span class='ocrx_word' id='word_1_21' title='bbox 245 400 395 443; x_wconf 91' lang='lat' dir='ltr'><strong>omnia</strong></span> <span class='ocrx_word' id='word_1_22' title='bbox 413 400 663 455; x_wconf 87' lang='lat' dir='ltr'><strong>hujusmodi</strong></span> <span class='ocrx_word' id='word_1_23' title='bbox 684 401 951 444; x_wconf 80' lang='lat' dir='ltr'><strong>aestimanda</strong></span> <span class='ocrx_word' id='word_1_24' title='bbox 972 407 1102 446; x_wconf 89' lang='lat' dir='ltr'><strong>sunt:</strong></span> <span class='ocrx_word' id='word_1_25' title='bbox 1133 416 1236 458; x_wconf 85' lang='lat' dir='ltr'><strong>quae</strong></span> <span class='ocrx_word' id='word_1_26' title='bbox 1258 407 1360 447; x_wconf 87' lang='lat' dir='ltr'><strong>tunc</strong></span> <span class='ocrx_word' id='word_1_27' title='bbox 1382 405 1558 449; x_wconf 89' lang='lat' dir='ltr'><strong>demum</strong></span> <span class='ocrx_word' id='word_1_28' title='bbox 1580 412 1649 450; x_wconf 90' lang='lat' dir='ltr'><strong>to-</strong></span> 
     </span>
     <span class='ocr_line' id='line_1_5' title="bbox 179 468 1647 527; baseline 0.005 -17"><span class='ocrx_word' id='word_1_29' title='bbox 179 468 382 511; x_wconf 85' lang='lat' dir='ltr'><strong>lerabilia</strong></span> <span class='ocrx_word' id='word_1_30' title='bbox 401 468 499 510; x_wconf 90' lang='lat' dir='ltr'><strong>fieri</strong></span> <span class='ocrx_word' id='word_1_31' title='bbox 518 469 754 525; x_wconf 88' lang='lat' dir='ltr'><strong>incipiunt,</strong></span> <span class='ocrx_word' id='word_1_32' title='bbox 778 483 881 513; x_wconf 94' lang='lat' dir='ltr'><strong>cum</strong></span> <span class='ocrx_word' id='word_1_33' title='bbox 912 471 970 513; x_wconf 85' lang='lat' dir='ltr'><strong>ab</strong></span> <span class='ocrx_word' id='word_1_34' title='bbox 1001 471 1148 513; x_wconf 88' lang='lat' dir='ltr'><strong>animo</strong></span> <span class='ocrx_word' id='word_1_35' title='bbox 1169 471 1366 527; x_wconf 86' lang='lat' dir='ltr'><strong>simplici</strong></span> <span class='ocrx_word' id='word_1_36' title='bbox 1387 478 1436 516; x_wconf 87' lang='lat' dir='ltr'><strong>et</strong></span> <span class='ocrx_word' id='word_1_37' title='bbox 1454 475 1647 518; x_wconf 88' lang='lat' dir='ltr'><strong>candido</strong></span> 
     </span>
     <span class='ocr_line' id='line_1_6' title="bbox 180 536 1650 593; baseline 0.006 -15"><span class='ocrx_word' id='word_1_38' title='bbox 180 536 556 591; x_wconf 84' lang='lat' dir='ltr'><strong>proficiscuntur:</strong></span> <span class='ocrx_word' id='word_1_39' title='bbox 589 539 659 581; x_wconf 90' lang='lat' dir='ltr'><strong>sin</strong></span> <span class='ocrx_word' id='word_1_40' title='bbox 677 539 838 589; x_wconf 87' lang='lat' dir='ltr'><strong>minus,</strong></span> <span class='ocrx_word' id='word_1_41' title='bbox 859 540 1116 593; x_wconf 89' lang='lat' dir='ltr'><strong>reponenda</strong></span> <span class='ocrx_word' id='word_1_42' title='bbox 1137 545 1242 582; x_wconf 90' lang='lat' dir='ltr'><strong>sunt</strong></span> <span class='ocrx_word' id='word_1_43' title='bbox 1261 541 1371 583; x_wconf 85' lang='lat' dir='ltr'><strong>inter</strong></span> <span class='ocrx_word' id='word_1_44' title='bbox 1391 541 1547 586; x_wconf 83' lang='lat' dir='ltr'><strong>Flacci</strong></span> <span class='ocrx_word' id='word_1_45' title='bbox 1566 558 1650 588; x_wconf 91' lang='lat' dir='ltr'><strong>nu-</strong></span> 
     </span>
     <span class='ocr_line' id='line_1_7' title="bbox 179 606 980 659; baseline 0.002 -12"><span class='ocrx_word' id='word_1_46' title='bbox 179 618 262 659; x_wconf 89' lang='lat' dir='ltr'><strong>gas</strong></span> <span class='ocrx_word' id='word_1_47' title='bbox 283 619 384 659; x_wconf 87' lang='lat' dir='ltr'><strong>quae</strong></span> <span class='ocrx_word' id='word_1_48' title='bbox 404 608 418 629; x_wconf 92' lang='lat'>‘</span> <span class='ocrx_word' id='word_1_49' title='bbox 441 606 558 647; x_wconf 90' lang='lat' dir='ltr'><strong>seria</strong></span> <span class='ocrx_word' id='word_1_50' title='bbox 579 606 748 647; x_wconf 90' lang='lat' dir='ltr'><strong>ducunt</strong></span> <span class='ocrx_word' id='word_1_51' title='bbox 768 606 812 647; x_wconf 90' lang='lat' dir='ltr'><strong>in</strong></span> <span class='ocrx_word' id='word_1_52' title='bbox 832 607 980 649; x_wconf 87' lang='lat' dir='ltr'><strong>mala.’</strong></span> 
     </span>
    </p>

    <p class='ocr_par' dir='ltr' id='par_1_3' title="bbox 238 671 1649 731">
     <span class='ocr_line' id='line_1_8' title="bbox 238 671 1649 731; baseline 0.007 -18"><span class='ocrx_word' id='word_1_53' title='bbox 238 671 461 714; x_wconf 86' lang='lat' dir='ltr'><strong>Nonnulla</strong></span> <span class='ocrx_word' id='word_1_54' title='bbox 481 674 525 714; x_wconf 91' lang='lat' dir='ltr'><strong>in</strong></span> <span class='ocrx_word' id='word_1_55' title='bbox 541 672 612 714; x_wconf 91' lang='lat' dir='ltr'><strong>his</strong></span> <span class='ocrx_word' id='word_1_56' title='bbox 633 672 787 727; x_wconf 87' lang='lat' dir='ltr'><strong>Sylvis</strong></span> <span class='ocrx_word' id='word_1_57' title='bbox 809 673 1185 729; x_wconf 87' lang='lat' dir='ltr'><strong>depravatissima</strong></span> <span class='ocrx_word' id='word_1_58' title='bbox 1203 679 1334 731; x_wconf 86' lang='lat' dir='ltr'><strong>puto,</strong></span> <span class='ocrx_word' id='word_1_59' title='bbox 1367 681 1414 721; x_wconf 88' lang='lat' dir='ltr'><strong>et</strong></span> <span class='ocrx_word' id='word_1_60' title='bbox 1432 678 1529 721; x_wconf 90' lang='lat' dir='ltr'><strong>sine</strong></span> <span class='ocrx_word' id='word_1_61' title='bbox 1546 680 1649 723; x_wconf 86' lang='lat' dir='ltr'><strong>aliis</strong></span> 
     </span>
    </p>
   </div>
   <div class='ocr_carea' id='block_1_3' title="bbox 179 738 1646 864">
    <p class='ocr_par' dir='ltr' id='par_1_4' title="bbox 179 738 1646 864">
     <span class='ocr_line' id='line_1_9' title="bbox 180 738 1646 800; baseline 0.008 -20"><span class='ocrx_word' id='word_1_62' title='bbox 180 738 531 794; x_wconf 83' lang='lat' dir='ltr'><strong>Exemplaribus</strong></span> <span class='ocrx_word' id='word_1_63' title='bbox 563 754 787 796; x_wconf 90' lang='lat' dir='ltr'><strong>nunquam</strong></span> <span class='ocrx_word' id='word_1_64' title='bbox 819 743 1104 796; x_wconf 87' lang='lat' dir='ltr'><strong>restituenda,</strong></span> <span class='ocrx_word' id='word_1_65' title='bbox 1135 747 1294 800; x_wconf 85' lang='lat' dir='ltr'><strong>utpote</strong></span> <span class='ocrx_word' id='word_1_66' title='bbox 1322 745 1433 790; x_wconf 88' lang='lat' dir='ltr'><strong>forte</strong></span> <span class='ocrx_word' id='word_1_67' title='bbox 1462 748 1646 792; x_wconf 89' lang='lat' dir='ltr'><strong>mutila:</strong></span> 
     </span>
     <span class='ocr_line' id='line_1_10' title="bbox 179 807 892 864; baseline 0.003 -15"><span class='ocrx_word' id='word_1_68' title='bbox 179 808 297 850; x_wconf 87' lang='lat' dir='ltr'><strong>velut</strong></span> <span class='ocrx_word' id='word_1_69' title='bbox 315 807 400 851; x_wconf 92' lang='lat' dir='ltr'><strong>hoc</strong></span> <span class='ocrx_word' id='word_1_70' title='bbox 422 808 612 864; x_wconf 86' lang='lat' dir='ltr'><strong>Epiccd.</strong></span> <span class='ocrx_word' id='word_1_71' title='bbox 633 809 800 852; x_wconf 90' lang='lat' dir='ltr'><strong>Phileti</strong></span> <span class='ocrx_word' id='word_1_72' title='bbox 820 810 892 852; x_wconf 82' lang='grc'><strong>64.</strong></span> 
     </span>
    </p>
   </div>
   <div class='ocr_carea' id='block_1_4' title="bbox 179 920 1474 1717">
    <p class='ocr_par' dir='ltr' id='par_1_5' title="bbox 295 920 1438 980">
     <span class='ocr_line' id='line_1_11' title="bbox 295 920 1438 980; baseline 0.004 -16"><span class='ocrx_word' id='word_1_73' title='bbox 295 920 388 964; x_wconf 90' lang='lat' dir='ltr'><strong>Seu</strong></span> <span class='ocrx_word' id='word_1_74' title='bbox 409 921 623 964; x_wconf 88' lang='lat' dir='ltr'><strong>Lucanus</strong></span> <span class='ocrx_word' id='word_1_75' title='bbox 645 935 765 975; x_wconf 88' lang='lat' dir='ltr'><strong>ager,</strong></span> <span class='ocrx_word' id='word_1_76' title='bbox 788 936 866 965; x_wconf 90' lang='lat' dir='ltr'><strong>seu</strong></span> <span class='ocrx_word' id='word_1_77' title='bbox 886 922 1084 966; x_wconf 87' lang='lat' dir='ltr'><strong>Tibridis</strong></span> <span class='ocrx_word' id='word_1_78' title='bbox 1104 923 1302 980; x_wconf 88' lang='lat' dir='ltr'><strong>impetus</strong></span> <span class='ocrx_word' id='word_1_79' title='bbox 1322 925 1438 969; x_wconf 86' lang='lat' dir='ltr'><strong>altas</strong></span> 
     </span>
    </p>

    <p class='ocr_par' dir='ltr' id='par_1_6' title="bbox 179 991 985 1103">
     <span class='ocr_line' id='line_1_12' title="bbox 293 991 985 1048; baseline 0.001 -15"><span class='ocrx_word' id='word_1_80' title='bbox 293 991 347 1034; x_wconf 90' lang='lat' dir='ltr'><strong>In</strong></span> <span class='ocrx_word' id='word_1_81' title='bbox 369 991 582 1034; x_wconf 80' lang='lat' dir='ltr'><strong>dextrum</strong></span> <span class='ocrx_word' id='word_1_82' title='bbox 606 993 812 1036; x_wconf 84' lang='lat' dir='ltr'><strong>torsisset</strong></span> <span class='ocrx_word' id='word_1_83' title='bbox 831 1006 985 1048; x_wconf 88' lang='lat' dir='ltr'><strong>aquas.</strong></span> 
     </span>
     <span class='ocr_line' id='line_1_13' title="bbox 179 1058 542 1103; baseline 0 -1"><span class='ocrx_word' id='word_1_84' title='bbox 179 1058 288 1102; x_wconf 87' lang='lat' dir='ltr'><strong>Arb.</strong></span> <span class='ocrx_word' id='word_1_85' title='bbox 314 1059 447 1102; x_wconf 89' lang='lat' dir='ltr'><strong>Ated.</strong></span> <span class='ocrx_word' id='word_1_86' title='bbox 469 1062 542 1103; x_wconf 83' lang='lat'><strong>69.</strong></span> 
     </span>
    </p>

    <p class='ocr_par' dir='ltr' id='par_1_7' title="bbox 180 1127 1358 1239">
     <span class='ocr_line' id='line_1_14' title="bbox 293 1127 1358 1184; baseline 0.005 -14"><span class='ocrx_word' id='word_1_87' title='bbox 293 1127 354 1171; x_wconf 87' lang='lat' dir='ltr'><strong>Et</strong></span> <span class='ocrx_word' id='word_1_88' title='bbox 370 1131 538 1170; x_wconf 89' lang='lat' dir='ltr'><strong>secrete</strong></span> <span class='ocrx_word' id='word_1_89' title='bbox 559 1129 728 1184; x_wconf 84' lang='lat' dir='ltr'><strong>palam,</strong></span> <span class='ocrx_word' id='word_1_90' title='bbox 747 1130 823 1184; x_wconf 92' lang='lat' dir='ltr'><strong>qui</strong></span> <span class='ocrx_word' id='word_1_91' title='bbox 845 1130 1011 1184; x_wconf 86' lang='lat' dir='ltr'><strong>digeris</strong></span> <span class='ocrx_word' id='word_1_92' title='bbox 1033 1131 1189 1174; x_wconf 86' lang='lat' dir='ltr'><strong>ordine</strong></span> <span class='ocrx_word' id='word_1_93' title='bbox 1209 1131 1358 1175; x_wconf 86' lang='lat' dir='ltr'><strong>vitam.</strong></span> 
     </span>
     <span class='ocr_line' id='line_1_15' title="bbox 180 1187 589 1239; baseline 0.005 -2"><span class='ocrx_word' id='word_1_94' title='bbox 180 1194 255 1238; x_wconf 91' lang='lat' dir='ltr'><strong>Ad</strong></span> <span class='ocrx_word' id='word_1_95' title='bbox 277 1195 425 1239; x_wconf 84' lang='lat' dir='ltr'><strong>Uxor.</strong></span> <span class='ocrx_word' id='word_1_96' title='bbox 444 1197 516 1239; x_wconf 89' lang='grc'><strong>49.</strong></span> <span class='ocrx_word' id='word_1_97' title='bbox 581 1187 589 1198; x_wconf 78' lang='lat'><em>⁰</em></span> 
     </span>
    </p>

    <p class='ocr_par' dir='ltr' id='par_1_8' title="bbox 179 1264 1474 1376">
     <span class='ocr_line' id='line_1_16' title="bbox 295 1264 1474 1324; baseline 0.003 -18"><span class='ocrx_word' id='word_1_98' title='bbox 295 1264 354 1306; x_wconf 88' lang='lat' dir='ltr'><strong>Et</strong></span> <span class='ocrx_word' id='word_1_99' title='bbox 374 1278 649 1321; x_wconf 86' lang='lat' dir='ltr'><strong>quamquam</strong></span> <span class='ocrx_word' id='word_1_100' title='bbox 671 1267 782 1310; x_wconf 84' lang='lat' dir='ltr'><strong>saevi</strong></span> <span class='ocrx_word' id='word_1_101' title='bbox 800 1266 1000 1310; x_wconf 87' lang='lat' dir='ltr'><strong>fecerunt</strong></span> <span class='ocrx_word' id='word_1_102' title='bbox 1021 1267 1232 1312; x_wconf 80' lang='lat' dir='ltr'><strong>Maenada</strong></span> <span class='ocrx_word' id='word_1_103' title='bbox 1251 1269 1474 1324; x_wconf 81' lang='lat' dir='ltr'><strong>planctus.</strong></span> 
     </span>
     <span class='ocr_line' id='line_1_17' title="bbox 179 1331 568 1376; baseline 0 -2"><span class='ocrx_word' id='word_1_104' title='bbox 179 1331 253 1374; x_wconf 91' lang='lat' dir='ltr'><strong>Ad</strong></span> <span class='ocrx_word' id='word_1_105' title='bbox 270 1332 474 1375; x_wconf 88' lang='lat' dir='ltr'><strong>Marcell.</strong></span> <span class='ocrx_word' id='word_1_106' title='bbox 495 1333 568 1376; x_wconf 82' lang='lat'><strong>83.</strong></span> 
     </span>
    </p>

    <p class='ocr_par' dir='ltr' id='par_1_9' title="bbox 660 1402 1076 1458">
     <span class='ocr_line' id='line_1_18' title="bbox 660 1402 1076 1458; baseline 0.007 -15"><span class='ocrx_word' id='word_1_107' title='bbox 660 1402 960 1458; x_wconf 87' lang='lat' dir='ltr'><strong>proavitaque</strong></span> <span class='ocrx_word' id='word_1_108' title='bbox 980 1407 1076 1446; x_wconf 88' lang='lat' dir='ltr'><strong>toto</strong></span> 
     </span>
    </p>

    <p class='ocr_par' dir='ltr' id='par_1_10' title="bbox 300 1468 765 1513">
     <span class='ocr_line' id='line_1_19' title="bbox 300 1468 765 1513; baseline 0.004 -3"><span class='ocrx_word' id='word_1_109' title='bbox 300 1468 428 1511; x_wconf 85' lang='lat' dir='ltr'><strong>Rura</strong></span> <span class='ocrx_word' id='word_1_110' title='bbox 448 1469 616 1512; x_wconf 87' lang='lat' dir='ltr'><strong>abiisse</strong></span> <span class='ocrx_word' id='word_1_111' title='bbox 636 1470 765 1513; x_wconf 86' lang='lat' dir='ltr'><strong>mari.</strong></span> 
     </span>
    </p>

    <p class='ocr_par' dir='ltr' id='par_1_11' title="bbox 179 1536 1244 1717">
     <span class='ocr_line' id='line_1_20' title="bbox 179 1536 360 1579; baseline -0.011 -1"><span class='ocrx_word' id='word_1_112' title='bbox 179 1536 239 1578; x_wconf 90' lang='lat' dir='ltr'><strong>Et</strong></span> <span class='ocrx_word' id='word_1_113' title='bbox 259 1536 360 1579; x_wconf 76' lang='lat'><strong>102.</strong></span> 
     </span>
     <span class='ocr_line' id='line_1_21' title="bbox 582 1606 1244 1661; baseline 0.006 -14"><span class='ocrx_word' id='word_1_114' title='bbox 582 1619 665 1648; x_wconf 88' lang='lat' dir='ltr'><strong>nec</strong></span> <span class='ocrx_word' id='word_1_115' title='bbox 686 1607 805 1649; x_wconf 90' lang='lat' dir='ltr'><strong>enim</strong></span> <span class='ocrx_word' id='word_1_116' title='bbox 825 1606 1090 1661; x_wconf 81' lang='lat' dir='ltr'><strong>Tirynthius</strong></span> <span class='ocrx_word' id='word_1_117' title='bbox 1113 1608 1244 1652; x_wconf 87' lang='lat' dir='ltr'><strong>almae</strong></span> 
     </span>
     <span class='ocr_line' id='line_1_22' title="bbox 296 1674 711 1717; baseline -0.002 -2"><span class='ocrx_word' id='word_1_118' title='bbox 296 1674 466 1716; x_wconf 86' lang='lat' dir='ltr'><strong>Pectus</strong></span> <span class='ocrx_word' id='word_1_119' title='bbox 485 1675 711 1717; x_wconf 71' lang='lat' dir='ltr'><strong>amicitiae.</strong></span> 
     </span>
    </p>
   </div>
   <div class='ocr_carea' id='block_1_5' title="bbox 178 1775 1651 2651">
    <p class='ocr_par' dir='ltr' id='par_1_12' title="bbox 178 1775 1651 2651">
     <span class='ocr_line' id='line_1_23' title="bbox 182 1775 1649 1831; baseline 0.001 -12"><span class='ocrx_word' id='word_1_120' title='bbox 182 1776 298 1828; x_wconf 84' lang='lat' dir='ltr'><strong>Quae</strong></span> <span class='ocrx_word' id='word_1_121' title='bbox 321 1776 487 1826; x_wconf 89' lang='lat' dir='ltr'><strong>omnia,</strong></span> <span class='ocrx_word' id='word_1_122' title='bbox 507 1775 692 1831; x_wconf 85' lang='lat' dir='ltr'><strong>(praeter</strong></span> <span class='ocrx_word' id='word_1_123' title='bbox 710 1777 830 1818; x_wconf 86' lang='lat' dir='ltr'><strong>istud</strong></span> <span class='ocrx_word' id='word_1_124' title='bbox 862 1775 1051 1831; x_wconf 86' lang='lat' dir='ltr'><strong>Epiced.</strong></span> <span class='ocrx_word' id='word_1_125' title='bbox 1079 1776 1280 1828; x_wconf 88' lang='lat' dir='ltr'><strong>Phileti‚⁶</strong></span> <span class='ocrx_word' id='word_1_126' title='bbox 1311 1776 1366 1818; x_wconf 91' lang='lat' dir='ltr'><strong>de</strong></span> <span class='ocrx_word' id='word_1_127' title='bbox 1386 1789 1477 1831; x_wconf 89' lang='lat' dir='ltr'><strong>quo</strong></span> <span class='ocrx_word' id='word_1_128' title='bbox 1497 1789 1649 1820; x_wconf 85' lang='lat' dir='ltr'><strong>omnes</strong></span> 
     </span>
     <span class='ocr_line' id='line_1_24' title="bbox 181 1842 1651 1901; baseline 0.001 -15"><span class='ocrx_word' id='word_1_129' title='bbox 181 1842 348 1899; x_wconf 88' lang='lat' dir='ltr'><strong>tacent)</strong></span> <span class='ocrx_word' id='word_1_130' title='bbox 379 1844 541 1886; x_wconf 88' lang='lat' dir='ltr'><strong>summi</strong></span> <span class='ocrx_word' id='word_1_131' title='bbox 561 1845 646 1886; x_wconf 87' lang='lat' dir='ltr'><strong>viri</strong></span> <span class='ocrx_word' id='word_1_132' title='bbox 668 1844 925 1887; x_wconf 79' lang='lat' dir='ltr'><strong>Gronovius</strong></span> <span class='ocrx_word' id='word_1_133' title='bbox 955 1849 1001 1887; x_wconf 92' lang='lat' dir='ltr'><strong>et</strong></span> <span class='ocrx_word' id='word_1_134' title='bbox 1032 1844 1274 1888; x_wconf 85' lang='lat' dir='ltr'><strong>Gevartius</strong></span> <span class='ocrx_word' id='word_1_135' title='bbox 1307 1846 1550 1889; x_wconf 88' lang='lat' dir='ltr'><strong>sanissima</strong></span> <span class='ocrx_word' id='word_1_136' title='bbox 1570 1859 1651 1901; x_wconf 89' lang='lat' dir='ltr'><strong>pu-</strong></span> 
     </span>
     <span class='ocr_line' id='line_1_25' title="bbox 179 1913 1651 1968; baseline 0.001 -14"><span class='ocrx_word' id='word_1_137' title='bbox 179 1915 286 1963; x_wconf 88' lang='lat' dir='ltr'><strong>tant,</strong></span> <span class='ocrx_word' id='word_1_138' title='bbox 307 1916 352 1954; x_wconf 93' lang='lat' dir='ltr'><strong>et</strong></span> <span class='ocrx_word' id='word_1_139' title='bbox 372 1913 601 1967; x_wconf 86' lang='lat' dir='ltr'><strong>explicare</strong></span> <span class='ocrx_word' id='word_1_140' title='bbox 622 1917 862 1954; x_wconf 87' lang='lat' dir='ltr'><strong>conantur:</strong></span> <span class='ocrx_word' id='word_1_141' title='bbox 907 1926 989 1966; x_wconf 85' lang='lat' dir='ltr'><strong>ego</strong></span> <span class='ocrx_word' id='word_1_142' title='bbox 1021 1926 1112 1954; x_wconf 91' lang='lat' dir='ltr'><strong>non</strong></span> <span class='ocrx_word' id='word_1_143' title='bbox 1143 1926 1328 1968; x_wconf 90' lang='lat' dir='ltr'><strong>possum</strong></span> <span class='ocrx_word' id='word_1_144' title='bbox 1358 1913 1467 1956; x_wconf 90' lang='lat' dir='ltr'><strong>mihi</strong></span> <span class='ocrx_word' id='word_1_145' title='bbox 1487 1914 1531 1955; x_wconf 93' lang='lat' dir='ltr'><strong>in</strong></span> <span class='ocrx_word' id='word_1_146' title='bbox 1551 1918 1651 1956; x_wconf 87' lang='lat' dir='ltr'><strong>tan-</strong></span> 
     </span>
     <span class='ocr_line' id='line_1_26' title="bbox 178 1980 1650 2035; baseline 0.001 -14"><span class='ocrx_word' id='word_1_147' title='bbox 178 1984 272 2022; x_wconf 91' lang='lat' dir='ltr'><strong>tum</strong></span> <span class='ocrx_word' id='word_1_148' title='bbox 293 1981 544 2035; x_wconf 86' lang='lat' dir='ltr'><strong>imponere3</strong></span> <span class='ocrx_word' id='word_1_149' title='bbox 590 1985 636 2022; x_wconf 90' lang='lat' dir='ltr'><strong>et</strong></span> <span class='ocrx_word' id='word_1_150' title='bbox 655 1980 914 2035; x_wconf 88' lang='lat' dir='ltr'><strong>simpliciter</strong></span> <span class='ocrx_word' id='word_1_151' title='bbox 937 1981 1079 2022; x_wconf 88' lang='lat' dir='ltr'><strong>fateor</strong></span> <span class='ocrx_word' id='word_1_152' title='bbox 1105 1993 1175 2022; x_wconf 90' lang='lat' dir='ltr'><strong>me</strong></span> <span class='ocrx_word' id='word_1_153' title='bbox 1193 1993 1281 2022; x_wconf 88' lang='lat' dir='ltr'><strong>non</strong></span> <span class='ocrx_word' id='word_1_154' title='bbox 1302 1980 1544 2035; x_wconf 88' lang='lat' dir='ltr'><strong>intelligere</strong></span> <span class='ocrx_word' id='word_1_155' title='bbox 1562 1981 1650 2024; x_wconf 84' lang='lat' dir='ltr'><strong>ista</strong></span> 
     </span>
     <span class='ocr_line' id='line_1_27' title="bbox 178 2047 1648 2104; baseline 0.001 -15"><span class='ocrx_word' id='word_1_156' title='bbox 178 2049 281 2091; x_wconf 84' lang='lat' dir='ltr'><strong>loca</strong></span> <span class='ocrx_word' id='word_1_157' title='bbox 298 2062 310 2101; x_wconf 93' lang='lat'>;</span> <span class='ocrx_word' id='word_1_158' title='bbox 341 2048 462 2104; x_wconf 89' lang='lat' dir='ltr'><strong>quod</strong></span> <span class='ocrx_word' id='word_1_159' title='bbox 483 2049 656 2090; x_wconf 88' lang='lat' dir='ltr'><strong>utinam</strong></span> <span class='ocrx_word' id='word_1_160' title='bbox 674 2047 869 2090; x_wconf 86' lang='lat' dir='ltr'><strong>facerent</strong></span> <span class='ocrx_word' id='word_1_161' title='bbox 895 2060 1050 2089; x_wconf 87' lang='lat' dir='ltr'><strong>omnes</strong></span> <span class='ocrx_word' id='word_1_162' title='bbox 1082 2049 1160 2103; x_wconf 90' lang='lat' dir='ltr'><strong>qui</strong></span> <span class='ocrx_word' id='word_1_163' title='bbox 1180 2053 1379 2091; x_wconf 84' lang='lat' dir='ltr'><strong>veterum</strong></span> <span class='ocrx_word' id='word_1_164' title='bbox 1398 2047 1648 2091; x_wconf 88' lang='lat' dir='ltr'><strong>Auctorum</strong></span> 
     </span>
     <span class='ocr_line' id='line_1_28' title="bbox 180 2115 1647 2172; baseline 0 -14"><span class='ocrx_word' id='word_1_165' title='bbox 180 2117 411 2160; x_wconf 89' lang='lat' dir='ltr'><strong>Editiones</strong></span> <span class='ocrx_word' id='word_1_166' title='bbox 446 2122 707 2172; x_wconf 83' lang='lat' dir='ltr'><strong>procurant3</strong></span> <span class='ocrx_word' id='word_1_167' title='bbox 751 2120 795 2158; x_wconf 94' lang='lat' dir='ltr'><strong>et</strong></span> <span class='ocrx_word' id='word_1_168' title='bbox 822 2129 931 2158; x_wconf 90' lang='lat' dir='ltr'><strong>sane</strong></span> <span class='ocrx_word' id='word_1_169' title='bbox 961 2115 1109 2158; x_wconf 87' lang='lat' dir='ltr'><strong>facere</strong></span> <span class='ocrx_word' id='word_1_170' title='bbox 1138 2117 1315 2168; x_wconf 88' lang='lat' dir='ltr'><strong>debent,</strong></span> <span class='ocrx_word' id='word_1_171' title='bbox 1351 2121 1396 2159; x_wconf 88' lang='lat' dir='ltr'><strong>et</strong></span> <span class='ocrx_word' id='word_1_172' title='bbox 1434 2117 1647 2169; x_wconf 74' lang='lat' dir='ltr'><strong>facerent,</strong></span> 
     </span>
     <span class='ocr_line' id='line_1_29' title="bbox 179 2185 1649 2240; baseline 0 -14"><span class='ocrx_word' id='word_1_173' title='bbox 179 2186 262 2226; x_wconf 88' lang='lat' dir='ltr'><strong>nisi</strong></span> <span class='ocrx_word' id='word_1_174' title='bbox 282 2185 469 2240; x_wconf 82' lang='lat' dir='ltr'><strong>puderet</strong></span> <span class='ocrx_word' id='word_1_175' title='bbox 487 2185 618 2228; x_wconf 87' lang='lat' dir='ltr'><strong>fateri</strong></span> <span class='ocrx_word' id='word_1_176' title='bbox 638 2198 688 2227; x_wconf 93' lang='lat' dir='ltr'><strong>se</strong></span> <span class='ocrx_word' id='word_1_177' title='bbox 710 2185 878 2240; x_wconf 87' lang='lat' dir='ltr'><strong>aliquid</strong></span> <span class='ocrx_word' id='word_1_178' title='bbox 899 2198 986 2227; x_wconf 90' lang='lat' dir='ltr'><strong>non</strong></span> <span class='ocrx_word' id='word_1_179' title='bbox 1017 2185 1261 2239; x_wconf 86' lang='lat' dir='ltr'><strong>intelligere</strong></span> <span class='ocrx_word' id='word_1_180' title='bbox 1284 2198 1294 2226; x_wconf 92' lang='lat'>:</span> <span class='ocrx_word' id='word_1_181' title='bbox 1326 2198 1417 2240; x_wconf 85' lang='lat' dir='ltr'><strong>qua</strong></span> <span class='ocrx_word' id='word_1_182' title='bbox 1438 2185 1649 2228; x_wconf 88' lang='lat' dir='ltr'><strong>dissimu-</strong></span> 
     </span>
     <span class='ocr_line' id='line_1_30' title="bbox 179 2253 1648 2296; baseline 0 -2"><span class='ocrx_word' id='word_1_183' title='bbox 179 2254 348 2295; x_wconf 87' lang='lat' dir='ltr'><strong>latione</strong></span> <span class='ocrx_word' id='word_1_184' title='bbox 367 2253 479 2295; x_wconf 93' lang='lat' dir='ltr'><strong>nihil</strong></span> <span class='ocrx_word' id='word_1_185' title='bbox 500 2253 659 2296; x_wconf 90' lang='lat' dir='ltr'><strong>studiis</strong></span> <span class='ocrx_word' id='word_1_186' title='bbox 678 2258 747 2295; x_wconf 88' lang='lat' dir='ltr'><strong>est</strong></span> <span class='ocrx_word' id='word_1_187' title='bbox 759 2253 1031 2295; x_wconf 86' lang='lat' dir='ltr'><strong>damnosius.</strong></span> <span class='ocrx_word' id='word_1_188' title='bbox 1094 2253 1216 2296; x_wconf 92' lang='lat' dir='ltr'><strong>Hinc</strong></span> <span class='ocrx_word' id='word_1_189' title='bbox 1239 2253 1356 2295; x_wconf 90' lang='lat' dir='ltr'><strong>enim</strong></span> <span class='ocrx_word' id='word_1_190' title='bbox 1377 2253 1542 2296; x_wconf 85' lang='lat' dir='ltr'><strong>Lector</strong></span> <span class='ocrx_word' id='word_1_191' title='bbox 1560 2266 1648 2295; x_wconf 91' lang='lat' dir='ltr'><strong>non</strong></span> 
     </span>
     <span class='ocr_line' id='line_1_31' title="bbox 183 2320 1648 2378; baseline 0.001 -16"><span class='ocrx_word' id='word_1_192' title='bbox 183 2321 294 2363; x_wconf 90' lang='lat' dir='ltr'><strong>adeo</strong></span> <span class='ocrx_word' id='word_1_193' title='bbox 316 2322 514 2364; x_wconf 85' lang='lat' dir='ltr'><strong>eruditus</strong></span> <span class='ocrx_word' id='word_1_194' title='bbox 534 2321 632 2378; x_wconf 91' lang='lat' dir='ltr'><strong>(qui</strong></span> <span class='ocrx_word' id='word_1_195' title='bbox 654 2322 808 2377; x_wconf 85' lang='lat' dir='ltr'><strong>plures</strong></span> <span class='ocrx_word' id='word_1_196' title='bbox 828 2324 1029 2374; x_wconf 91' lang='lat' dir='ltr'><strong>numero)</strong></span> <span class='ocrx_word' id='word_1_197' title='bbox 1049 2335 1149 2364; x_wconf 90' lang='lat' dir='ltr'><strong>cum</strong></span> <span class='ocrx_word' id='word_1_198' title='bbox 1169 2322 1214 2363; x_wconf 90' lang='lat' dir='ltr'><strong>in</strong></span> <span class='ocrx_word' id='word_1_199' title='bbox 1232 2321 1324 2363; x_wconf 86' lang='lat' dir='ltr'><strong>tale</strong></span> <span class='ocrx_word' id='word_1_200' title='bbox 1345 2320 1516 2375; x_wconf 87' lang='lat' dir='ltr'><strong>aliquid</strong></span> <span class='ocrx_word' id='word_1_201' title='bbox 1540 2322 1648 2364; x_wconf 91' lang='lat' dir='ltr'><strong>inci-</strong></span> 
     </span>
     <span class='ocr_line' id='line_1_32' title="bbox 182 2389 1648 2446; baseline 0.001 -16"><span class='ocrx_word' id='word_1_202' title='bbox 182 2389 309 2439; x_wconf 91' lang='lat' dir='ltr'><strong>derit,</strong></span> <span class='ocrx_word' id='word_1_203' title='bbox 329 2390 507 2432; x_wconf 85' lang='lat' dir='ltr'><strong>incusat</strong></span> <span class='ocrx_word' id='word_1_204' title='bbox 528 2391 672 2445; x_wconf 87' lang='lat' dir='ltr'><strong>primo</strong></span> <span class='ocrx_word' id='word_1_205' title='bbox 695 2394 921 2446; x_wconf 86' lang='lat' dir='ltr'><strong>stuporem</strong></span> <span class='ocrx_word' id='word_1_206' title='bbox 952 2403 1100 2441; x_wconf 89' lang='lat' dir='ltr'><strong>suum,</strong></span> <span class='ocrx_word' id='word_1_207' title='bbox 1122 2402 1202 2444; x_wconf 89' lang='lat' dir='ltr'><strong>per</strong></span> <span class='ocrx_word' id='word_1_208' title='bbox 1222 2401 1357 2444; x_wconf 88' lang='lat' dir='ltr'><strong>quem</strong></span> <span class='ocrx_word' id='word_1_209' title='bbox 1376 2401 1465 2431; x_wconf 89' lang='lat' dir='ltr'><strong>non</strong></span> <span class='ocrx_word' id='word_1_210' title='bbox 1484 2389 1648 2432; x_wconf 89' lang='lat' dir='ltr'><strong>intelli-</strong></span> 
     </span>
     <span class='ocr_line' id='line_1_33' title="bbox 182 2456 1647 2514; baseline 0.001 -16"><span class='ocrx_word' id='word_1_211' title='bbox 182 2456 244 2509; x_wconf 87' lang='lat' dir='ltr'><strong>git</strong></span> <span class='ocrx_word' id='word_1_212' title='bbox 266 2457 383 2511; x_wconf 90' lang='lat' dir='ltr'><strong>quod</strong></span> <span class='ocrx_word' id='word_1_213' title='bbox 406 2462 579 2500; x_wconf 84' lang='lat' dir='ltr'><strong>ceteros</strong></span> <span class='ocrx_word' id='word_1_214' title='bbox 601 2472 752 2501; x_wconf 88' lang='lat' dir='ltr'><strong>omnes</strong></span> <span class='ocrx_word' id='word_1_215' title='bbox 773 2462 903 2514; x_wconf 87' lang='lat' dir='ltr'><strong>putat</strong></span> <span class='ocrx_word' id='word_1_216' title='bbox 930 2458 1201 2512; x_wconf 82' lang='lat' dir='ltr'><strong>intelligere3</strong></span> <span class='ocrx_word' id='word_1_217' title='bbox 1249 2470 1347 2500; x_wconf 91' lang='lat' dir='ltr'><strong>cum</strong></span> <span class='ocrx_word' id='word_1_218' title='bbox 1369 2459 1514 2499; x_wconf 84' lang='lat' dir='ltr'><strong>tamen</strong></span> <span class='ocrx_word' id='word_1_219' title='bbox 1532 2457 1647 2500; x_wconf 89' lang='lat' dir='ltr'><strong>forte</strong></span> 
     </span>
     <span class='ocr_line' id='line_1_34' title="bbox 182 2525 1648 2582; baseline 0.001 -16"><span class='ocrx_word' id='word_1_220' title='bbox 182 2526 404 2579; x_wconf 85' lang='lat' dir='ltr'><strong>ejusmodi</strong></span> <span class='ocrx_word' id='word_1_221' title='bbox 437 2526 497 2568; x_wconf 89' lang='lat' dir='ltr'><strong>sit</strong></span> <span class='ocrx_word' id='word_1_222' title='bbox 532 2528 650 2582; x_wconf 90' lang='lat' dir='ltr'><strong>quod</strong></span> <span class='ocrx_word' id='word_1_223' title='bbox 684 2540 812 2570; x_wconf 87' lang='lat' dir='ltr'><strong>nemo</strong></span> <span class='ocrx_word' id='word_1_224' title='bbox 844 2539 1041 2581; x_wconf 85' lang='lat' dir='ltr'><strong>unquam</strong></span> <span class='ocrx_word' id='word_1_225' title='bbox 1075 2531 1153 2568; x_wconf 90' lang='lat' dir='ltr'><strong>aut</strong></span> <span class='ocrx_word' id='word_1_226' title='bbox 1171 2525 1403 2576; x_wconf 84' lang='lat' dir='ltr'><strong>intellexit,</strong></span> <span class='ocrx_word' id='word_1_227' title='bbox 1423 2529 1499 2568; x_wconf 86' lang='lat' dir='ltr'><strong>aut</strong></span> <span class='ocrx_word' id='word_1_228' title='bbox 1518 2525 1648 2567; x_wconf 87' lang='lat' dir='ltr'><strong>intel-</strong></span> 
     </span>
     <span class='ocr_line' id='line_1_35' title="bbox 182 2592 1647 2651; baseline 0.002 -18"><span class='ocrx_word' id='word_1_229' title='bbox 182 2592 378 2636; x_wconf 87' lang='lat' dir='ltr'><strong>lecturus</strong></span> <span class='ocrx_word' id='word_1_230' title='bbox 412 2598 495 2637; x_wconf 86' lang='lat' dir='ltr'><strong>est.</strong></span> <span class='ocrx_word' id='word_1_231' title='bbox 555 2596 715 2638; x_wconf 88' lang='lat' dir='ltr'><strong>Statim</strong></span> <span class='ocrx_word' id='word_1_232' title='bbox 750 2595 949 2651; x_wconf 89' lang='lat' dir='ltr'><strong>sequitur</strong></span> <span class='ocrx_word' id='word_1_233' title='bbox 987 2594 1252 2637; x_wconf 86' lang='lat' dir='ltr'><strong>incertitudo</strong></span> <span class='ocrx_word' id='word_1_234' title='bbox 1287 2594 1334 2635; x_wconf 91' lang='lat' dir='ltr'><strong>in</strong></span> <span class='ocrx_word' id='word_1_235' title='bbox 1373 2593 1558 2647; x_wconf 88' lang='lat' dir='ltr'><strong>studiis;</strong></span> <span class='ocrx_word' id='word_1_236' title='bbox 1603 2596 1647 2636; x_wconf 84' lang='lat' dir='ltr'><strong>et</strong></span> 
     </span>
    </p>
   </div>
   <div class='ocr_carea' id='block_1_6' title="bbox 392 2728 1405 2773">
    <p class='ocr_par' dir='ltr' id='par_1_13' title="bbox 392 2728 1405 2773">
     <span class='ocr_line' id='line_1_36' title="bbox 392 2728 1405 2773; baseline 0.001 -14"><span class='ocrx_word' id='word_1_237' title='bbox 392 2732 413 2758; x_wconf 79' lang='grc'>6</span> <span class='ocrx_word' id='word_1_238' title='bbox 437 2729 493 2769; x_wconf 85' lang='grc' dir='ltr'><strong>[ιι.</strong></span> <span class='ocrx_word' id='word_1_239' title='bbox 512 2728 654 2773; x_wconf 58' lang='lat' dir='ltr'><strong>Sylv.{6.</strong></span> <span class='ocrx_word' id='word_1_240' title='bbox 671 2733 724 2763; x_wconf 86' lang='lat'><strong>50.</strong></span> <span class='ocrx_word' id='word_1_241' title='bbox 748 2731 806 2764; x_wconf 83' lang='lat' dir='ltr'><strong>ubi</strong></span> <span class='ocrx_word' id='word_1_242' title='bbox 820 2731 897 2764; x_wconf 85' lang='lat' dir='ltr'><strong>vide</strong></span> <span class='ocrx_word' id='word_1_243' title='bbox 914 2730 1096 2764; x_wconf 81' lang='lat' dir='ltr'><strong>lectionem</strong></span> <span class='ocrx_word' id='word_1_244' title='bbox 1115 2739 1215 2772; x_wconf 79' lang='lat' dir='ltr'><strong>quam</strong></span> <span class='ocrx_word' id='word_1_245' title='bbox 1231 2728 1405 2769; x_wconf 63' lang='lat' dir='ltr'><strong>eruimus]</strong></span> 
     </span>
    </p>
   </div>
  </div>
 </body>
</html>
