1800 3060
554 255 831 288 summum
869 254 965 285 LlB.
1000 254 1074 284 m.
1103 244 1144 283 4.

121 353 324 403 Deliciae,
343 351 643 405 famulumque
662 361 841 404 greges:

1490 240 1578 283 373

871 349 943 390 hic
965 347 1131 402 pocula
1150 359 1306 401 magno

120 422 275 464 Prima
291 419 410 470 duci,
428 418 712 474 myrrhasque
728 430 900 472 graves,
921 416 1215 471 crystallaque
1234 419 1379 471 portat

118 487 388 531 Candidiore
407 499 564 528 manu:
585 487 744 528 crescit
764 497 881 526 nova
900 485 1043 536 gratia
1064 482 1259 524 Baccho.

120 555 235 599 Care
254 568 379 611 puer,
399 555 583 609 Superis
602 554 681 626 qui
703 553 936 608 praelibare
964 551 1205 594 verendum

1517 553 1575 594 60

121 678 251 710 Priora
262 678 397 718 delicia,
410 682 442 710 et
466 677 567 710 tarboe
582 675 797 707 ministr-orm
820 677 1022 706 recesserunt.
1067 673 1134 705 Hic
1148 683 1240 705 mu
1263 674 1442 705 candidiore
1458 674 1577 715 pra-hee

117 721 222 763 prim
244 723 353 762 poeula
367 721 492 760 ingenti
508 718 708 759 Imperatori,
732 721 762 749 et
776 718 887 749 coelata
909 727 984 748 vasa
997 717 1172 758 myrrhina,
1195 727 1232 747 ac
1245 717 1439 758 crystallina.
1485 717 1578 749 Nom

118 766 265 796 amdan
277 765 406 796 additur
417 765 501 796 uino.
544 763 669 794 Dilecto
686 770 779 802 puer,
799 760 853 802 qui
876 761 989 791 electu
1003 769 1036 792 es
1047 761 1090 791 ad
1111 761 1367 800 praeguuandm
1384 763 1460 791 ante
1474 760 1575 792 Dicor

724 857 824 869 ΝΜΟ
827 856 945 869 ΜΝ
948 856 969 869 O

109 925 206 966 sug-it
226 925 382 961 αιιὶείυς
403 924 492 957 uude
504 922 732 956 Marklaudus
747 934 755 954 :

119 968 320 1010 qna-que
331 977 446 1008 graues
456 979 469 1005 ‚-
490 967 675 999 Salmasius
693 922 1119 1006 ΡΙίηἷξῖῗαὲἒιι-ἵξΐῖὸὃ
1140 921 1230 954 ΕΜ·
1247 927 1334 954 ven·
1345 921 1419 954 fere
1435 933 1550 955 omnes
1565 949 1573 956 '

1070 990 1079 998 .
1098 968 1172 996 143.
1188 965 1311 1006 probat
1330 966 1574 999 scribendum:

119 1010 263 1044 nuria
278 1012 350 1042 sive
363 1019 677 1052 aurasquegraues.
701 1010 817 1040 Parni.
835 1010 932 1040 Rom.
947 1014 984 1040 et
1000 1014 1068 1040 vet.
1084 1008 1325 1049 Lindenbrogii
1341 1020 1349 1039 :
1373 1010 1576 1051 myri-hasque

197 1053 307 1095 ,quod
323 1055 357 1085 in
374 1059 507 1086 textum
523 1053 631 1093 recipi
643 1053 748 1094 jussit
763 1051 1005 1083 Marklandus.
1019 1051 1134 1083 Parin.
1148 1052 1355 1092 crystallaque
1369 1056 1580 1091 portet-60.

208 1097 291 1128 Care
306 1106 399 1139 puer,
414 1095 507 1139 quod
533 1105 650 1128 omnes
673 1094 774 1128 codd.
800 1099 835 1126 et
858 1094 937 1127 edd.
965 1099 1050 1127 vett.
1074 1093 1217 1135 habeut,
1240 1093 1333 1126 idem
1349 1095 1573 1128 Marklandus

778 1185 919 1218 No'rAE

161 1254 205 1284 ⁸¹1
227 1250 376 1292 Delieiae]
396 1251 503 1283 Pueri
520 1250 672 1282 delicati.

161 1305 207 1335 58
235 1302 445 1345 atyn-lunae
476 1300 605 1342 muer]
648 1299 822 1341 Intelligit

120 1353 293 1395 myrrhina
308 1363 387 1384 vasa
401 1353 532 1385 ca‘lata.
576 1353 627 1384 Ea
650 1361 731 1383 vasa
750 1351 819 1382 vic-

119 1402 208 1436 toria
233 1403 472 1436 mithridatica
488 1403 523 1434 in
538 1403 656 1435 urbem
671 1401 820 1442 induxit,

119 1454 315 1496 primusque
340 1454 524 1495 Pompeius
547 1463 608 1485 sex
631 1454 756 1494 pocula
776 1463 820 1485 ex

120 1513 165 1536 eo
178 1504 351 1545 triumpho
365 1504 558 1545 Capitoline
572 1503 654 1537 Jovi
669 1503 819 1535 dicavit:

118 1563 196 1596 que
206 1554 361 1596 protinus
369 1553 412 1585 ad
424 1563 521 1585 nsum
530 1553 701 1584 bominum
712 1558 822 1585 trans-

120 1605 207 1644 iere,
235 1609 275 1637 ut
298 1603 408 1636 refert
429 1604 560 1636 Plinius
581 1604 641 1637 lib.
667 1612 819 1636 xxxvii.

119 1664 197 1696 cup.
211 1657 245 1686 2.
269 1654 336 1687 Ille
350 1658 470 1687 auctor
482 1654 609 1687 ibidem
624 1666 632 1687 ε
648 1656 659 1674 ‘
673 1655 819 1696 Oriens,’

118 1706 180 1746 sit,
207 1705 220 1723 ‘
235 1705 413 1748 Myrrhina
437 1706 564 1738 mittit:
601 1706 820 1738 inveniuntur

119 1757 212 1788 enim
225 1755 273 1788 ibi
287 1756 323 1788 iu
339 1756 493 1797 pluribus
515 1756 611 1795 loeis,
634 1764 699 1787 nec
714 1756 818 1798 insig-

121 1806 235 1846 nibus,
248 1807 394 1839 maxime
410 1800 566 1838 Parthici
589 1807 683 1847 regni
695 1817 706 1838 ε
731 1816 818 1848 prae·

118 1857 223 1899 n'pue
236 1862 352 1889 tamen
372 1857 408 1889 iu
423 1857 622 1890 Carmania:
644 1857 819 1890 humorem

121 1913 248 1950 put-nt
272 1908 337 1940 sub
364 1913 459 1941 terra
482 1907 638 1948 densari;
660 1908 819 1950 amplitu-

120 1957 203 1990 dine
227 1968 394 2001 nusquam
413 1968 536 2000 parvos
550 1958 724 1991 excedunt
740 1959 818 1991 aba·

119 2017 200 2048 cos;
221 2008 450 2041 crassitudine
476 2018 565 2048 raro,
590 2013 719 2050 quauta
745 2009 818 2041 dic-

121 2061 196 2089 tum
219 2062 274 2090 est
301 2058 374 2090 vasi
398 2059 544 2100 potorio.
585 2059 753 2100 Splendor
767 2060 818 2091 bis

120 2108 195 2140 sine
224 2108 364 2148 viribus,
391 2109 548 2150 nitorque
577 2109 691 2141 verius
718 2118 818 2150 quam

122 2157 296 2199 splendor.
337 2158 405 2190 Sed
420 2159 454 2190 in
470 2159 583 2199 pretio
598 2159 746 2190 varietas
763 2169 821 2191 co·

121 2210 248 2250 hrum,
270 2209 415 2242 subinde
438 2211 568 2243 circum
590 2211 770 2252 agentibus
783 2221 821 2244 se

122 2260 267 2293 maculis
281 2260 317 2292 in
342 2270 541 2302 purpuram,
559 2261 820 2303 candoremque,

122 2315 163 2344 et
174 2310 314 2344 tertium
338 2320 383 2343 ex
405 2317 553 2354 utroque
571 2312 818 2354 ignescentem,

121 2362 220 2394 velut
240 2371 303 2403 per
324 2362 505 2394 transitum
518 2362 642 2394 coloris
667 2371 820 2403 purpura

123 2411 343 2449 rubescente.
373 2419 432 2444 aut
461 2413 551 2444 lacte
578 2412 820 2445 candescente-

121 2462 275 2505 suntqui
290 2462 435 2494 maxime
451 2461 486 2494 in
499 2463 541 2494 iis
552 2462 695 2495 laudent
707 2467 821 2495 extre-

123 2511 273 2554 mitates,
287 2518 324 2545 et
339 2512 503 2555 quosdam
530 2513 681 2544 colorum
707 2522 822 2555 reper-

123 2573 252 2607 e-sus,
275 2566 394 2608 quales
419 2565 455 2597 iu
471 2565 605 2597 coelesti
628 2575 709 2598 arcu
723 2575 819 2607 spec-

124 2618 263 2648 tantun
284 2616 337 2648 bis
350 2616 652 2658 maculae-pingues
669 2617 820 2657 placent.

122 2663 349 2698 'frmi-cere
373 2665 566 2708 quicquam,
601 2671 663 2698 aut
692 2667 822 2707 pallere

125 2713 246 2746 vitium
271 2720 345 2748 est:
366 2715 450 2748 item
475 2716 576 2756 sales,
602 2724 822 2758 verrucaeque

127 2773 196 2796 uon
215 2765 427 2806 'eminentem
463 2766 523 2797 sed
546 2770 585 2797 nt
612 2766 645 2798 iu
676 2776 822 2808 corpore

128 2815 232 2849 etiam
244 2816 442 2861 plerumque
467 2817 623 2851 sensiles:
645 2818 758 2862 aliqua
785 2823 822 2852 et

873 1249 908 1280 iu
933 1249 1038 1281 odore
1053 1249 1305 1282 commendatio
1320 1251 1398 1283 est!
1442 1251 1581 1284 Fictilia

873 1309 941 1331 non
954 1299 1060 1332 fuisse
1082 1302 1157 1333 vult
1174 1301 1347 1342 myrrhina
1362 1301 1496 1334 Plinius
1512 1303 1574 1335 lib.

873 1359 989 1383 xxxv.
1019 1361 1096 1392 cap.
1122 1355 1173 1384 12.
1200 1352 1259 1384 ubi
1295 1353 1345 1384 ait
1371 1362 1413 1385 eo
1442 1353 1577 1386 venisse

872 1401 1056 1438 luxuriam,
1070 1407 1108 1432 ut
1119 1400 1238 1433 fictilia
1254 1402 1360 1443 pluris
1374 1408 1576 1435 constarent

873 1462 975 1494 quam
1000 1453 1181 1494 myrrhina.
1226 1453 1431 1494 Propertius
1448 1454 1507 1486 lib.
1522 1463 1575 1486 iv,

875 1503 974 1544 Eleg.
1003 1507 1036 1535 5.
1064 1508 1166 1545 putat
1187 1503 1309 1536 fictilia
1338 1503 1457 1545 fuisse,
1493 1505 1575 1536 dum

874 1555 907 1586 iu
943 1554 1145 1586 Parthorum
1169 1555 1311 1587 caminis
1339 1557 1440 1598 coqui
1469 1556 1577 1589 dicit:

873 1605 884 1622 ‘
894 1605 1127 1647 Myrrbeaque
1140 1605 1173 1636 in
1189 1605 1326 1637 Parthis
1341 1607 1465 1648 pocula
1474 1612 1578 1639 cocta

874 1654 983 1688 focis:
1026 1655 1247 1697 Astipulatur
1259 1655 1444 1698 Propertio
1456 1657 1576 1688 Arria·

874 1716 949 1747 nus,
962 1712 1082 1739 auctor
1094 1708 1281 1749 Περι-Ἀοῦς,
1303 1708 1456 1740 scribens
1473 1709 1577 1740 Dios-

872 1757 944 1799 poli
972 1757 1048 1789 fieri
1077 1767 1157 1789 vasa
1187 1758 1375 1799 Myrrhina.
1423 1758 1575 1790 Michael

872 1818 953 1840 vero
964 1809 1155 1849 Mentitus,
1167 1809 1227 1841 lib.
1242 1809 1285 1840 de
1295 1808 1461 1841 fossilinm
1474 1814 1575 1841 natu-

871 1869 921 1899 ra,
942 1860 1121 1892 materiam
1146 1869 1191 1891 ex
1216 1861 1362 1901 myrrbae
1387 1860 1509 1892 arbore
1525 1860 1576 1891 iu-

873 1911 942 1942 cisa
956 1909 1119 1942 fluentem
1135 1911 1170 1942 iu
1182 1920 1325 1942 massam
1341 1911 1578 1951 coagmentari

872 1960 970 2001 dicit,
985 1960 1227 2002 coloribusque
1240 1960 1282 1992 ad
1297 1961 1446 2002 speciem
1456 1960 1577 1992 iuduc-

873 2012 930 2052 tis,
951 2016 1060 2043 artem
1075 2010 1157 2042 inde
1171 2012 1305 2052 potoria
1325 2012 1398 2044 liaec
1418 2021 1501 2043 vasa
1514 2011 1577 2043 fin-

872 2072 966 2103 gere.
1012 2063 1185 2104 Georgius
1201 2062 1367 2104 Agricola
1382 2064 1425 2095 de
1439 2065 1576 2096 Natura

873 2114 1052 2145 Fossilium
1079 2114 1139 2146 lib.
1159 2123 1209 2146 vl.
1236 2116 1416 2146 materiam
1433 2115 1577 2157 myrrhi-

873 2173 991 2195 norum
1016 2173 1183 2206 gemmam
1204 2173 1278 2195 esse
1304 2165 1470 2205 onychem
1487 2165 1577 2196 exis·

873 2216 1020 2256 fimavit,
1038 2216 1097 2248 sed
1114 2215 1285 2247 refellitur
1298 2216 1362 2248 hoc
1384 2217 1459 2248 loco
1475 2217 1579 2258 Capi-

874 2266 972 2298 tolini
987 2267 1021 2297 in
1034 2267 1282 2307 Heliogabalo:
1304 2267 1315 2284 ‘
1329 2267 1370 2298 In
1394 2268 1576 2309 myrrliinis

870 2321 906 2348 et
919 2317 1098 2357 onychinis
1110 2317 1230 2348 lotium
1243 2316 1421 2350 reddidit!
1464 2318 1576 2351 Porro

870 2368 1055 2399 Salmasius
1072 2368 1251 2399 contendit
1266 2369 1408 2411 antiqua
1432 2370 1577 2412 myrrhi-

871 2427 916 2449 na
930 2427 1004 2449 esse
1026 2418 1252 2449 Porcellauea
1267 2423 1397 2459 nostra,
1411 2429 1575 2461 quocum-

873 2477 940 2509 que
965 2467 1067 2499 modo
1088 2468 1190 2499 hodie
1205 2468 1301 2502 fiant.
1339 2470 1575 2513 crystallaque]

874 2518 1006 2549 Pocula
1021 2518 1232 2559 crystallina.

917 2570 960 2599 59
984 2569 1108 2600 Crescit
1132 2578 1212 2600 nava
1229 2570 1340 2609 gratia
1354 2571 1495 2612 Baccho]
1518 2571 1575 2604 Sic

875 2617 1059 2650 Achilleid.
1083 2628 1109 2650 1.
1142 2618 1188 2651 de
1216 2620 1421 2654 Deidamia:
1454 2626 1464 2639 ⁴
1477 2622 1575 2654 Illius

874 2672 912 2700 et
926 2678 1023 2700 roseo
1034 2667 1227 2701 flammatur
1239 2680 1393 2712 purpura
1406 2672 1514 2713 vultu,
1530 2673 1578 2704 Et

876 2719 1017 2760 gemmis
1035 2719 1095 2750 lux
1110 2720 1221 2762 major
1242 2721 1344 2762 inest,
1370 2726 1405 2753 et
1420 2721 1577 2755 blandius

874 2768 1020 2801 aurum.'

917 2822 961 2852 60
983 2819 1173 2862 Proelibare]
1200 2820 1374 2854 Proelibare
1394 2822 1460 2860 hic,
1482 2831 1525 2855 an
1539 2822 1577 2855 τὸ
