1800 3060
245 215 330 258 254
737 225 776 254 P.
811 224 1002 255 PArmu
1037 223 1205 255 surii

245 321 534 363 Conclamare
551 322 659 362 tori:
689 325 852 363 moesta
872 325 915 363 et
933 322 1126 363 lamenta
1143 333 1359 372 sororum,
1671 323 1701 365 5

243 388 302 431 Et
319 388 500 430 fratrum
520 388 736 441 gemitus:
768 393 885 430 arcte
906 393 1071 438 tamen,
1093 391 1136 429 et
1154 387 1310 441 procul
1330 388 1463 430 intrat

241 455 392 497 Altius
411 456 457 496 in
476 468 646 505 sensus,
661 454 920 509 majoraque
941 455 1123 496 vulnera
1142 454 1284 496 vincit

241 522 384 576 Plaga
403 523 557 564 minor.
620 523 864 574 Famulum‚
879 522 1108 578 (quoniam
1127 535 1271 564 rerum
1287 524 1436 565 omnia
1455 537 1579 568 caeca

241 591 317 631 Sic
338 590 494 631 miscet
513 590 707 630 Fortuna
727 602 873 640 manu,
895 603 973 631 nec
994 595 1181 644 pectora
1200 589 1364 644 novit,)

239 657 329 698 Sed
350 656 559 697 famulum
582 656 736 708 gemis,
757 655 887 706 Urse,
902 657 1047 710 pium:
1078 657 1154 698 sed
1173 670 1324 699 amore
1346 658 1520 712 fideque

239 724 342 766 Has
363 723 562 764 meritum
580 723 828 776 lacrymas3
860 724 934 765 cui
949 723 1093 779 major
1113 729 1345 766 stemmate
1360 724 1521 780 juncto

1624 644 1693 705 '10

236 839 306 872 bum
321 845 366 873 est
381 842 494 874 marito
507 842 664 883 deplorare
685 845 807 883 partem
827 842 943 875 deserti
967 843 1052 883 lecti,
1074 843 1189 875 amissa
1203 853 1319 875 uxore.-
1341 847 1374 875 et
1386 844 1494 876 tristes
1506 848 1580 877 sunt
1594 845 1694 878 luctus

236 893 384 924 sororum,
400 889 432 916 et
449 886 586 925 gemitus
594 884 744 923 fratrum.
789 885 880 925 Soepe
907 889 1009 917 tamen
1031 886 1132 918 minor
1156 887 1251 926 plaga
1275 888 1379 926 magis
1403 887 1498 929 afficit
1523 897 1640 929 semus,
1660 892 1692 920 et

233 926 332 958 vincit
345 927 464 966 majora
479 929 615 959 vulnera.
662 927 782 965 Gemie,
806 929 897 967 Urse,
912 938 1045 969 servum,
1057 928 1216 970 (quoniam
1233 929 1279 960 sie
1294 930 1437 961 Fortuna
1459 930 1619 968 confundit
1640 940 1691 962 res

233 973 359 1001 cunctas
375 971 494 1002 incerta
509 980 612 1010 manu,
628 980 683 1001 nec
698 970 824 1011 inspicit
840 971 988 1011 animvm)
1002 973 1056 1002 sed
1071 981 1191 1003 servum
1203 973 1302 1012 pium,
1313 975 1343 1004 et
1358 972 1487 1012 dignam
1501 975 1546 1004 sic
1560 973 1691 1013 plor-ari,

233 1021 337 1044 amore
352 1023 388 1044 ac
392 1013 463 1055 fide
473 1013 507 1044 in
518 1017 561 1054 te,
573 1014 622 1044 cui
629 1013 700 1051 suit
708 1014 806 1053 nwjor
813 1013 940 1045 libertas
951 1023 992 1045 ex
1005 1015 1217 1055 animamarum
1227 1015 1255 1046 si
1266 1015 1295 1046 ei
1309 1016 1441 1047 venisset
1455 1025 1472 1046 e
1483 1025 1607 1055 genere.
1640 1016 1689 1047 Ne

839 1109 1082 1122 “nmmo“

232 1174 313 1207 ose.’
336 1174 525 1206 Markl.—6
547 1174 688 1206 Venett.
706 1177 736 1205 l.
750 1176 780 1205 2.
794 1177 827 1205 3.
842 1177 874 1206 4.
899 1174 1001 1206 Rom.
1018 1174 1157 1207 Vicent.
1172 1174 1275 1208 Aldd.
1299 1175 1407 1209 Colin.
1430 1175 1562 1218 Gryph.
1578 1177 1686 1210 Basil.

230 1218 349 1249 Plant.
373 1217 517 1249 Gevart.
543 1217 698 1248 Grasser.
726 1219 789 1248 διε.
817 1220 913 1257 arcte,
929 1218 982 1249 vel
1005 1221 1096 1256 arte;
1121 1219 1236 1251 Parm.
1259 1220 1301 1250 ad
1325 1222 1367 1251 te.
1412 1220 1586 1251 ‘Verbum
1602 1225 1688 1252 arcte

232 1260 342 1291 minus
357 1264 588 1300 opportunum
615 1259 669 1291 hic
693 1260 771 1291 loci.
816 1260 958 1292 Scribo:
980 1262 1035 1292 dat
1056 1270 1089 1292 se
1115 1265 1230 1301 tamen,
1252 1265 1283 1293 et
1296 1263 1402 1302 procul
1415 1262 1514 1293 intrat
1529 1263 1639 1294 Altius
1654 1264 1688 1295 in

230 1312 346 1334 sensus.
368 1303 426 1334 Sic
447 1302 549 1333 ‘dare
565 1313 600 1334 se
621 1303 654 1333 in
673 1302 826 1333 vincula'
853 1303 964 1343 Livio,
978 1303 1053 1334 &cl
1077 1304 1191 1336 Heius.
1223 1305 1361 1343 ‘Latet‚
1385 1305 1521 1346 opinor,
1544 1306 1685 1337 verbnm

231 1346 372 1387 aliquod
397 1345 646 1377 substantivum
665 1355 672 1376 :
712 1345 842 1385 optime
874 1350 1090 1386 congrueret,
1122 1356 1184 1387 pro
1213 1349 1292 1387 arte,
1318 1348 1535 1387 transpositis
1566 1348 1687 1388 literis,

230 1391 320 1428 aeret,
335 1389 357 1420 i.
368 1398 398 1420 e.
415 1388 522 1420 hoeret.
549 1387 604 1420 An
619 1388 749 1419 voluit?
775 1389 839 1418 alte
854 1391 970 1428 tamen,
984 1392 1014 1419 et
1031 1390 1137 1429 procul
1151 1389 1252 1421 intrat
1267 1389 1388 1428 Altius,
1403 1389 1468 1429 8)·σῖ
1490 1390 1685 1422 Markl.-—9

230 1432 373 1463 Venett.
387 1434 417 1463 1.
431 1433 462 1461 2.
477 1434 553 1463 3-4.
577 1431 690 1462 Parm.
716 1430 815 1461 Rom.
833 1431 967 1463 Vicent.
990 1431 1087 1463 Brix.
1109 1431 1208 1463 Aldd.
1234 1432 1343 1464 Coliu.
1371 1432 1504 1473 Gryph.
1522 1434 1586 1464 διε.
1631 1433 1685 1465 Sic

228 1474 337 1506 miscet
355 1474 497 1506 Fortuna
511 1484 619 1513 niano,
634 1483 689 1504 nec
702 1476 830 1514 pectora
844 1475 952 1505 movit.
996 1474 1006 1491 ‘
1021 1474 1106 1505 Mihi
1125 1475 1239 1515 placet
1252 1484 1327 1506 cum
1345 1475 1419 1506 aliis
1435 1475 1585 1506 scribere
1599 1486 1607 1506 :
1630 1486 1685 1507 nec

226 1520 349 1557 pectore
364 1516 461 1549 novit.
507 1517 603 1548 Dicit
618 1516 707 1547 enim
732 1515 842 1547 Poe'ta
865 1514 1038 1548 fortunam
1060 1526 1128 1548 non
1153 1526 1255 1558 agere
1277 1516 1536 1558 καρδωγνῶστην,
1551 1527 1616 1550 nec
1633 1525 1684 1550 at-

229 1560 372 1591 tendere
396 1559 438 1590 ad
466 1560 678 1591 voluntatem
694 1559 878 1597 hominum,
893 1563 927 1590 et
952 1559 1067 1591 videre
1090 1560 1170 1601 quid
1195 1559 1244 1591 illi
1268 1561 1398 1592 malint.
1445 1560 1502 1592 Ita
1528 1560 1683 1594 Hercule

226 1602 383 1634 Suri-ent.
398 1602 505 1634 dixit:
517 1603 527 1620 ‘
538 1602 564 1633 si
577 1611 687 1633 mores
700 1601 914 1642 humanaque
928 1607 1070 1642 pectora
1081 1612 1172 1634 curae
1182 1603 1290 1634 Nosse
1303 1602 1412 1635 Deis?
1446 1603 1579 1635 Gevart.
1596 1603 1685 1636 Gro-

227 1646 348 1676 novius
358 1645 469 1677 Diatr.
481 1655 555 1685 cap.
565 1648 619 1676 21.
635 1645 719 1685 legit
735 1646 745 1662 ‘
763 1644 801 1675 Si
815 1645 920 1675 miscet
934 1645 973 1676 F.
989 1655 1095 1685 manu,
1109 1655 1165 1676 nec
1175 1655 1206 1686 p.
1219 1645 1312 1676 morit
1322 1656 1335 1683 ;
1355 1646 1439 1677 licet
1450 1646 1588 1678 Elench.
1613 1646 1682 1679 An-

227 1687 355 1719 tidiatr.
371 1698 447 1728 cap.
461 1691 491 1719 3.
508 1687 602 1719 dicat
617 1698 652 1719 se
665 1687 742 1718 ideo
758 1691 887 1718 tantum
902 1688 1082 1727 protulisse
1094 1687 1180 1719 banc
1191 1688 1437 1729 conjecturam,
1449 1688 1571 1730 ut'ejns
1583 1699 1681 1721 occa-

227 1731 321 1762 sione
335 1731 469 1771 Siiium,
484 1730 630 1762 Statium
648 1730 740 1768 alibi,
756 1731 928 1761 Lucanum
945 1735 980 1760 et
996 1731 1075 1762 Val.
1094 1731 1253 1762 Flaccum
1269 1731 1470 1763 emendaret
1485 1737 1520 1762 et
1534 1732 1680 1764 illustra-

227 1773 303 1806 ret!
326 1774 532 1805 Markl.—10
556 1774 652 1805 Rom.
665 1772 887 1811 Secisamulum
898 1772 999 1812 gemis
1013 1783 1105 1814 usque
1117 1774 1316 1814 piam—ll.
1333 1776 1374 1805 12
1397 1774 1468 1806 Pro
1474 1773 1586 1813 juncto
1602 1775 1682 1806 Lin-

226 1816 432 1857 denbrogius
447 1816 646 1857 conjecerat
659 1819 767 1847 cuncto
783 1825 793 1846 .·
813 1815 1015 1847 Bernartius
1032 1825 1113 1847 vero
1130 1816 1214 1856 legit
1229 1821 1264 1847 et
1287 1816 1469 1856 distinguit
1483 1828 1491 1848 ε
1515 1817 1566 1848 cui
1579 1818 1680 1858 major

224 1862 397 1899 stemmate,
413 1859 504 1898 justa
522 1858 692 1890 Nobilitas.
735 1859 744 1876 ‘
761 1858 886 1899 Inepte
900 1869 910 1897 ;
941 1867 1019 1889 nam
1037 1858 1184 1896 junctum
1213 1862 1343 1890 stemma
1371 1859 1426 1890 hic
1456 1859 1583 1901 posuit,
1615 1870 1678 1901 pro

227 1902 419 1943 propinquo
434 1901 623 1933 nobilitatis
642 1901 760 1942 gradu,
775 1910 842 1942 quo
859 1901 1004 1942 aliquem
1031 1902 1268 1942 contingimus.
1311 1901 1368 1932 Ita
1383 1901 1496 1934 Theb.
1515 1910 1556 1933 ΙΙ.
1578 1902 1588 1919 ‘
1601 1911 1678 1934 san-

225 1945 362 1987 guinem
377 1944 536 1986 junctum
551 1944 560 1958 '
573 1944 670 1976 dixit.
717 1944 835 1976 Malim
854 1943 956 1976 etiam
981 1944 1097 1985 legere
1121 1944 1257 1976 literula
1277 1943 1396 1978 addita
1408 1944 1491 1986 fluit
1506 1953 1567 1986 pro
1583 1945 1678 1984 suit)

880 2037 1020 2082 NoTAE

265 2122 284 2151 5
310 2116 524 2159 Conclamare]
547 2116 626 2149 Hoc
642 2125 685 2148 ex
699 2124 805 2147 more.
834 2115 924 2147 Nam

221 2168 447 2203 conclamatio
463 2168 535 2199 sive
552 2166 790 2207 comploratio,
806 2166 922 2197 statim

221 2230 262 2252 ac
274 2218 454 2251 defunctus
469 2218 700 2259 expiraverat,
711 2215 816 2247 fiebat
829 2216 861 2246 in
879 2225 923 2247 ae-

221 2271 334 2311 dibus,
363 2274 400 2301 et
430 2273 507 2301 erat
531 2268 632 2299 index
659 2267 801 2299 mortis:
831 2266 922 2298 unde

219 2321 350 2362 ‘palam
370 2319 502 2352 factum
519 2327 595 2350 esse
607 2317 616 2331 '
639 2327 680 2349 ea
703 2317 745 2348 de
762 2325 855 2357 aegro
871 2315 920 2347 di-

220 2371 360 2411 cebant,
404 2369 501 2412 quasi
547 2369 609 2400 hac
647 2367 920 2399 conclamatione

219 2421 428 2463 publicatam
444 2430 521 2452 esse
536 2423 679 2451 mortem
695 2421 864 2458 notarent,
881 2420 920 2448 ut

218 2472 346 2504 docent
356 2470 493 2502 eruditi.

261 2524 281 2554 7
305 2522 433 2561 Majora
448 2520 589 2561 rulnera]
611 2520 653 2552 Id
680 2524 747 2559 est,
770 2518 917 2550 amissio-

217 2582 296 2605 nem
310 2581 426 2604 eorum
444 2572 499 2612 qui
512 2572 619 2611 magis
636 2570 811 2611 conjuncti
823 2573 915 2601 sunt.

222 2621 344 2663 Vincit]
365 2621 503 2654 Dotoris
519 2621 764 2662 magnitudine.

260 2676 281 2705 8
302 2673 408 2713 Plaga
434 2670 552 2712 minor]
574 2672 671 2703 Mors
695 2671 804 2703 minus
833 2680 913 2703 con-

210 2723 340 2765 juncti.

258 2776 280 2806 9
303 2774 373 2806 Nec
382 2776 510 2815 pectora
519 2771 621 2813 novit]
643 2772 767 2804 Mens:
792 2773 915 2806 Fortu·

977 2125 1023 2146 na
1049 2124 1114 2147 non
1138 2114 1290 2157 respicit,
1319 2114 1400 2157 quid
1423 2115 1566 2156 animus,
1589 2123 1676 2156 prae-

978 2166 1124 2198 stantior
1160 2166 1232 2197 sine
1270 2165 1502 2197 controversia
1532 2164 1676 2198 hominis

977 2227 1068 2258 pars,
1083 2220 1119 2249 et
1134 2217 1222 2249 unde
1236 2217 1294 2249 ille
1307 2216 1676 2257 aestimandus,merea·

977 2271 1043 2299 tur.
1091 2267 1248 2300 Qualiter
1275 2268 1331 2299 liic
1361 2267 1532 2307 Philetus,
1557 2274 1676 2298 servus

974 2321 1087 2358 natus,
1107 2318 1269 2359 majorem
1287 2318 1434 2349 animum
1457 2317 1577 2349 habuit
1594 2325 1673 2348 con-

974 2367 1104 2399 ditione
1127 2377 1199 2409 sua,
1222 2374 1259 2400 et
1279 2368 1402 2409 dignus
1414 2367 1548 2408 fuisset,
1561 2368 1589 2398 si
1606 2367 1672 2398 for-

974 2422 1067 2450 tunae
1097 2428 1179 2450 cura
1200 2423 1292 2450 esset
1323 2428 1435 2450 mores
1456 2418 1672 2459 humanaque

973 2473 1118 2508 pectora
1153 2478 1263 2510 nosse,
1296 2468 1384 2500 liber
1419 2467 1525 2500 nasci.
1571 2467 1671 2499 Nosse

971 2519 1061 2550 enim
1072 2523 1126 2551 est
1141 2528 1363 2560 cognoscere,
1379 2518 1570 2559 inspicere3
1586 2521 1622 2549 nt
1635 2517 1668 2549 in

969 2569 1078 2601 Theb.
1094 2579 1130 2601 x.
1158 2571 1167 2588 ‘
1180 2570 1290 2601 Nosse
1306 2568 1424 2600 futura
1439 2566 1587 2609 rogant!

1012 2621 1054 2650 10
1081 2621 1196 2652 Amore
1220 2618 1362 2661 fideque]
1406 2618 1447 2650 In
1483 2617 1669 2659 dominum,

968 2670 1101 2711 supple.

1010 2723 1050 2752 11
1077 2720 1137 2751 Cui
1150 2718 1251 2760 major
1266 2722 1428 2751 stemmate
1439 2718 1551 2758 ,iuncto
1568 2719 1670 2751 Nobi-

967 2771 1042 2803 litas
1062 2768 1242 2813 [Libertas]
1263 2779 1303 2802 es
1317 2772 1418 2802 mente
1433 2768 1520 2811 fuit]
1544 2768 1586 2802 Id
1599 2774 1666 2811 est,
