1800 3060
585 182 626 212 P.
660 179 849 211 ΡΛΡΙΝΗ
887 177 1052 209 sTATu
1090 178 1222 208 νιΤΑ.
1572 168 1629 209 25

173 279 303 335 atque
336 277 505 320 idcirco
542 275 692 317 durior
729 279 779 315 et
816 274 1120 316 inconcinnior
1157 273 1326 314 alicubi
1358 273 1627 327 quibusdam

174 347 358 398 videtur,
388 357 525 400 quam
555 343 679 386 Junii
712 341 921 392 Maximi,
948 341 1032 383 viri
1050 341 1430 396 eloquentissimi,
1453 341 1627 396 judicio

171 415 429 468 monituque
467 412 728 468 publicavit.
805 410 1124 452 Antimachum
1161 413 1417 464 argumento
1456 415 1631 451 tantum

171 483 384 534 imitatus,
402 493 503 523 nam
531 480 686 535 phrasi
718 479 794 521 ille
819 478 1019 520 tumidus
1049 483 1095 520 et
1123 478 1271 528 laxus,
1302 478 1376 520 hic
1414 478 1552 520 durus
1583 482 1631 518 et

172 551 348 594 arctior.
407 549 522 592 Item
544 547 759 590 Achilleis
781 547 1055 602 imperfecta,
1075 547 1124 588 in
1137 559 1229 602 qua
1248 546 1381 601 longe
1401 547 1502 601 plus
1523 545 1630 587 doc·

171 618 230 661 tis
258 618 540 674 quibusdam,
573 630 710 672 quam
730 617 778 658 in
795 615 1022 657 Thebaide
1042 621 1254 670 praestare
1274 614 1465 656 videtur.
1523 613 1631 656 Non

173 686 349 729 defuere
368 686 519 737 etiam,
538 686 612 740 qui
632 683 889 727 Achilleida
907 685 1049 739 ipsam
1060 684 1306 739 perfectam
1318 683 1456 725 fuisse
1473 682 1633 724 existi-

172 755 348 806 marint,
377 754 460 796 sed
497 753 730 808 reliquum,
760 751 884 806 quod
917 751 1056 802 deest,
1091 750 1380 806 deperditum,
1416 756 1469 791 ut
1497 751 1632 792 etiam

175 823 342 865 diutius
376 822 526 878 Sylvae
558 822 745 871 fuerunt,
776 820 869 871 alii,
896 820 1016 875 quod
1036 820 1262 870 habemus,
1283 820 1498 873 integrum
1519 832 1633 870 esse,

171 891 344 946 utrique
371 904 549 945 magno,
581 895 632 931 ut
660 893 784 944 puto,
822 889 912 931 acti
941 901 1099 939 errore,
1126 892 1171 930 et
1190 887 1438 929 manifestis
1459 887 1632 942 pridem

175 959 443 1012 argumentis
472 958 667 1013 explosi.
727 957 963 1000 Proditum
999 962 1081 1008 est,
1114 970 1218 999 cum
1237 954 1492 999 Achilleida
1512 963 1634 997 esset

174 1026 493 1082 descripturus,
514 1026 765 1082 Crispinum
784 1026 936 1068 Vectii
960 1026 1121 1068 Bolani
1143 1025 1296 1075 filium,
1328 1024 1499 1068 clarum
1520 1024 1635 1065 mili-

173 1094 239 1136 tia
250 1093 471 1149 juvenem,
501 1095 587 1137 sibi
606 1095 913 1150 proposuisse.
973 1094 1222 1149 Utramque
1243 1106 1348 1136 vero
1372 1092 1634 1148 Imperatori

177 1162 434 1205 Domitiano
460 1162 641 1205 dicavit.
700 1162 869 1206 Extant
887 1168 934 1205 et
952 1164 1147 1218 quinque
1167 1162 1401 1217 Sylvarum
1427 1161 1544 1210 libri,
1575 1173 1635 1201 ex

177 1230 335 1285 quibus
354 1235 399 1273 et
415 1231 646 1274 vehemens
667 1230 711 1272 in
737 1245 791 1273 eo
822 1231 1047 1287 poiimatis
1077 1244 1233 1286 genere
1263 1230 1396 1280 illius,
1429 1235 1475 1270 et
1505 1241 1635 1282 paenc

177 1299 484 1354 extemporale
519 1300 758 1354 ingenium,
790 1304 834 1342 et
870 1299 1067 1342 subitum
1107 1299 1313 1348 calorem,
1343 1301 1394 1339 ut
1428 1297 1527 1351 ipse
1555 1296 1635 1346 ait,

176 1368 404 1422 percipere
423 1368 624 1422 possitis·
682 1368 755 1411 De
787 1369 952 1423 quibus
983 1368 1162 1423 quidem
1194 1366 1378 1421 Papinii
1399 1364 1549 1421 Sylvis
1570 1364 1635 1405 sic

176 1434 448 1491 Apollinaris
466 1436 510 1478 in
530 1436 922 1493 hendecasyllabo,
937 1437 995 1480 ad
1012 1435 1235 1478 Felicem:

462 1524 525 1567 At
545 1539 645 1568 cum
666 1526 780 1568 forte
797 1526 960 1582 pedum
978 1526 1147 1568 minore
1166 1523 1366 1585 rhythmo

464 1593 615 1648 Pingit
633 1606 836 1647 gemmea
852 1598 983 1649 prata
1002 1592 1304 1649 Sylvularum.

179 1683 251 1725 Ex
270 1683 442 1734 iisdem,
462 1683 661 1738 inquam,
682 1683 831 1738 Sylvis
856 1686 901 1725 et
932 1683 1105 1726 amicos
1139 1685 1182 1724 et
1215 1681 1451 1731 fortunam,
1473 1685 1518 1722 et
1538 1681 1638 1723 reli-

178 1764 312 1806 quam
330 1751 487 1806 ipsius
518 1751 670 1806 po’etae
700 1751 838 1793 vitam
866 1751 1000 1794 facile
1036 1749 1332 1805 cognoscetis.
1392 1748 1637 1803 Scripsisse

178 1822 399 1874 praeterea
416 1819 677 1874 tragoediam
698 1832 725 1861 a
743 1819 962 1861 nonnullis
992 1819 1304 1870 existimatu13
1339 1817 1472 1872 idque
1500 1816 1640 1859 Juve-

178 1887 293 1928 nalis
312 1886 491 1929 innuere
510 1887 695 1939 videtur,
724 1892 778 1929 nt
810 1900 918 1929 mox
947 1887 1110 1929 dicam.
1170 1886 1278 1928 Non
1304 1885 1491 1927 multum
1521 1885 1637 1927 adeo

180 1953 370 1996 Statium
392 1967 419 1995 a
438 1967 620 1996 suorum
640 1959 890 2009 temporum
911 1954 1218 2009 Scriptoribus
1245 1958 1440 1996 amatum
1460 1966 1516 1995 ea
1533 1955 1638 1996 rati-

181 2034 264 2064 one
281 2021 461 2075 collig0,
483 2022 603 2077 quod
621 2023 678 2064 ab
697 2022 755 2064 iis
776 2022 877 2077 ejus
892 2023 1060 2065 nullam
1079 2022 1170 2064 fere
1191 2022 1455 2064 mentionem
1471 2020 1640 2063 factam

181 2089 329 2141 video,
346 2094 647 2145 praeterquam
666 2091 724 2132 ab
744 2090 775 2133 J
778 2092 983 2143 uvenale,
1020 2090 1098 2146 qui
1127 2094 1173 2132 et
1200 2089 1324 2132 illum
1348 2089 1639 2144 perstringere

181 2157 333 2211 potius
371 2158 553 2201 satirice
587 2159 777 2210 videtur,
812 2173 946 2214 quam
976 2157 1177 2209 laudare,
1207 2158 1275 2200 ita
1302 2157 1420 2199 enim
1442 2156 1561 2199 canit
1594 2156 1639 2197 in

182 2226 370 2280 septima
391 2238 402 2268 ε
1261 2240 1264 2242 ·

352 2298 549 2342 Curritur
569 2300 627 2343 ad
649 2314 809 2344 vocem
823 2301 1085 2356 jucundam,
1105 2305 1150 2344 et
1170 2313 1348 2343 carmen
1368 2298 1524 2341 amicae

351 2367 624 2421 Thebaidos,
634 2369 785 2413 laetam
803 2369 915 2412 fecit
933 2383 1036 2412 cum
1055 2369 1227 2411 Statius
1246 2367 1411 2418 urbem,

351 2434 657 2491 Promisitque
677 2437 795 2480 diem
813 2451 825 2491 ;
850 2440 978 2480 tanta
998 2436 1237 2480 dulcedine
1257 2438 1411 2490 captos

350 2501 504 2546 Afficit
522 2505 599 2547 ille
620 2506 809 2558 animos,
830 2509 1042 2562 tantaque
1061 2505 1247 2547 libidine
1265 2503 1387 2558 vulgi

349 2569 566 2615 Auditur:
591 2573 674 2615 sed
693 2586 795 2616 cum
815 2573 948 2628 fregit
965 2572 1187 2615 subsellia
1203 2584 1351 2622 versu,

352 2638 519 2692 Esurit,
537 2641 751 2685 intactam
772 2642 929 2685 Paridi
948 2643 1039 2684 nisi
1057 2641 1222 2685 vendat
1238 2639 1452 2694 Agavem.

185 2721 285 2766 Nec
304 2723 413 2768 illud
433 2725 479 2768 in
497 2728 741 2781 praesentia
759 2727 887 2773 vobis
907 2726 1173 2779 reticuerim,
1205 2723 1326 2780 quod
1354 2728 1424 2767 est
1457 2724 1514 2766 ab
1546 2722 1642 2766 Ali-
