1800 3060
217 192 275 234 90
715 204 756 234 Ρ.
791 204 982 235 PAPlNu
1016 205 1180 236 s'rA'ru

216 296 444 340 Vulnera:
475 311 559 354 pro
580 301 747 353 quanta
767 304 838 341 est
861 300 1026 355 Paphii
1045 300 1306 351 reverentia,
1329 306 1483 354 mater,

221 365 458 408 Numinis!
489 367 562 408 hic
582 372 750 410 nostrae
773 368 950 410 deflevit
970 369 1063 410 fata
1085 368 1329 412 Columbae.

215 433 433 487 Dixerat;
465 440 510 476 et
532 441 682 477 tenera
702 436 858 477 matris
877 437 1049 478 cervice
1069 437 1283 491 pependit

214 502 428 553 Blandus,
450 506 495 544 et
514 503 708 545 admotis
728 505 941 558 tepefecit
961 509 1145 558 pectora
1158 506 1329 560 pennis.

213 570 301 612 Illa
320 570 461 624 refert,
478 572 605 613 vultu
626 585 715 612 non
735 577 970 627 aspernata
988 573 1160 627 rogari:

212 637 396 680 Grande
419 639 611 693 quidem,
631 652 862 696 rarumque
883 642 1006 693 viris,
1028 655 1143 697 quos
1164 642 1267 696 ipsa
1285 642 1490 696 probavi,

211 706 388 748 Pierius
407 710 558 748 votum
570 706 750 761 juvenis
771 709 914 763 capit:
945 709 1061 751 hanc
1077 723 1176 764 ego,
1193 710 1346 752 formae

209 774 447 828 Egregium
466 775 626 816 mirata
646 775 797 826 decus,
818 778 891 818 cui
912 777 1053 830 gloria
1071 781 1246 831 patrum

210 841 270 884 Et
288 843 460 896 generis
482 845 685 886 certabat
702 845 859 896 honos,
885 845 1038 887 tellure
1059 845 1290 887 cadentem

1588 575 1674 618 105

209 946 240 974 et
262 951 334 974 suas
347 943 494 983 antiquae
507 944 629 985 plagas.
672 945 837 981 Quantum
851 949 1017 977 veneratur
1033 945 1191 986 Paphiam
1205 954 1329 985 numen,
1342 955 1360 976 ο
1371 944 1518 985 genitrix
1527 943 1544 976 Ι
1565 945 1670 986 plora·

207 986 254 1017 vit
269 989 397 1018 mortem
413 990 528 1018 nostra»
549 987 708 1019 columbae.
753 988 862 1026 Dixit,
884 992 915 1021 et
930 989 1062 1020 blandus
1084 988 1232 1030 pependit
1245 998 1262 1020 e
1277 988 1363 1020 moui
1375 988 1452 1019 collo
1464 988 1616 1029 parentis,
1639 992 1671 1021 et

206 1028 354 1069 tepefecit
375 1033 482 1070 pectus
500 1030 566 1070 ejus
580 1031 715 1063 admotis
727 1032 796 1064 alie.
842 1033 905 1064 Illa
930 1032 1101 1073 respondit,
1119 1033 1252 1064 innuens
1277 1031 1378 1070 vultu,
1400 1040 1434 1063 se
1455 1041 1515 1063 non
1537 1031 1671 1063 invitam

206 1073 312 1104 orari:
337 1072 461 1104 Pierius
467 1074 595 1113 juvenis
609 1078 698 1115 optat
719 1084 830 1106 munus
843 1079 926 1107 certe
939 1085 1098 1114 magnum,
1113 1078 1144 1107 et
1158 1075 1222 1106 tale
1244 1084 1318 1106 raro
1331 1074 1466 1106 concessi
1482 1074 1669 1114 hominibus,

206 1125 281 1155 quos
295 1115 363 1155 ipsa
377 1116 480 1156 magis
494 1117 604 1148 dilexi.
646 1119 718 1158 Ego
733 1118 812 1149 kam:
825 1118 930 1158 excepi
945 1121 1132 1157 nascentem,
1147 1121 1178 1149 et
1187 1116 1257 1157 fovi
1271 1117 1306 1148 in
1320 1127 1385 1149 meo
1398 1117 1531 1157 gremio,
1551 1117 1669 1149 mirata

205 1159 367 1198 egregiam
381 1160 448 1199 ejus
459 1160 734 1202 pulchritudinem,
756 1161 806 1192 cui
816 1171 878 1202 par
892 1165 961 1193 erat
980 1162 1086 1201 gloria
1111 1161 1272 1201 majorum,
1291 1163 1323 1192 et
1344 1160 1496 1192 natalium
1510 1160 1666 1200 splendor.

1013 1253 1054 1266 «ee

204 1303 317 1344 Epist.
333 1304 435 1336 Tom.
452 1315 488 1338 ν.
510 1316 542 1347 ρ.
558 1308 635 1337 533.
647 1307 742 1339 Τοηι.
760 1315 802 1339 Π.
819 1316 853 1347 p.
867 1309 943 1339 747.
960 1310 997 1338 et
1012 1306 1045 1338 in
1063 1306 1210 1340 Advers.
1227 1318 1260 1349 p.
1279 1310 1356 1340 604.
1371 1306 1457 1349 legit
1472 1305 1561 1338 Hinc
1572 1305 1664 1346 ‚iuve-

202 1357 279 1378 num
288 1348 424 1388 plausus,
442 1356 501 1380 aut
517 1349 605 1381 Hinc
609 1349 720 1388 juveni
734 1351 872 1390 plausus.
894 1350 991 1382 Vatt.
1009 1353 1040 1381 2.
1052 1353 1084 1382 3.
1097 1351 1179 1383 Par.
1196 1354 1231 1383 et
1247 1351 1374 1383 Venet.
1391 1353 1422 1382 1.
1434 1353 1490 1381 aut
1502 1352 1665 1387 extrema,-

202 1390 314 1422 codex
331 1391 428 1424 Voss.
444 1398 479 1423 et
494 1393 592 1424 Rom.
614 1396 669 1424 aut
690 1397 842 1430 exterum
865 1393 965 1425 Vatt.
992 1396 1022 1426 1.
1045 1396 1078 1425 4.
1101 1393 1183 1425 haud
1204 1397 1366 1431 extremm·
1389 1393 1489 1425 Urat.
1505 1393 1588 1424 haud
1608 1403 1665 1424 ex-

202 1435 318 1469 terna:
345 1434 463 1466 Parm.
492 1435 631 1467 Vicent.
658 1441 694 1466 et
718 1436 859 1468 Venett.
882 1438 915 1467 2.
938 1439 970 1468 3.
990 1439 1024 1468 4.
1047 1439 1103 1468 aut
1129 1440 1283 1468 exterma:
1309 1435 1412 1469 Aldd.
1435 1438 1467 1469 1.
1493 1438 1525 1467 2.
1554 1435 1664 1468 Colin.

203 1476 338 1517 Gryph.
357 1480 386 1509 l.
401 1480 432 1509 2.
450 1478 555 1510 Basil.
573 1482 601 1510 l.
614 1482 646 1511 2.
662 1479 767 1510 Bern.
783 1479 929 1511 Gevart.
945 1482 1010 1511 ὄις.
1026 1479 1110 1511 haud
1123 1480 1290 1517 hesterna,-
1313 1475 1507 1512 Gronovius
1523 1479 1666 1519 scripsit

201 1519 285 1550 haud
300 1523 442 1560 externa,
459 1521 548 1561 quod
567 1522 807 1563 volueratjam
824 1521 1111 1555 Avantius.-101
1141 1523 1238 1554 Rom.
1252 1523 1334 1563 proh
1355 1525 1484 1564 quanta,
1501 1525 1537 1553 ut
1559 1521 1667 1554 voluit

203 1562 513 1596 Avantius.—102
537 1563 683 1605 Hopfius
717 1565 890 1605 conjecit:
925 1565 997 1596 hinc
1025 1569 1140 1596 nostroe
1163 1565 1304 1607 deflevit,
1330 1567 1492 1606 &cf-103
1518 1563 1663 1596 Finierat

201 1609 307 1637 tenera
322 1606 422 1638 Urat.
446 1607 525 1639 hinc
552 1607 733 1639 Handius:
762 1608 920 1644 Finierat.
938 1611 1101 1649 teneraque
1115 1610 1228 1639 matris
1241 1609 1359 1640 ceruice
1382 1607 1527 1648 pependit
1542 1612 1664 1639 contra

199 1649 294 1688 leges
317 1650 490 1681 metricas.
528 1650 718 1691 Dempserat
739 1651 879 1683 intenera
894 1651 1020 1682 Vener.
1038 1655 1067 1684 1.
1091 1651 1232 1683 Dixerat
1254 1655 1286 1683 et
1307 1655 1422 1683 teneroe
1435 1650 1548 1682 nutris
1562 1650 1662 1683 Rom.

199 1691 340 1723 Vicent.
358 1697 393 1724 et
404 1693 544 1725 Venett.
559 1697 591 1725 2.
609 1697 640 1725 3.
657 1697 796 1728 4.,-105
821 1694 946 1725 Markl.
969 1694 1058 1735 conj.
1079 1696 1166 1725 vultu
1188 1705 1219 1726 n.
1243 1705 1273 1726 a.
1295 1697 1470 1734 rogantem,
1485 1693 1575 1735 qnod
1593 1703 1660 1724 non

198 1734 371 1776 improbat
394 1736 659 1768 Lenzius.—106
683 1737 783 1769 Rom.
807 1743 842 1768 et
856 1738 996 1769 Venett.
1019 1740 1200 1778 ratumque,-
1223 1738 1372 1768 correxit
1386 1736 1567 1768 Avantius·
1588 1736 1660 1767 Pro

197 1788 274 1818 quos
289 1778 389 1811 Urat.
406 1779 508 1810 habet
525 1781 618 1820 quod,
635 1780 734 1811 litera
749 1789 765 1810 s
780 1781 1130 1820 superscripta.-107
1155 1780 1286 1811 Omnes
1301 1780 1402 1811 codd.
1425 1784 1461 1810 et
1483 1779 1562 1811 edd.
1577 1783 1661 1811 vett.

197 1821 326 1853 habent
348 1822 447 1863 cupit,
471 1832 534 1863 pro
558 1832 625 1864 quo
648 1822 873 1854 Marklandns
894 1823 1027 1863 recepit
1041 1823 1138 1864 capit,
1162 1828 1199 1853 ut
1214 1822 1305 1864 conj.
1321 1823 1659 1854 Burmannus.—1oe

198 1863 307 1896 Aldus
322 1864 559 1907 inter-pungit:
583 1866 693 1897 decus.-
714 1876 741 1897 c.
755 1876 792 1906 g.
805 1869 951 1908 patrum.-
975 1867 1020 1897 Et
1040 1875 1076 1906 g.
1101 1876 1127 1898 c.
1152 1866 1267 1898 honos.-
1290 1866 1413 1905 tellure,
1425 1866 1589 1905 &sce-109
1613 1865 1659 1896 Et

861 1941 1006 1974 NOTAE

197 2006 343 2039 seilicet.

241 2060 301 2089 101
326 2057 444 2098 Paphii
462 2056 627 2097 Numinis]
650 2057 814 2089 Veneris:
830 2058 899 2089 Ve-

195 2117 257 2139 nus
274 2108 364 2139 enim
391 2108 481 2149 apud
508 2108 664 2149 Paphum
681 2107 899 2140 devotissime

195 2158 385 2199 colebatur,
431 2163 468 2190 et
497 2158 647 2191 habebat
684 2158 731 2190 ibi
758 2164 898 2191 centum

193 2218 279 2240 aras.

236 2261 299 2292 102
324 2260 389 2292 Hic
404 2263 519 2292 nostrae
531 2260 659 2301 deflevit
672 2259 749 2298 fata
772 2260 894 2291 colum-

193 2309 255 2350 boe]
278 2310 478 2342 Violantilla
493 2310 684 2342 columbam
701 2311 735 2342 in
761 2310 895 2342 deliciis

192 2361 353 2393 habebat.
382 2363 493 2404 Hujus
509 2367 651 2394 mortem
662 2363 822 2394 ,carmine
838 2372 894 2394 ce-

191 2412 350 2445 lebravit,
365 2413 485 2444 Stella.
530 2413 728 2445 Martialis:
751 2413 894 2445 ‘Stellae

191 2462 351 2494 delicium
368 2464 431 2494 mei
457 2464 626 2504 columba,
650 2464 787 2495 Verona
809 2464 894 2496 licet

190 2513 351 2546 audiente
370 2511 479 2544 dica'm
495 2514 601 2554 Vicit,
622 2515 790 2554 Maxime,
817 2524 892 2556 pas-

190 2574 301 2596 serem
344 2564 494 2597 Catulli!
551 2565 737 2606 Inscriptio
777 2566 891 2606 operis

188 2620 266 2648 erat
284 2616 443 2647 Columba.
489 2615 617 2647 Nostrae
634 2626 726 2655 vero,
741 2617 820 2658 quia
836 2626 891 2648 co-

188 2667 312 2699 lumboe
327 2677 435 2699 sacrae
452 2665 592 2707 Veneri,
608 2671 644 2698 et
661 2667 735 2708 ejus
752 2677 888 2700 currum

188 2717 339 2749 trahunt.

231 2770 294 2800 106
320 2768 450 2800 Grande
464 2768 598 2809 quidem,
611 2773 786 2810 ‘rarumque
799 2769 891 2809 viris,

953 2017 1028 2048 quas
1040 2007 1108 2048 ipsa
1122 2006 1263 2047 probat-i,
1277 2005 1404 2036 Pierius
1419 2008 1523 2036 votum
1529 2003 1658 2043 juvenis

952 2058 1052 2099 capit]
1091 2057 1222 2089 Eodem
1250 2055 1372 2087 alludit
1399 2055 1569 2087 Martialis
1595 2055 1657 2088 lib.

955 2118 1005 2140 vr.
1035 2109 1153 2150 Epigr.
1181 2110 1235 2139 21.
1272 2107 1282 2123 ‘
1297 2106 1505 2146 Perpetuam
1533 2105 1654 2137 Stellae

953 2159 1032 2190 dum
1046 2159 1164 2199 jungit
1187 2156 1348 2189 Ianthida
1371 2157 1451 2193 vati,
1467 2157 1566 2188 Laeta
1584 2157 1655 2188 Ve-

954 2219 1029 2248 nus,
1044 2209 1149 2240 dixit:
1166 2209 1250 2240 Plus
1263 2207 1347 2239 dare
1361 2217 1428 2239 non
1441 2206 1562 2247 potui.¹
1581 2206 1652 2239 Ubi

952 2259 1122 2291 notandus
1138 2258 1323 2298 Martialis,
1337 2257 1395 2300 qui
1416 2257 1652 2289 Violantillam

951 2319 971 2340 a
981 2309 1119 2350 proprio
1134 2308 1208 2349 ejus
1222 2307 1360 2339 nomine
1372 2308 1382 2324 ‘
1394 2306 1558 2338 Ianthida
1570 2305 1579 2319 '
1595 2316 1652 2338 vo-

950 2364 1027 2391 cat:
1047 2369 1123 2391 nam
1140 2359 1221 2390 viola
1232 2358 1363 2390 Graecis
1374 2356 1423 2388 ἴον
1433 2356 1626 2398 appellatur
1637 2368 1649 2397 ς

948 2410 1027 2442 hinc
1051 2409 1193 2450 ἰάνθινος,
1211 2409 1383 2441 violaceus.
1429 2407 1485 2439 Sic
1513 2407 1652 2448 Cicero,

949 2465 1038 2493 teste
1065 2460 1274 2492 Terentiano
1303 2458 1440 2498 Mauro,
1476 2457 1651 2490 Violantem

947 2511 1048 2550 dixit,
1074 2520 1174 2553 quem
1190 2509 1307 2542 Graeci
1324 2509 1445 2540 Iolaum
1461 2507 1650 2540 nominant.

945 2561 1074 2592 Pierius
1090 2570 1171 2593 vero
1186 2564 1254 2601 est,
1270 2558 1380 2590 Musis
1395 2567 1506 2598 sacer,
1521 2558 1576 2589 vel
1588 2557 1648 2590 de-

944 2612 1051 2644 ditus.

986 2666 1050 2695 109
1074 2663 1194 2695 Tellure
1219 2662 1379 2694 cadentem
1400 2659 1536 2701 Excepi,
1557 2659 1646 2699 sovi-

943 2724 1000 2756 que
1012 2714 1098 2756 sinu]
1120 2713 1209 2746 Vide
1223 2721 1300 2756 quae
1315 2709 1463 2744 diximus
1475 2708 1519 2742 ad
1538 2709 1645 2742 Theb.

947 2776 973 2798 1.
991 2769 1044 2798 60.
