1800 3060
241 200 300 243 32
662 211 943 243 Auc'ronum
977 212 1290 245 TEST1MON1A

357 307 613 351 Gulielmus
650 308 864 351 Pictavns
904 309 951 351 in
986 309 1146 351 Rebus
1185 309 1342 352 Gestis
1381 309 1597 355 Gulielmi

676 375 1031 431 Conquaestoris,
1065 390 1167 432 cap.
1199 378 1271 420 64.

298 457 480 513 Tydeus
517 456 754 499 adversum
786 457 1026 499 insidiatos
1054 457 1374 512 quinquaginta
1408 461 1532 515 rupis
1553 462 1712 517 petivit

242 540 388 582 opem,
423 524 677 568 Gulielmus
712 537 809 579 par,
840 524 959 566 haud
990 523 1166 566 inferior
1192 524 1314 576 loco,
1342 527 1466 569 solus
1485 541 1573 570 non
1593 532 1710 573 exti-

241 596 351 636 muit
370 594 503 636 mille.
562 593 764 647 Scriptor
781 591 1041 633 Thebaidos
1063 592 1134 634 vel
1154 592 1403 645 AEneidos,ยน
1426 596 1505 650 qui
1523 597 1646 640 libris
1666 600 1711 641 in

240 663 370 718 ipsis,
399 662 585 704 Poetica
619 662 730 714 Iege,
765 659 820 701 de
853 659 1026 714 magnis
1059 660 1231 715 majora
1261 667 1425 706 canunt
1454 677 1513 706 ex
1535 667 1711 709 actibus

241 731 372 786 hujus
388 730 472 772 viri
493 743 620 785 aeque
640 742 848 783 magnum
866 729 968 784 plus
989 728 1169 784 dignum
1187 731 1457 774 conficerent
1473 746 1591 789 opus
1608 748 1712 778 vera

243 798 454 841 canendo.

426 888 712 931 Hermannus
733 887 1007 931 Contractus
1030 888 1212 941 Comes,
1231 890 1278 932 in
1299 889 1541 937 chronico.

296 967 431 1011 Anno
453 967 619 1017 Christi
640 977 720 1010 Lx.
741 967 913 1010 Statius
934 966 1082 1011 Poeta
1102 969 1250 1012 clarus
1269 973 1377 1012 erat.

530 1067 763 1111 Honorius
784 1067 1101 1124 Augustodun.
1118 1070 1162 1111 in
1179 1068 1422 1114 Chronico.

300 1147 603 1198 Domitianus,
638 1147 770 1189 frater
799 1147 906 1198 Titi,
937 1147 1190 1202 quindecim
1212 1162 1368 1201 annos,
1388 1163 1563 1193 menses
1585 1151 1712 1206 quin-

242 1229 344 1271 que.
405 1215 582 1258 Statius
604 1215 751 1258 Po'eta
769 1216 946 1258 claruit.

338 1316 553 1359 Silvester
573 1316 805 1368 Giraldus,
834 1317 962 1380 initio
982 1317 1108 1360 Libri
1129 1317 1183 1361 de
1204 1318 1336 1361 Miris
1359 1318 1607 1362 Hiberniae.

298 1394 514 1450 Egregius
535 1395 696 1447 Po'eta,
718 1396 910 1438 Statius.

646 1484 822 1528 Alanus
843 1484 1136 1530 Anti-Claud.
1156 1488 1233 1530 lib.
1256 1498 1333 1531 XI.

545 1569 596 1606 ut
619 1563 785 1606 Sollius
807 1565 1028 1620 implicat,
1047 1567 1244 1622 explicat
1264 1568 1372 1610 alter

415 1631 478 1674 Ut
502 1632 648 1683 Naso,
669 1637 825 1675 vernat
844 1637 895 1675 ut
915 1633 1106 1685 Statius,
1127 1639 1179 1678 ut
1199 1635 1330 1678 Maro
1352 1635 1504 1679 dictat.

530 1731 801 1774 Helmoldus
823 1732 986 1775 Chron.
1008 1734 1128 1776 Slav.
1148 1735 1225 1777 lib.
1244 1747 1276 1777 1.
1293 1749 1332 1777 c.
1351 1736 1426 1779 43.

300 1810 509 1863 Quadam
541 1810 628 1862 die,
659 1811 814 1854 multis
844 1813 1023 1854 arbitris
1054 1826 1206 1855 coram
1236 1813 1401 1868 positis
1426 1813 1711 1869 interrogavit

240 1880 508 1931 Vicelinum,
544 1880 588 1921 in
620 1879 798 1922 Scholis
828 1881 991 1936 positis
1023 1881 1129 1936 quid
1159 1882 1377 1936 legisset?
1439 1881 1528 1924 Illo
1566 1883 1710 1938 perhi-

239 1950 374 1991 bente
414 1961 464 1990 se
501 1948 635 1990 Statii
665 1948 826 1991 Libros
857 1948 1139 1992 Achilleidos
1173 1950 1353 2004 legisse,
1388 1954 1712 2005 consequenter

239 2016 487 2072 requisivit,
509 2029 612 2071 quae
631 2020 751 2058 esset
765 2019 956 2060 materia
977 2018 1146 2060 Statii?

271 2116 483 2159 Gulielm.
505 2114 821 2167 Pictaviensis,
842 2116 890 2157 in
917 2115 1071 2159 Gestis
1091 2117 1306 2159 Gulielmi
1333 2116 1478 2172 Regis
1499 2117 1681 2173 Anglor.

794 2189 838 2228 et
856 2185 971 2227 Duc.
995 2185 1040 2227 N
1044 2199 1152 2227 orm.

298 2263 412 2305 Cum
450 2261 655 2305 Haraldo
693 2263 789 2315 tali,
825 2264 1002 2319 qualem
1035 2263 1250 2307 Poemate
1283 2263 1434 2306 dicunt
1465 2263 1711 2306 Hectorem

242 2331 314 2372 vel
332 2331 549 2382 Turnum,
578 2344 666 2373 non
693 2333 840 2374 minus
861 2332 1041 2375 auderet
1061 2331 1312 2374 Gulielmus
1336 2331 1543 2385 congredi
1564 2333 1713 2386 singu-

240 2398 322 2440 lari
362 2399 618 2450 certamine,
650 2412 785 2455 quam
824 2398 1026 2442 Achilles
1056 2413 1159 2442 cum
1192 2399 1408 2450 Hectore,
1438 2399 1510 2441 vel
1540 2399 1711 2441 AEneas

243 2479 345 2509 cum
365 2465 532 2508 Turno.
590 2467 778 2522 Tydeus
807 2468 1045 2510 adversum
1078 2467 1365 2509 insidiatores
1390 2467 1713 2522 quinquaginta

241 2535 367 2589 rupis
395 2535 556 2589 petivit
591 2549 737 2590 opem.
808 2535 1060 2579 Gulielmus
1100 2548 1197 2590 par,
1231 2533 1352 2576 haud
1385 2534 1561 2576 inferior
1593 2535 1712 2586 loeo,

244 2604 368 2646 solus
388 2615 479 2645 non
499 2604 708 2645 extimuit
735 2605 869 2647 mille.
929 2604 1132 2659 Scriptor
1163 2601 1421 2646 Thebaidos
1451 2602 1524 2644 vel
1556 2603 1713 2645 AEnei-

288 2724 304 2753 l
330 2722 400 2754 Pro
426 2724 566 2756 summis
595 2723 727 2757 duobus
754 2724 951 2758 auctoribus
1006 2725 1110 2757 etiam
1149 2724 1183 2757 in
1220 2723 1288 2756 inis
1319 2722 1474 2757 barbaris
1514 2722 1711 2767 pugnatori-

246 2776 318 2804 tum
349 2771 487 2806 fuerunt
526 2774 693 2814 Virgilius
731 2779 766 2807 et
808 2775 952 2817 Statius,
1006 2774 1080 2808 bus.
