1800 3060
246 214 332 256 388
750 227 791 255 P.
826 226 1018 257 nemu
1052 227 1215 258 STA'rn

248 320 478 362 Reddere:
511 320 577 362 sic
596 323 716 362 certe
739 321 921 372 cineres,
944 323 1234 378 umbramque
1255 324 1442 378 priorem

249 387 431 438 Quaeris
452 387 596 429 adhuc
614 401 623 429 ε
647 389 713 429 sic
735 389 951 443 exequias
974 390 1180 444 amplexa
1198 392 1350 433 canori

247 454 480 510 ConjugiS,
503 456 701 508 ingentes
723 457 857 499 iteras
878 457 931 498 de
953 463 1134 511 pectore
1157 458 1379 512 planctus,

246 522 276 564 J
281 536 350 563 am
372 537 484 564 mea.
547 524 588 565 N
593 537 644 565 ec
666 525 812 578 pietas
832 525 922 566 alia
941 529 1005 566 est
1026 525 1124 575 tibi,
1145 538 1340 579 curaque
1359 531 1478 569 natae
1496 538 1506 567 ε

249 590 326 631 Sic
349 596 399 631 ut
420 595 555 632 mater
575 605 716 641 amas,
738 592 804 634 sic
826 605 1050 647 nunquam
1071 593 1206 634 corde
1228 594 1398 635 recedit
1651 597 1708 637 55

251 658 375 700 Nata
397 664 500 710 tu03
523 658 748 714 fixamque
768 661 902 702 animi
923 660 1224 715 penetralibus
1243 661 1345 702 imis

249 725 398 767 Nocte
421 726 582 781 dieque
605 731 746 769 tenes:
768 741 854 769 non
877 729 941 769 sic
961 727 1196 770 Trachinia
1219 729 1350 770 nidos

250 794 454 848 Alcyone
477 807 618 844 veros,
640 808 728 836 non
748 796 814 837 sic
837 796 1082 838 Philomela
1103 801 1287 850 penates

248 928 278 956 et
291 925 501 958 inconcussam
517 927 658 959 redhibeo
673 928 874 968 conjugibus:
903 929 948 959 sic
962 931 1046 960 certe
1061 929 1133 960 colis
1147 928 1266 960 cineres
1281 932 1310 960 et
1329 939 1434 961 manes
1444 929 1560 970 prioris
1575 929 1684 961 mariti
1698 939 1710 960 .·

247 968 292 999 sic
307 970 450 1009 amplexa
474 971 626 1002 tumulum
641 972 754 1002 auloedi
780 972 855 1010 viri,
880 971 986 1003 crebro
1005 972 1133 1012 planctu
1157 972 1264 1003 tundis
1286 975 1404 1013 pectus,
1428 982 1600 1013 quanquam
1626 982 1706 1004 mea.

248 1011 294 1042 Et
309 1012 410 1051 pietas
423 1014 527 1044 eadem
544 1013 602 1044 tibi
617 1017 675 1052 est,
695 1018 725 1045 et
741 1023 815 1045 cura
829 1015 894 1054 ejus
909 1014 1010 1055 fllioe:
1031 1015 1076 1045 sic
1092 1024 1160 1046 eam
1173 1018 1209 1046 ut
1223 1018 1323 1046 mater·
1335 1015 1445 1055 diligis
1455 1026 1466 1046 .·
1487 1016 1530 1047 sic
1551 1025 1707 1056 nunquam

245 1055 364 1086 recedit
375 1065 416 1086 ex
430 1057 522 1087 corde
536 1059 602 1093 tuo,
615 1060 646 1088 et
661 1057 754 1088 habes
767 1057 855 1088 illam
875 1057 930 1088 diu
951 1060 1102 1097 noctuque
1117 1057 1296 1099 impressam
1310 1058 1383 1089 imis
1402 1057 1515 1090 animae
1529 1058 1708 1090 recessibus.

249 1095 324 1128 Non
339 1101 428 1130 tanto
442 1098 558 1140 affectu
570 1099 710 1141 Alcyone
727 1100 896 1132 Trachinia
911 1100 1024 1131 circuit
1037 1100 1127 1131 nidos
1145 1110 1226 1140 suos,
1248 1110 1323 1142 quos
1341 1110 1411 1133 vere
1427 1101 1526 1140 fucit.
1573 1101 1646 1132 Non
1661 1101 1709 1132 sic

859 1195 996 1207 ΟΜΝ
997 1195 1094 1208 “““

246 1259 291 1290 tis
308 1259 451 1298 Dedere;
473 1260 528 1293 ed.
546 1264 679 1292 vetusta
696 1261 853 1294 Heinsii:
876 1265 1036 1303 tutamque
1052 1262 1175 1294 maritis
1188 1262 1334 1299 Dedere;
1357 1261 1503 1302 scriptus
1517 1260 1605 1292 liber
1616 1261 1707 1302 ajus-

248 1302 326 1333 dem
341 1313 350 1334 z
374 1304 530 1344 vitamque
544 1305 668 1336 maritis
678 1315 690 1342 ‚·
706 1305 795 1336 unde
810 1305 866 1336 ille
883 1306 1111 1346 opinabamr:
1128 1308 1284 1345 totamque
1299 1304 1425 1337 maritis
1441 1305 1483 1336 Te
1496 1305 1583 1336 dare.
1615 1305 1706 1337 Vide
1736 1328 1746 1334 .

247 1344 394 1377 Advers.
418 1345 476 1376 lib.
492 1355 516 1378 1.
540 1357 616 1388 cap.
629 1350 661 1379 2.
680 1357 712 1388 p.
732 1350 883 1380 loe-52.
905 1351 946 1380 53
969 1350 979 1366 ‘
997 1349 1091 1380 Male
1105 1346 1212 1379 τέλεια.
1226 1347 1343 1387 στιγμὴ
1358 1348 1390 1379 ἰη
1409 1348 1553 1387 vulgatis
1571 1348 1708 1387 ponitur

246 1393 325 1428 post
340 1390 496 1429 planctus,
519 1394 554 1421 et
569 1390 742 1422 sententia
758 1400 846 1422 nova
862 1391 997 1422 orditur
1013 1392 1054 1422 ah
1071 1391 1143 1422 istis
1157 1401 1165 1422 :
1188 1392 1263 1422 Jam
1277 1401 1358 1430 mea,
1369 1400 1425 1422 nec
1437 1391 1550 1431 pietas,
1563 1391 1615 1430 &a
1640 1400 1706 1431 qua

246 1439 285 1461 re
302 1432 524 1472 oppositionis
541 1433 712 1473 elegantia
728 1434 895 1474 perditur.
943 1435 1052 1465 Nemo
1068 1443 1149 1465 vero
1164 1439 1275 1465 mutet
1292 1443 1406 1465 vocem
1422 1434 1568 1474 exequias
1584 1434 1616 1464 in
1633 1433 1706 1464 reli-

245 1475 346 1515 quias,
371 1480 552 1516 utcumque
569 1476 832 1508 adblandiatur!
854 1477 974 1508 Markl.
1020 1478 1069 1509 Ut
1088 1476 1311 1508 Marklandns
1326 1477 1498 1515 distinxit,
1512 1477 1610 1517 longe,
1626 1482 1706 1507 ante

247 1516 393 1549 dederat
410 1518 572 1549 Barthius
589 1520 624 1549 in
642 1519 757 1551 Notis.
803 1519 873 1550 Pro
886 1520 985 1551 iteras
997 1521 1036 1551 de
1047 1523 1185 1560 pectore,
1199 1519 1290 1561 quod
1306 1525 1359 1551 est
1375 1530 1417 1550 ex
1434 1519 1570 1560 ingenio
1588 1518 1706 1550 Mark-

246 1559 355 1599 landi,
377 1560 457 1592 edd.
488 1566 575 1594 vett.
608 1571 723 1593 omnes
749 1562 936 1594 exhibent:
959 1563 1085 1594 imam·
1118 1564 1340 1603 pectore—54
1365 1563 1491 1594 venet.
1521 1564 1549 1594 1.
1572 1571 1707 1602 curaque

246 1607 416 1635 nota—55
440 1603 496 1635 Sic
524 1608 556 1636 et
585 1608 685 1636 mater
714 1615 801 1636 amas
826 1605 941 1636 Parm.
973 1610 1010 1637 et
1037 1606 1135 1637 Rom.
1181 1605 1238 1637 Sic
1251 1608 1287 1637 ut
1300 1608 1401 1636 mater
1417 1615 1504 1636 amas
1520 1605 1552 1635 in
1569 1605 1706 1636 ceteris.

246 1644 407 1677 Barthius
423 1648 572 1678 correxit
586 1658 595 1679 t
620 1647 677 1679 Sic
701 1658 738 1679 ea
760 1649 872 1679 matris
886 1658 1015 1686 amans;
1037 1658 1112 1680 cum
1129 1648 1191 1680 hac
1207 1648 1516 1689 interpretatione:
1541 1647 1598 1678 Sic
1614 1657 1655 1678 ea
1672 1655 1706 1678 te

246 1694 391 1720 matrem
410 1690 443 1720 in
459 1691 566 1722 oculis
583 1691 691 1730 εει-ἰη
715 1692 763 1722 sic
781 1691 931 1722 vicissim
956 1701 1011 1731 ea,
1032 1690 1117 1730 fllia,
1139 1701 1308 1733 nunquam
1325 1691 1427 1723 corde
1445 1696 1503 1722 tuo
1519 1690 1706 1722 recedit.—

245 1733 289 1762 ⁵6
314 1731 400 1763 Nota
416 1736 482 1772 tuo,
496 1734 550 1772 &a
598 1734 721 1765 venet.
739 1737 769 1765 1.
793 1734 1020 1766 Marklandus
1035 1734 1126 1776 conj.
1148 1734 1211 1766 Illa
1226 1736 1392 1767 tum—5⁷.
1413 1737 1456 1765 58
1477 1735 1486 1751 ‘
1504 1733 1649 1767 Quinam
1673 1733 1706 1764 hi

244 1774 335 1804 verni
354 1775 546 1816 Halcyones
562 1776 653 1807 nidi?
697 1776 790 1808 Plin.
809 1777 852 1808 N.
869 1777 916 1809 H.
942 1786 979 1810 x.
994 1780 1048 1809 32.
1072 1777 1116 1808 de
1142 1776 1381 1818 halcyonibus:
1404 1777 1414 1794 ‘
1429 1776 1575 1808 Faciunt
1591 1781 1703 1807 antem

245 1822 379 1857 septem
407 1824 487 1850 ante
513 1818 666 1850 brumam
695 1819 816 1850 diebus
841 1819 951 1859 nidos,
974 1825 1010 1852 et
1037 1820 1179 1851 totidem
1204 1820 1424 1862 sequentibus
1446 1819 1606 1860 pariunt!
1650 1818 1704 1850 Cf.

247 1859 352 1890 Ovid.
369 1861 455 1892 Met.
473 1870 525 1893 x1.
541 1863 618 1894 ¹746.
663 1862 745 1893 Vet.
762 1862 938 1894 Scholiast.
961 1863 1004 1894 ad
1031 1863 1119 1894 Stat.
1143 1863 1248 1894 Theb.
1276 1871 1328 1894 lx.
1353 1865 1427 1894 361.
1472 1862 1604 1903 Hygin.
1621 1861 1706 1893 Fab-

246 1910 334 1934 mxv.
359 1909 395 1935 et
410 1904 506 1937 Serv.
523 1904 565 1936 ad
582 1905 678 1946 Virg.
694 1905 824 1946 Georg.
841 1914 866 1936 ι.
883 1907 960 1937 399.
1006 1906 1083 1937 Non
1111 1906 1216 1947 igitur
1239 1905 1328 1937 verni
1342 1905 1540 1946 Halcyones
1556 1904 1646 1936 nidi.-
1668 1909 1705 1936 et

911 2012 1054 2045 NOTAE

287 2088 329 2117 51
357 2085 566 2127 Umbramque
577 2086 728 2128 priorem]
750 2087 792 2119 Id
804 2092 949 2128 est,um-
1004 2088 1170 2130 didosque
1205 2092 1349 2129 penates
1377 2086 1533 2128 Alcyone
1566 2085 1706 2119 deserta

244 2135 342 2167 bram
360 2145 419 2167 seu
437 2146 552 2168 manes
570 2137 693 2176 prioris
709 2138 834 2171 mariti.
1004 2140 1124 2180 gemit,
1138 2149 1214 2170 cum
1231 2139 1374 2180 pignora
1395 2148 1503 2169 sa’vus
1528 2137 1653 2169 Auster
1667 2142 1704 2170 et

287 2188 330 2218 52
365 2187 482 2217 canori
514 2187 682 2228 Conjugis]
722 2188 815 2220 Hinc
851 2193 949 2230 patet
1002 2190 1158 2230 algentes
1174 2190 1288 2231 rapuit
1301 2189 1418 2221 Thetis
1437 2188 1556 2220 invida
1583 2187 1706 2221 nidos!

243 2237 392 2278 priorem
406 2237 564 2268 maritum
581 2238 747 2278 Claudiae,
758 2238 863 2270 fuisse
876 2249 947 2271 mu-
1002 2239 1048 2270 Et
1059 2239 1105 2270 ibi
1121 2239 1282 2278 diximus,
1292 2239 1479 2281 Alcyonem
1496 2238 1602 2271 fuisse
1614 2239 1703 2280 Cey-

244 2289 367 2325 sicum,
382 2289 435 2319 vel
450 2288 632 2320 auloedum.
678 2287 776 2320 Infra
789 2289 878 2320 enim
895 2289 945 2320 di·
1001 2289 1049 2321 cis
1064 2290 1154 2331 regis
1168 2290 1444 2322 Trachinensium
1461 2298 1612 2327 uxorem,
1625 2299 1701 2331 qnae

243 2339 312 2370 cit:
336 2339 346 2355 ‘
366 2338 459 2369 Voce
484 2343 630 2379 paterna
647 2339 855 2371 Discendum
869 2340 946 2372 Mn·
999 2350 1075 2372 cum
1092 2351 1215 2382 corpus
1230 2341 1356 2380 mariti,
1371 2341 1428 2383 qui
1449 2339 1628 2381 naufragio
1643 2349 1702 2381 pe-

243 2389 289 2420 sis
306 2389 432 2421 discit!
462 2389 532 2421 Per
546 2400 708 2423 canorum
725 2396 839 2423 tamen
856 2391 946 2423 hunc
999 2392 1117 2431 flerat,
1141 2392 1352 2433 agnovisset,
1369 2397 1466 2423 tanto
1495 2390 1612 2422 dolore
1627 2399 1703 2421 cor·

244 2440 426 2481 conjugem
464 2442 567 2484 aliqui
601 2443 775 2474 Lucanum
799 2441 944 2474 Poetam
999 2447 1100 2482 repta
1123 2440 1202 2480 fnit,
1217 2446 1254 2473 ut
1276 2450 1313 2473 se
1335 2450 1440 2482 supra
1463 2440 1551 2471 illius
1572 2448 1698 2479 corpus

241 2490 454 2530 intelligunt,
466 2492 525 2523 sed
542 2492 635 2524 nullo
646 2492 946 2534 validoargumeu-
998 2491 1032 2523 in
1059 2501 1152 2523 mare
1174 2491 1372 2532 projecerit.
1415 2489 1529 2522 Ambo
1555 2498 1637 2521 vero
1665 2489 1699 2520 in

243 2545 290 2573 to.
336 2541 426 2572 Vide
441 2542 559 2574 Vitam
581 2543 731 2584 Papinii.
997 2542 1168 2584 Alcyones
1185 2552 1279 2582 aven,
1291 2539 1525 2572 misericordia
1538 2539 1702 2580 Deorum,

285 2594 327 2623 54
350 2592 443 2632 Mea]
465 2592 506 2624 Id
534 2598 600 2633 est,
623 2594 704 2625 mihi
729 2594 943 2626 matrimonio
997 2593 1121 2624 mutati
1137 2592 1288 2624 fuerunt.
1319 2592 1410 2623 Vide
1427 2591 1529 2623 Ovid.
1543 2590 1631 2623 Met.
1645 2600 1698 2622 xi.

241 2642 438 2683 conjuncta.
1002 2642 1097 2675 Veros
1111 2643 1235 2684 [vernos
1248 2642 1352 2682 nidos]
1383 2642 1474 2674 Quia
1490 2651 1594 2673 verno
1613 2646 1698 2673 tem-

284 2695 325 2723 57
351 2693 424 2724 Non
445 2693 492 2724 sic
515 2693 681 2725 Trachinia
706 2694 796 2725 nidos
808 2694 946 2735 Alcyone
996 2702 1080 2734 pore
1111 2693 1249 2734 pariunt
1279 2692 1464 2734 Alcyones.
1510 2692 1600 2723 Vide
1626 2691 1698 2723 Pli-

242 2741 343 2782 veros]
368 2742 464 2774 Idem
493 2750 528 2774 et
556 2744 723 2784 Papinius
757 2744 861 2775 Theb.
888 2753 942 2777 1x.
998 2745 1089 2776 nium
1101 2744 1164 2776 lib.
1179 2753 1214 2775 x.
1229 2753 1304 2784 cap.
1320 2745 1374 2774 32.

242 2792 252 2809 ‘
273 2791 504 2834 Fluctivagam
529 2795 576 2826 sic
599 2803 693 2835 saepe
710 2794 858 2834 domum,
874 2805 943 2826 ma·
1041 2797 1084 2826 58
1109 2795 1181 2825 Non
1190 2794 1236 2825 sic
1247 2793 1417 2825 Philomela
1427 2796 1552 2834 penates
1563 2793 1698 2831 Circuit,
