1800 3060
1477 239 1563 281 381

1505 346 1563 388 10

537 252 814 284 synvsnun
850 251 946 282 nm.
977 250 1050 282 111.
1081 241 1124 282 5.

109 349 198 396 Sed
217 350 309 393 sine
328 348 481 392 staude
501 349 665 404 palam,
686 348 981 402 thalamisque
1002 348 1160 390 orbata
1179 358 1405 399 negasses.

107 419 198 462 Dic
218 422 381 467 tamen,
401 417 519 459 unde
540 417 630 459 alia
649 416 756 458 mihi
776 416 937 467 fronte,
958 421 1003 457 et
1027 415 1180 457 nubila
1200 414 1352 456 vultus
1370 414 1389 454 ‘l

106 485 236 528 Anne
254 485 372 540 quod
394 485 616 527 Euboicos
635 485 781 526 fessus
798 497 992 526 remeare
1012 487 1199 538 penates

105 552 327 607 Auguror,
356 557 401 594 et
419 553 567 607 patria
586 553 755 594 senium
776 564 1045 606 componere
1063 556 1175 593 terra
1190 551 1210 592 'l

107 621 197 664 Cur
214 620 300 662 hoc
319 621 447 662 triste
468 620 549 662 tibi
563 621 583 662 ‘l
614 624 731 662 certe
751 619 942 660 lascivia
961 618 1083 660 cordi

107 687 262 739 Nulla,
281 701 365 729 nec
387 691 462 729 aut
481 687 627 742 rapidi
647 687 838 729 mulcent
857 691 902 728 te
924 687 1081 741 praelia
1100 686 1235 737 Circi,

105 756 198 800 Aut
211 755 348 797 intrat
368 767 524 796 sensus
539 754 728 796 clamosi
743 755 872 796 turba
891 754 1048 796 theatri
1062 768 1073 806 ;

1506 685 1563 727 15

101 870 241 915 iiiecptas
250 875 348 907 telus.-
370 876 423 907 sed
437 874 505 907 sine
518 876 599 914 dolo,
611 878 643 907 et
658 883 761 906 coram
775 873 929 914 omnibus,
943 873 1099 906 obstinata
1108 884 1252 907 renueres
1262 874 1401 916 nuptias.
1432 874 1562 915 Expone

103 919 218 958 tmen,
230 919 312 949 unde
324 917 389 949 alia
395 917 506 957 fronte
522 918 599 950 mihi
613 916 741 956 videris,
756 921 786 948 et
803 918 883 949 unde
894 918 960 949 hoec
974 918 1111 949 tristitia
1125 918 1158 949 in
1170 919 1256 949 vultu
1271 922 1345 950 tuo?
1366 917 1471 957 Anne,
1483 916 1562 957 quod

104 955 235 992 Romam
247 963 411 1002 pertaesus,
426 961 546 992 destino
566 961 672 992 redire
686 961 727 992 ad
740 959 851 1000 plagas
876 960 1043 1000 Euboicas,
1069 964 1100 992 et
1128 962 1306 1000 transigere
1325 963 1513 992 senectutem
1527 959 1562 1008 ξι

97 1003 204 1043 patr-to
215 1004 299 1034 mlo?
322 1003 389 1034 Cur
402 1004 459 1034 hoc
470 1013 568 1043 grave
580 1003 640 1034 tibi
653 1001 726 1035 est?
762 1003 859 1034 certe
871 1003 958 1034 nulla
978 1004 1106 1035 lasciuia
1120 1003 1179 1035 tibi
1192 1006 1287 1043 grata
1306 1007 1365 1042 est,
1380 1013 1435 1035 nec
1447 1001 1561 1044 prelia

101 1044 204 1078 rabidi
218 1045 306 1078 Circi
326 1048 462 1086 tangunt
477 1046 615 1078 animum
639 1048 739 1085 tuum,
752 1055 808 1077 nec
831 1046 924 1077 turba
947 1047 1115 1087 strepentis
1143 1046 1272 1078 Theatra·
1297 1050 1328 1078 te
1351 1047 1448 1088 afficit
1459 1057 1473 1085 ;
1505 1045 1562 1077 sed

711 1128 951 1141 oooeeoeeeeeo

101 1176 266 1216 interfecta
291 1176 471 1218 producit:
492 1177 699 1210 Barth—10
721 1176 810 1210 Edd.
840 1183 927 1210 vett.
951 1188 1094 1211 omnes:
1118 1179 1332 1221 thalamosque
1359 1183 1483 1212 armata
1506 1190 1560 1212 ne-

102 1229 221 1260 ganes-
266 1220 386 1251 Lectio
412 1224 528 1252 nostra
558 1226 612 1252 est
635 1230 679 1252 ex
706 1220 946 1253 emendatione
973 1221 1270 1253 Marklaudi.—-ll
1308 1222 1412 1254 Aldd.
1447 1223 1561 1255 Colin.

105 1260 139 1295 G
182 1262 237 1303 ph.
251 1262 359 1294 Basil.
374 1263 479 1295 Beru.
495 1263 649 1295 Grasser.
665 1263 812 1296 Gevart.
826 1263 971 1296 Amstel.
984 1264 1138 1298 Gronov.
1153 1265 1275 1297 Barth.
1296 1266 1406 1297 Veen.
1431 1266 1561 1306 Delph-

104 1271 395 1337 et'giarklmubita
410 1306 520 1343 vultum
543 1305 621 1337 edd.
640 1311 784 1339 vetustt.
799 1308 916 1347 vultus,
940 1307 1044 1348 quod,
1062 1308 1161 1348 jussu
1187 1308 1387 1340 Marklandi
1412 1308 1446 1339 in
1468 1309 1560 1340 curis

103 1346 276 1387 secundis,
288 1354 516 1390 reposuerunt
530 1349 688 1381 Editores
703 1349 983 1389 Bipontiui.—l3
998 1350 1129 1390 Argum
1140 1351 1217 1382 Nic.
1235 1351 1398 1382 Heinsius
1410 1351 1445 1382 in
1457 1351 1560 1383 Notis

103 1389 146 1422 ad
157 1389 318 1431 Propert.
331 1400 391 1423 ιιι.
407 1394 459 1423 17.
475 1394 506 1423 3.
521 1390 667 1423 Advers.
685 1401 717 1432 p.
731 1395 897 1425 ‘'taz—16
918 1393 928 1410 ⁴
944 1393 1108 1433 Suspicor
1122 1394 1268 1425 Statium
1283 1394 1463 1434 scripsisse
1483 1404 1562 1426 cura

103 1432 244 1471 theani,-
266 1442 310 1464 ex
334 1434 519 1474 Propertio
534 1444 575 1466 ιι.
591 1437 643 1466 13.
664 1435 779 1476 (zm.
800 1435 874 1475 33.)
895 1436 904 1452 ¹
922 1436 987 1466 'I'ot
1007 1435 1080 1476 jam
1104 1436 1220 1468 abiere
1235 1437 1322 1476 dies,
1336 1446 1413 1468 cum
1427 1446 1480 1468 me
1495 1446 1560 1469 uec

103 1484 186 1508 cura
208 1476 334 1508 theatri
358 1477 434 1508 Nec
458 1478 575 1518 tetigit
600 1478 745 1519 Campi;
765 1487 829 1510 nec
853 1487 929 1509 mea
945 1479 1045 1511 Musa
1059 1479 1184 1520 juvat!
1222 1480 1308 1512 Vide
1322 1480 1366 1512 ad
1387 1488 1431 1513 11.
1447 1483 1480 1512 2.
1504 1483 1560 1511 70.

765 1546 906 1579 NOTAE

147 1610 187 1640 10
210 1607 405 1647 Siuefraude
415 1608 535 1651 palam]
559 1609 601 1642 Id
618 1614 683 1650 est,
695 1609 802 1642 since-

101 1658 192 1691 riore
207 1659 318 1691 animo
333 1670 451 1702 ageres
466 1671 543 1693 cum
559 1663 683 1703 procis,
699 1673 802 1704 quam

101 1707 190 1741 fecit
214 1708 403 1751 Penelope,
425 1712 606 1754 palamque
637 1717 674 1745 et
703 1713 801 1746 firmo

103 1767 146 1792 ac
161 1758 332 1792 obstinato
348 1762 452 1794 corde
468 1771 526 1794 eos
542 1763 718 1804 rejiceres.

146 1810 185 1841 11
212 1810 258 1841 Ee
271 1810 378 1842 nubila
398 1812 518 1853 vultus]
540 1813 802 1854 Elegantissime

101 1861 274 1901 expressit
287 1859 327 1892 τὸ
339 1859 497 1902 σύννεφες,
505 1872 571 1904 quo
584 1863 699 1895 Graeci
714 1863 802 1895 fron·

102 1914 173 1943 tem
196 1910 288 1943 curis
314 1921 355 1944 ac
373 1912 648 1945 solicitudinibus
661 1923 802 1955 capera-

103 1965 184 2001 tnm,
197 1970 259 1994 seu
273 1961 490 2006 supercilium
502 1962 672 1995 moestitiae
686 1963 803 1996 nubilo

101 2008 301 2044 obductum
335 2012 540 2054 significant.
594 2011 802 2056 Metaphora

103 2064 215 2093 sumta
237 2061 280 2094 ab
306 2062 386 2094 aere
414 2063 612 2104 caliginoso,
627 2069 663 2096 et
685 2065 802 2097 nubilo

103 2115 270 2152 tempore.
299 2113 400 2145 Unde
411 2114 579 2154 σνννεφόα,
590 2119 625 2146 et
633 2116 803 2156 συννεφοῦν

102 2161 237 2203 ὄμματα,
252 2162 288 2195 id
304 2168 370 2203 est,
383 2164 485 2195 oculos
499 2165 656 2197 moestitioe
673 2166 804 2198 nubibus

103 2213 263 2254 obducere,
281 2214 372 2255 apud
395 2215 607 2256 Euripidem,
626 2221 662 2248 et
682 2215 721 2247 τὸ
740 2219 803 2249 τῶν

103 2261 224 2306 ὀφρύων
237 2263 338 2305 νέφος,
353 2269 389 2296 et
403 2263 519 2305 νεφέλη
534 2265 664 2308 ὀφρύων,
684 2267 719 2299 id
735 2273 801 2306 est,

102 2315 240 2346 nubilum
264 2319 293 2347 et
323 2315 418 2348 nubes
442 2317 684 2357 superciliorum,
708 2319 801 2359 apud

103 2366 306 2408 Sophoclem
323 2367 357 2399 in
373 2367 558 2408 Antigone.
603 2369 650 2400 Et
673 2370 802 2401 Latinis

103 2421 114 2436 ‘
130 2417 300 2450 nubecula
311 2417 320 2431 ’
336 2418 494 2450 Ciceroni
518 2419 551 2449 in
577 2419 750 2460 Pisonem,
767 2425 803 2452 et

103 2463 250 2500 Horatio
264 2479 273 2500 z
295 2469 305 2485 ‘
322 2468 430 2499 Deme
442 2469 626 2510 supercilio
642 2470 790 2502 nubem!

147 2520 188 2550 12
214 2517 365 2550 Euboicos
371 2519 512 2560 penates]
529 2519 700 2561 Intelligit
714 2520 804 2552 Nea-

105 2567 206 2609 polim
222 2568 290 2608 hic,
305 2574 342 2600 ut
368 2569 541 2610 colligitur
557 2580 599 2602 ex
617 2571 680 2611 Ep.
701 2571 805 2602 Statii

106 2617 150 2650 ad
169 2618 316 2651 Polliam
339 2620 397 2652 lib.
412 2621 477 2652 hoc
500 2621 604 2653 tertio
627 2623 804 2664 Sylvarum

105 2666 265 2707 praefixa:
286 2669 297 2686 ‘
313 2669 450 2702 Summa
476 2671 616 2712 Ecloga,
640 2682 708 2714 qua
735 2682 806 2703 rne-

108 2725 185 2748 cum
214 2718 374 2752 secedere
405 2721 589 2762 Neapolim
625 2721 805 2753 Claudiam

107 2775 215 2798 neam
230 2768 414 2803 exhortor.'
459 2770 572 2804 Vocat
587 2775 699 2804 autem
715 2771 805 2804 Nea-

856 1611 960 1652 polim
977 1611 1128 1644 Euboicos
1150 1616 1289 1653 penates,
1313 1613 1392 1655 quia
1417 1612 1561 1646 Cumani

855 1661 1052 1694 conditores
1071 1662 1236 1704 Neapolis
1248 1673 1267 1694 a
1280 1662 1561 1696 Chalcidensibus

855 1713 995 1745 Euboeae
1012 1713 1131 1745 insnlae
1148 1719 1248 1746 erant
1263 1713 1412 1747 oriundi.

902 1766 943 1796 13
967 1765 1085 1796 Patria
1101 1764 1205 1805 terra]
1229 1765 1390 1806 Neapoli.

900 1817 939 1845 15
966 1814 1070 1855 Circi]
1097 1815 1188 1846 Circi
1215 1819 1315 1846 erant
1342 1815 1459 1846 Romae
1486 1815 1564 1847 loca

857 1864 963 1895 muris
978 1870 1092 1906 septa,
1106 1865 1140 1896 in
1165 1865 1288 1907 quibus
1313 1864 1394 1907 equi
1417 1865 1564 1906 pugiles-

857 1924 924 1956 que
952 1915 1216 1956 exercebantur,
1239 1915 1379 1958 ludique
1409 1914 1563 1956 fiebant3

856 1965 906 1996 sic
951 1964 1169 2005 dicebantur,
1212 1970 1354 1998 auctore
1392 1967 1563 2007 Varrone,

857 2013 946 2056 quod
964 2012 1092 2047 circum
1107 2016 1315 2057 spectaculis
1328 2015 1504 2048 aedificatis
1516 2017 1563 2048 ibi

857 2065 928 2097 lndi
950 2066 1052 2106 fiunt,
1065 2071 1103 2098 et
1126 2067 1217 2109 quod
1233 2068 1280 2099 ibi
1297 2068 1426 2099 circum
1452 2074 1562 2099 metas

857 2115 967 2147 fertur
983 2126 1120 2158 pompa,
1134 2123 1171 2149 et
1187 2118 1267 2159 equi
1284 2123 1438 2150 currunt.
1461 2118 1527 2149 Vel
1543 2128 1563 2149 a

858 2165 960 2203 Circe
974 2166 1062 2198 Solis
1085 2165 1168 2208 filia,
1193 2177 1268 2208 quae
1298 2168 1407 2208 prima
1433 2167 1563 2199 dicitur

855 2217 932 2248 haec
946 2217 1116 2249 curricula
1131 2218 1323 2249 instituisse
1339 2218 1373 2248 in
1398 2218 1563 2249 honorem

856 2266 944 2298 Solis
961 2268 1077 2307 patris.
1100 2268 1210 2299 Erant
1224 2268 1341 2299 Romae
1356 2268 1485 2308 plures,
1500 2268 1563 2300 sed

856 2317 946 2348 inter
959 2316 1035 2356 lios,
1050 2327 1134 2348 unus
1149 2318 1158 2334 ‘
1173 2317 1338 2348 maximus
1350 2317 1359 2330 '
1369 2317 1494 2359 dictus,
1506 2318 1565 2359 qui

857 2372 990 2400 ceteros
1001 2367 1234 2407 magnitudine
1244 2372 1436 2408 superaret.
1459 2368 1563 2409 Nam,
1622 2390 1633 2402 ÷

856 2423 895 2449 ut
912 2418 959 2449 ait
986 2417 1131 2457 Plinius,
1147 2418 1361 2459 longitudine
1379 2417 1445 2450 fuit
1459 2419 1563 2451 trium

858 2467 1057 2508 stadiorum,
1083 2473 1119 2499 et
1147 2468 1329 2501 latitudine
1358 2470 1469 2510 unius,
1500 2471 1562 2502 sed

859 2528 934 2550 cum
951 2516 1105 2549 aedificiis
1120 2522 1324 2559 quaternum
1337 2519 1501 2560 jugerum
1518 2520 1560 2551 ad

859 2568 976 2599 sedem
998 2570 1139 2600 260000.
1163 2568 1344 2602 hominum.
1367 2570 1458 2601 Vide
1481 2571 1562 2602 Cas-

859 2619 1043 2651 siodorum.

903 2671 944 2700 16
969 2668 1115 2709 Themi]
1138 2668 1324 2701 Theatrum
1350 2674 1427 2701 erat
1454 2670 1562 2710 locus,

859 2721 892 2752 in
925 2730 991 2762 quo
1025 2719 1158 2752 fiebant
1193 2720 1265 2752 ludi
1302 2721 1443 2759 scenici,
1469 2721 1561 2752 unde

858 2772 868 2790 ‘
887 2769 1095 2804 clamosum'
1125 2775 1225 2803 vocat
1251 2771 1427 2812 Papinius.
1470 2770 1560 2815 Vide
