1800 3060
196 219 227 260 6
793 228 1069 259 PRAEFATlo.

202 324 309 367 Nic.
343 322 560 365 Heinsius
589 336 647 364 ex
669 321 804 365 Mss.2
834 323 941 372 (non
970 323 1081 366 dicit
1113 324 1299 379 quibus)
1325 326 1535 368 nonnulla
1556 326 1659 369 loca

199 391 415 434 emendat.
456 390 529 432 Fr.
546 390 807 444 Tiliobroga
824 391 1091 432 mentionem
1110 391 1218 433 facit
1230 390 1409 434 Codicis
1424 393 1657 444 Puteauei,

201 459 387 502 alterius
421 458 527 500 Nic.
564 458 715 508 Fabri,
745 458 878 499 unius
909 457 962 498 P.
985 457 1193 500 Petavii.³
1254 458 1409 502 Facile
1435 474 1543 503 vero
1563 463 1661 504 fieri

200 530 370 583 potest,
399 531 449 568 ut
478 526 650 580 aliquot
681 538 741 566 ex
770 525 840 566 his
871 525 951 579 qui
981 525 1168 567 diversis
1201 527 1454 569 nominibus
1494 542 1523 570 a
1553 531 1660 573 viris

201 595 347 637 doctis
369 593 669 648 appellantur,
699 593 788 633 sint
810 605 924 634 unus
944 596 1115 634 tantum
1135 593 1342 648 idemque
1363 594 1537 646 Codex,
1557 599 1660 639 titu-

199 663 292 704 lum
315 676 416 704 cum
447 672 712 716 possessore
743 664 934 701 mutans.
992 659 1136 701 Extat
1156 666 1300 702 tamen
1321 662 1364 703 in
1385 662 1660 707 Bibliotheca

202 730 508 774 Christianiss.
550 727 688 781 Regis
729 726 895 769 Galliae
934 727 1093 770 Codex
1123 730 1234 770 satis
1264 730 1474 784 antiquus
1508 730 1660 773 harum

202 798 454 854 Sylvarum,
486 801 620 851 prout
654 809 725 837 me
756 796 924 837 monuit
943 809 971 837 a
989 797 1416 850 peregrinationibus
1436 798 1578 840 redux.
1595 800 1661 841 vir

203 865 532 909 eruditissimus
553 864 751 905 Thomas
774 863 1026 913 BentleiuS,
1042 863 1198 906 LL.D.
1215 868 1303 906 tam
1321 879 1402 907 suo
1425 879 1555 920 quam
1571 866 1666 909 Pa·

202 934 288 976 trui
308 933 487 974 nomine
509 932 619 973 bene
634 931 731 986 jam
749 935 897 981 notus,
913 934 957 973 et
977 931 1083 973 olim
1102 933 1367 975 noscendus.
1399 933 1553 988 Hujus
1569 936 1660 977 col-

200 1001 414 1045 lationem
435 1013 494 1040 ex
510 998 678 1053 majore
692 1004 823 1053 parte
838 1000 938 1053 ipse
955 999 1145 1043 Lutetiae
1166 1014 1443 1043 commorans
1457 1002 1662 1045 absolve-

200 1072 292 1120 rat3
307 1067 385 1109 sed
399 1067 641 1108 infortunio
658 1079 761 1107 meo
778 1066 967 1108 schedas
985 1067 1143 1110 Romae
1159 1068 1393 1123 reliquerat
1405 1083 1416 1111 ε
1430 1073 1474 1111 et
1485 1070 1661 1123 longius

203 1138 486 1190 processerat
519 1133 692 1188 prelum
723 1146 852 1187 quam
873 1138 920 1175 ut
941 1135 1170 1176 commode
1202 1139 1246 1178 et
1274 1141 1442 1178 mature
1465 1138 1662 1189 ἁντιβολὴν

203 1203 393 1246 Parisiis
429 1214 606 1255 possem
645 1215 900 1244 accersere:
940 1203 986 1244 in
1017 1215 1108 1256 quo
1139 1208 1283 1245 tamen
1314 1217 1498 1259 operam
1534 1219 1660 1249 suam

202 1271 349 1313 amice
388 1274 602 1324 praestare
646 1274 826 1323 paratus
865 1273 960 1311 erat
997 1271 1064 1311 vir
1102 1270 1555 1315 benevolentissimus.
1613 1273 1662 1315 Si

201 1350 307 1381 vero
346 1338 478 1393 hujus
520 1336 700 1379 Codicis
738 1338 974 1392 aliquando
1005 1350 1192 1392 compos
1228 1338 1370 1389 fuero,
1401 1344 1448 1381 et
1477 1340 1517 1382 si
1549 1344 1663 1385 tanti

202 1406 438 1456 videbitur,
471 1404 612 1447 Curas
648 1404 876 1447 Secundas
904 1405 1007 1447 huic
1039 1407 1162 1460 operi
1192 1420 1280 1448 non
1308 1407 1475 1462 pigebit
1493 1408 1661 1465 impen-

194 1474 321 1517 dere.

261 1542 333 1583 Ex
353 1541 423 1582 his
444 1553 550 1582 vero
572 1540 733 1591 Libris,
763 1555 875 1595 quos
906 1555 1042 1596 supra
1061 1543 1317 1591 memoravi,
1338 1544 1385 1585 in
1411 1544 1526 1586 locis
1547 1544 1660 1587 diffi-

202 1609 434 1652 cilioribus
456 1611 501 1649 et
521 1608 757 1651 manifesto
778 1609 1035 1664 depravatis
1063 1623 1163 1651 raro
1191 1610 1432 1664 quicquam
1454 1615 1532 1653 aut
1549 1613 1661 1655 mul-

202 1681 297 1720 tum
319 1676 510 1729 auxilii;
545 1676 716 1730 saepius
737 1677 920 1719 nullum.
978 1677 1052 1719 Ex
1082 1691 1171 1731 qua
1200 1678 1534 1732 conspiratione
1556 1693 1663 1734 pos-

205 1757 303 1787 sum
324 1743 599 1794 concludere,
615 1747 693 1786 aut
706 1743 867 1787 menda
885 1745 1083 1788 Statiana
1099 1745 1339 1787 admodum
1354 1749 1532 1787 vetusta
1547 1760 1661 1798 esse,

205 1816 284 1855 aut
300 1811 508 1862 CodiceS,
519 1824 579 1853 ex
598 1813 759 1866 quibus
779 1812 1083 1866 profluxerunt
1102 1817 1318 1867 quotquot
1334 1816 1491 1855 extant
1508 1815 1660 1856 harum

206 1879 444 1935 Sylvarum
466 1880 757 1934 exemplaria,
784 1893 872 1923 non
899 1880 1041 1922 fuisse
1061 1880 1191 1923 valde
1212 1883 1437 1922 vetustos:
1457 1881 1538 1923 hos
1558 1894 1661 1924 vero

203 1960 296 1990 non
315 1947 430 1989 adeo
452 1952 655 1990 vetustos
674 1948 815 1990 fuisse
843 1947 948 1990 hinc
978 1948 1156 2002 colligo,
1191 1948 1314 2002 quod
1342 1948 1564 2003 pleraeque
1588 1949 1662 1991 de-

204 2015 488 2070 pravationes
509 2014 607 2069 ejus
638 2016 810 2068 generis
841 2018 959 2065 sunt,
989 2020 1042 2057 ut
1072 2016 1151 2057 vix
1181 2015 1408 2070 proficisci
1436 2017 1663 2070 potuerint

203 2082 294 2124 nisi
324 2095 352 2124 a
382 2082 528 2124 Libris
559 2083 726 2124 minuto
753 2082 1004 2125 charactere
1034 2096 1115 2125 seu
1144 2083 1287 2125 literis
1316 2083 1663 2137 Longobardicis

205 2152 274 2202 (ut
302 2150 436 2203 vulgo
474 2148 700 2204 dicuntur)
729 2150 991 2204 conceptis:
1025 2150 1110 2192 hoc
1138 2163 1245 2192 vero
1275 2150 1494 2192 scribendi
1523 2163 1662 2204 genus

206 2220 307 2259 ante
328 2218 543 2259 saeculum
563 2231 592 2259 a
611 2217 789 2260 Christo
809 2222 914 2259 nato
936 2222 1148 2260 octavum
1173 2219 1241 2260 vel
1262 2229 1426 2259 nonum
1443 2231 1529 2260 non
1549 2220 1665 2261 obti-

205 2285 361 2326 nuisse
393 2289 554 2326 norunt
586 2284 772 2327 Eruditi.
832 2284 903 2327 Ex
929 2284 1184 2340 hujusmodi
1207 2284 1374 2327 Codice
1394 2285 1463 2328 vel
1485 2284 1662 2328 Codici-

206 2352 295 2394 bus
317 2354 579 2407 transcripta
599 2365 698 2394 esse
721 2356 938 2408 quotquot
962 2356 1117 2394 extant
1136 2352 1370 2407 sylvarum
1390 2353 1662 2407 exemplaria

209 2419 452 2462 admodum
474 2421 707 2462 verisimile
727 2424 809 2472 est,
829 2422 935 2475 quia
954 2420 1155 2474 plurimae
1176 2433 1312 2462 voces
1332 2421 1376 2461 in
1397 2420 1509 2462 alias
1531 2419 1665 2462 demi—

209 2492 387 2540 grarunt
409 2488 700 2530 similitudine
732 2489 939 2531 ductuum
970 2488 1145 2530 calami.
1192 2487 1264 2529 Ita
1294 2486 1396 2528 bibit
1425 2501 1506 2542 pro
1539 2486 1662 2528 tulit.-

210 2554 420 2610 quoniam
450 2555 609 2597 calami
638 2556 798 2599 ductus
831 2557 876 2598 in
906 2561 1094 2611 utroque
1123 2557 1347 2599 vocabulo
1380 2555 1512 2598 iidem
1533 2569 1666 2611 paene

251 2664 289 2706 [2
315 2665 369 2696 Ex
401 2663 502 2696 codd.
539 2665 717 2698 Vaticanis
751 2673 911 2709 quatuor.
1007 2671 1027 2700 8
1051 2669 1061 2686 ‘
1075 2668 1123 2700 Hi
1139 2668 1240 2701 codd.
1256 2677 1322 2700 non
1339 2667 1458 2709 Sylvas
1471 2667 1664 2706 continent,

210 2715 300 2747 Vide
310 2715 452 2748 Elench.
468 2715 657 2757 Scripturae
671 2719 861 2760 Compend.
876 2724 914 2752 et
965 2718 1026 2752 sed
1041 2718 1273 2752 Thebaidem?
1297 2718 1406 2750 Hand.

211 2767 343 2810 Syllog.
362 2767 473 2808 Epist.
498 2767 538 2799 Τ.
554 2776 587 2799 v.
613 2777 673 2810 pp.
689 2771 764 2802 532.
780 2771 872 2812 537]
