1800 3060
223 217 311 260 508
719 227 759 257 P.
793 226 983 258 ΡΑΡιΝιι
1006 226 1178 262 fs'rA'ru

226 323 419 377 Longius
439 326 483 364 et
499 333 655 364 vacuae
677 322 933 376 posuissent
952 323 1140 365 stamina
1160 324 1333 366 Parcae.

222 390 418 445 Jamque
439 389 606 431 cadunt
624 389 790 441 vultus,
811 390 1042 444 oculisque
1061 392 1328 434 novissimus
1349 405 1485 442 error,

224 458 501 512 Obtusaeque
519 470 664 508 aureS‚
682 458 769 499 nisi
790 471 890 499 cum
912 470 1002 500 vox
1023 459 1120 500 sola
1141 461 1282 501 mariti

226 526 472 569 Noscitur:
502 526 626 567 illum
644 538 781 566 unum
801 525 949 567 media
970 525 1024 567 de
1045 530 1182 566 morte
1199 539 1376 569 reversa

226 593 360 637 Mens
378 593 521 646 videt;
550 593 676 635 illum
696 594 824 647 aegris
847 594 1092 635 circumdat
1110 593 1284 636 fortiter
1304 595 1422 636 ulnis

226 661 441 703 Immotas
461 661 647 702 obversa
667 673 826 714 genas3
857 673 937 702 nec
957 661 1050 702 sole
1072 674 1280 715 supremo

226 728 429 780 Lumina,
451 729 530 770 sed
548 728 668 770 dulci
687 729 858 771 mavult
875 730 1037 770 satiare
1057 730 1235 772 marito.

226 795 354 838 Tunc
376 798 441 839 sic
462 798 711 839 unanimum
732 796 923 838 moriens
940 797 1104 838 solatur
1124 802 1370 838 amantem:

227 864 366 907 PARS
389 865 551 906 animae
568 866 737 906 victura
755 877 882 915 meae,
901 864 976 906 cui
994 865 1187 918 linquere
1206 877 1387 918 possem

228 930 268 972 O
290 932 474 982 utinam,
496 944 609 986 quos
629 931 738 972 dura
757 931 863 972 mihi
885 932 1002 985 rapit
1023 930 1237 985 Atropos,
1259 943 1413 982 annos,

227 999 369 1041 Parce
388 1013 542 1055 precor
561 999 784 1054 lacrymiS,
804 1012 927 1040 saevo
945 1011 1029 1040 nec
1051 1003 1242 1040 concute
1262 999 1447 1053 planctu

227 1066 435 1118 Pectora,
457 1081 539 1109 nec
556 1067 704 1109 crucia
717 1067 956 1121 fugientem
977 1067 1178 1122 conjugis
1197 1067 1411 1109 umbram.

229 1133 403 1189 Linquo
415 1135 624 1191 equidem
640 1135 860 1177 thalamos
877 1134 1025 1191 (salvo
1046 1138 1191 1176 tamen
1209 1133 1377 1189 ordine)
1394 1133 1541 1175 moesti

1592 391 1675 433 170

1593 727 1679 769 175

1595 1066 1679 1109 180

228 1247 343 1280 Purcoe
357 1259 512 1291 nunquam
527 1250 707 1281 evaluissent
721 1259 776 1281 sua
791 1249 874 1282 licia.
917 1249 1050 1289 Jamque
1064 1249 1166 1279 vultus
1180 1250 1331 1278 mutatur.
1376 1247 1451 1277 Jom
1473 1249 1580 1278 errant
1605 1246 1681 1276 ulei-

228 1301 311 1322 mum
325 1294 425 1324 oculi.-
449 1293 565 1324 obtusae
578 1297 649 1324 sunt
664 1303 767 1330 aures,
790 1296 819 1324 et
834 1293 900 1323 sola
915 1301 976 1323 vox
996 1292 1134 1330 conjugis
1156 1291 1303 1322 noscitur.
1346 1289 1462 1321 Anima
1483 1299 1624 1328 regressa
1643 1290 1682 1320 de

227 1335 330 1366 mdia
345 1339 441 1367 morte
454 1337 553 1367 cernit
568 1336 647 1367 hunc
662 1337 768 1367 solum.
811 1335 907 1367 Illum
921 1335 1030 1365 stricte
1043 1334 1239 1374 amplectitur
1253 1332 1404 1364 debilibus
1419 1331 1569 1371 brachiis,
1580 1332 1683 1363 vultus

228 1382 260 1409 et
282 1379 364 1410 oculi
379 1379 412 1410 in
436 1379 523 1410 illum
536 1379 723 1420 flectuntur,
744 1381 775 1410 et
798 1379 914 1410 mavult
935 1378 1051 1408 satiare
1075 1378 1176 1408 oculos
1200 1385 1271 1408 caro
1297 1375 1436 1415 conjuge,
1457 1385 1546 1415 qnam
1571 1374 1683 1405 ultima

227 1419 306 1453 loce.
352 1421 437 1452 Tum:
451 1422 583 1452 moriens
602 1422 649 1453 sic
673 1422 848 1452 consolatur
869 1422 1047 1451 concordem
1072 1420 1236 1451 maritum.-
1262 1418 1344 1450 Pars
1367 1417 1480 1449 onimoe
1504 1426 1683 1448 remansura

228 1472 317 1503 πιθα»,
337 1465 388 1495 cui
417 1465 537 1495 utinum
558 1475 677 1505 possem
702 1464 838 1504 linquere
861 1473 970 1502 annos,
1000 1471 1072 1503 quos
1095 1472 1177 1493 soeva
1200 1462 1337 1501 Atropos
1363 1460 1442 1492 mihi
1465 1460 1575 1492 adimit
1589 1460 1604 1491 ,Ι
1633 1469 1682 1490 re-

227 1506 339 1546 prime,
361 1517 426 1544 oro,
441 1506 553 1548 fietus,
576 1518 630 1539 nec
642 1508 712 1546 seri
736 1511 823 1538 tuum
846 1509 954 1547 pectus
982 1505 1099 1537 crudeli
1117 1506 1256 1546 planctu,
1285 1514 1340 1535 nec
1365 1503 1468 1545 afflige
1492 1503 1683 1534 recedentem

229 1550 339 1581 uxoris
365 1550 516 1583 umbram.
564 1551 698 1592 Desero,
717 1550 867 1591 equidM,
889 1550 1010 1580 tristem
1030 1552 1142 1580 torum.
1188 1548 1284 1579 Prior
1305 1546 1420 1578 absolvi
1444 1550 1583 1587 temporo
1602 1554 1683 1586 proe-

841 1642 1077 1655 eeeeeeeeeeee

228 1712 277 1750 tu,
289 1713 381 1750 pater
402 1710 492 1749 alme,
513 1712 756 1741 teneres.—-170
779 1709 903 1741 Venet.
921 1711 950 1740 1.
972 1714 1009 1741 et
1034 1707 1144 1741 codex
1165 1707 1348 1740 Senensis:
1370 1705 1554 1738 novissimus
1574 1715 1683 1743 error,-

230 1753 319 1794 quod
337 1753 504 1792 probabat
520 1753 618 1784 Eust.
639 1752 831 1784 Sivartliius
853 1753 885 1783 in
913 1752 1088 1784 Analectis
1103 1752 1161 1783 lib.
1178 1761 1218 1783 ιι.
1235 1761 1312 1792 cap.
1335 1753 1366 1782 2.
1391 1750 1564 1782 Gronovio
1582 1748 1684 1780 refer-

231 1802 326 1833 ente,
342 1796 452 1826 Diatr.
469 1805 545 1836 cap.
569 1798 623 1828 47.
647 1795 828 1826 notissimus
851 1795 961 1826 horror
987 1795 1151 1826 exhibent
1174 1795 1289 1826 Parm.
1306 1794 1401 1825 Rom.
1426 1793 1563 1824 vicent.
1585 1792 1683 1823 Brix.

230 1837 335 1870 Aldd.
364 1839 473 1870 Colin.
504 1838 634 1880 Gryph.
660 1839 764 1870 Basil.
787 1839 902 1869 Plant.
925 1840 1096 1870 δια-174
1133 1837 1259 1868 Venet.
1286 1839 1314 1868 l.
1338 1836 1445 1867 obtusa
1470 1837 1683 1875 genas—1⁷⁷

230 1880 319 1914 Edd.
352 1886 436 1913 vett.
459 1881 600 1922 possim5
623 1881 847 1912 Marklandus
876 1882 994 1922 reponi
1017 1880 1123 1922 jussit
1147 1882 1380 1920 possem—181
1406 1879 1521 1910 Parm.
1545 1879 1685 1914 mmm,-

231 1925 328 1957 Rom.
344 1925 468 1956 Venet.
483 1927 514 1956 2.
531 1927 564 1956 3.
579 1928 610 1956 4.
627 1923 730 1956 Aldd.
748 1924 1005 1965 Colin.·Gryph.
1024 1924 1130 1956 Basil.
1145 1924 1260 1955 Plant.
1285 1924 1348 1954 διο.
1373 1924 1494 1954 maestos
1503 1931 1516 1958 ,·
1540 1930 1601 1961 pro
1616 1929 1684 1962 quo

886 2010 918 2042 N
924 2009 1027 2042 OTAE

273 2076 336 2105 169
363 2073 493 2114 Vacuoe]
516 2073 611 2105 Nihil
636 2073 804 2106 haberent
828 2074 933 2114 enim,

231 2124 323 2168 quod
340 2128 496 2164 agerent.

275 2178 338 2207 170
356 2175 521 2216 oculisque
534 2175 718 2206 novissimus
729 2174 831 2215 error]
846 2174 934 2206 Nos-

232 2230 287 2259 ter
300 2226 402 2258 alibi:
426 2227 436 2244 ‘
453 2226 516 2257 Ille
531 2225 638 2256 oculis
650 2231 805 2257 extremo
818 2235 933 2257 errore

231 2277 352 2308 solutis
380 2275 550 2308 Labitur.'
614 2277 776 2318 Virgilius
800 2276 844 2308 de
871 2277 932 2307 Di-

232 2329 321 2360 done
338 2327 472 2360 AEneid.
489 2336 539 2359 lv·
562 2326 771 2369 ‘oculisque
787 2328 932 2359 erranti-

231 2378 295 2410 bus
313 2378 382 2410 alto
407 2377 576 2411 Qnaesivit
591 2378 679 2409 coelo
694 2379 818 2418 lucem,
838 2378 932 2418 inge-

232 2429 387 2472 muitque
401 2429 564 2471 reperta?

286 2483 348 2513 173
381 2480 538 2521 Fortiter]
583 2480 640 2512 Sic
668 2478 757 2521 Atys
784 2480 932 2511 moriens

232 2531 339 2564 Theb.
356 2539 442 2563 vm.
466 2531 621 2564 ‘Quater
641 2530 715 2571 jam
742 2535 850 2561 morte
872 2530 932 2561 snb

233 2582 308 2623 ipsa
325 2579 378 2612 Ad
399 2589 519 2611 nomen
536 2580 627 2611 visus
644 2579 850 2621 dejectaque
865 2579 934 2611 for-

232 2632 318 2663 titer
333 2640 392 2662 ora
406 2629 573 2662 Sustulit.’

271 2684 335 2714 174
351 2681 420 2714 Nec
427 2681 491 2712 sole
501 2689 639 2720 supremo
648 2681 794 2721 Lumina,
801 2681 853 2712 sed
867 2681 934 2712 dul-

236 2733 266 2765 ci
292 2733 408 2764 mavult
424 2731 541 2763 satiare
562 2732 692 2773 marito]
728 2732 825 2764 Idem
847 2731 934 2774 Atys

234 2784 383 2816 moriens
394 2782 500 2816 Theb.
515 2789 596 2815 vm.
613 2782 730 2814 ‘Illam
741 2792 841 2815 unam
856 2792 937 2824 neg-

986 2074 1076 2106 lecto
1103 2072 1228 2104 lumine
1247 2072 1327 2104 solis
1354 2070 1502 2112 Aspicit,
1526 2074 1564 2102 et
1589 2069 1686 2102 vultu

987 2134 1053 2156 uon
1071 2123 1260 2157 exsatiatur
1275 2121 1408 2154 amico.’

1031 2178 1092 2208 177
1121 2175 1205 2207 Pars
1228 2174 1340 2206 anima·
1362 2173 1485 2204 victura
1510 2171 1601 2214 τηεσε]
1638 2170 1686 2204 Α-

986 2233 1118 2258 mantes
1143 2226 1230 2256 enim
1254 2233 1356 2256 unam
1378 2223 1504 2255 babere
1527 2223 1688 2254 dicuntur

988 2277 1146 2316 animam,
1173 2286 1248 2318 quae
1278 2274 1345 2306 duo
1375 2282 1520 2314 corpora
1549 2273 1687 2304 animat.

989 2329 1049 2360 Cui
1063 2328 1199 2369 linquere
1210 2335 1327 2368 possem
1338 2325 1368 2356 0
1379 2324 1511 2363 utinam,
1521 2332 1595 2364 quos
1608 2324 1687 2355 dnm

986 2379 1064 2411 mihi
1084 2378 1170 2419 rapit
1184 2377 1332 2418 Atropos,
1346 2375 1458 2416 annos]
1481 2375 1606 2407 Similis
1620 2373 1686 2406 fuit

986 2429 1057 2461 voti
1087 2437 1226 2468 compos
1257 2426 1405 2459 Alcestis
1431 2425 1522 2467 apud
1552 2423 1686 2465 Euripi·

986 2479 1083 2511 dem:
1107 2477 1187 2518 Ἐγώ
1207 2488 1244 2509 σε
1268 2474 1494 2518 πρεσβεύουσα,
1517 2474 1604 2507 κείνη
1628 2474 1685 2512 τῆς

986 2529 1059 2568 ἐμῆς
1079 2529 1189 2568 Ψυχῆς
1211 2526 1447 2568 καταστήσασα,
1462 2527 1526 2566 φῦς
1540 2524 1604 2556 τόδ’
1620 2523 1684 2557 εἰσ-

987 2580 1069 2621 ορᾷν,
1089 2577 1230 2615 erbo-xm.
1275 2578 1305 2608 0
1332 2578 1382 2608 vir
1408 2578 1536 2608 salutem
1557 2574 1685 2616 proetuli

987 2634 1073 2662 tuam
1087 2639 1175 2667 meae,
1196 2631 1231 2659 ul
1249 2638 1306 2669 pro
1321 2637 1369 2658 me
1381 2625 1442 2658 tibi
1455 2627 1551 2658 lucem
1562 2627 1702 2658 cernere·

987 2682 1105 2720 liceret,
1127 2679 1266 2712 emorior.

1032 2734 1093 2763 181
1117 2730 1210 2763 Salvo
1223 2732 1325 2760 tamen
1338 2726 1461 2767 ordine]
1487 2727 1577 2760 Quia
1591 2727 1682 2760 Pris-

989 2781 1070 2814 cilla
1083 2778 1287 2824 provectiori
1308 2781 1411 2809 aetate
1426 2781 1513 2810 erat.
