1800 3060
227 217 315 260 446

720 227 764 257 Ρ.
798 223 991 256 ΡΑΡΙΝΙΙ
1027 223 1196 256 STA'I’u

229 335 395 376 Pectus
415 333 649 375 amicitiae:
681 330 800 374 cedit
819 331 902 373 tibi
925 332 1067 385 gloria
1086 331 1165 372 fidi

228 403 446 451 Theseos,
469 406 515 441 et
533 401 730 441 lacerum
753 400 829 453 qui
850 400 970 440 circa
987 399 1152 440 moenia
1171 397 1321 453 Trojae

230 469 520 519 Priamidem‚
542 481 663 510 caeso
686 468 849 510 solatia
870 467 1008 509 traxit
1029 466 1192 508 amico.

229 590 330 618 tecum
343 585 535 624 conferatur,
548 585 610 616 erit
623 585 798 624 exemplum
819 584 910 614 almae
930 582 1092 614 amicitioe.
1141 581 1253 613 Gloria

1608 465 1695 508 105

1268 580 1335 623 fidi
1353 580 1463 612 Thesei
1483 579 1543 611 tibi
1560 579 1652 620 cedit,
1667 582 1699 610 ct

229 629 328 668 illius,
343 628 397 669 qui
409 628 548 669 raptavit
564 628 648 659 circa
663 637 765 658 muros
783 625 884 664 Trojae
898 626 1088 665 discerptum
1107 625 1277 657 Hectorem
1302 623 1427 656 Priami
1431 623 1552 665 filium,
1571 622 1605 654 in
1619 623 1699 654 sola-

231 671 311 704 tium
323 671 452 712 dowris,
466 680 554 713 quem
567 670 735 712 recipiebat
750 672 848 701 morte
862 668 956 702 occisi
970 668 1076 701 amici.

842 762 1064 775 comeo
1069 762 1090 773 ιο

233 833 310 865 mihi
325 833 406 864 enim
423 832 620 873 Tirynthius,
636 832 725 862 almoe
742 831 857 862 Pectus
871 829 1033 870 amicitiae,
1045 828 1139 868 cedit,
1153 830 1206 867 ὅγε.
1230 828 1284 859 vel
1297 838 1305 859 :
1328 827 1407 858 mihi
1419 826 1503 858 enim
1515 826 1703 869 Tirynthius

232 877 315 908 alma
338 876 448 908 Victus
465 875 607 907 amicicia
618 876 698 906 cedit
710 885 723 912 ,·
747 874 900 906 Cruceus
919 882 1023 905 vero:
1047 881 1102 904 nec
1118 872 1201 903 enim
1213 874 1243 903 te
1257 871 1374 903 rectius
1388 872 1492 912 «ihm,
1507 872 1560 912 ⁸5⁶·

900 968 1044 1001 NOTAE

234 1042 333 1080 gusta
345 1037 504 1079 phaselus
515 1035 690 1078 AEqnore.'
719 1035 866 1077 Supple,
875 1039 941 1067 est.

234 1090 292 1122 Sic
307 1088 409 1120 alibi:
431 1089 441 1105 ‘
457 1088 616 1129 Expositi
631 1097 766 1128 census,
787 1091 823 1118 et
839 1086 943 1118 docto

235 1140 371 1173 fruendi
382 1138 593 1181 temperies!
621 1139 770 1180 Nempe,
780 1143 858 1170 sunt
870 1138 944 1171 tibi.

237 1193 316 1225 Nec
339 1191 396 1223 hic
410 1192 505 1223 locus
522 1191 683 1222 absolute
698 1189 944 1231 intelligendus

236 1249 303 1283 est,
315 1243 375 1275 sed
390 1247 590 1283 comparate
607 1241 840 1283 accipiendus.
884 1240 946 1273 Ait

238 1295 329 1327 enim
356 1294 470 1326 Poeta
493 1296 624 1325 tantam
650 1302 728 1324 esse
750 1293 843 1324 inter
859 1302 896 1324 se
912 1297 948 1324 et

238 1345 446 1377 Marcellum
461 1343 659 1383 amicitiam,
675 1348 714 1374 ut
729 1343 758 1373 si
776 1342 948 1374 Hercules

239 1406 318 1428 cum
333 1396 409 1437 ipso
434 1399 667 1436 comparetur,
691 1394 837 1434 amplius
865 1394 950 1425 ami-

239 1447 333 1479 citiae
349 1446 547 1487 exemplum
562 1455 630 1477 non
647 1446 692 1477 sit
705 1445 852 1477 futurus.
877 1445 949 1477 No-

240 1497 385 1530 tandum
397 1502 451 1528 est
463 1497 552 1528 enim
566 1496 657 1537 apud
671 1496 829 1538 antiquos
840 1495 948 1528 maxi-

241 1558 296 1581 me
324 1547 494 1580 celebrari
523 1547 592 1579 tria
621 1548 808 1579 amicorum
839 1547 949 1588 paria,

242 1599 406 1632 Herculis
417 1604 453 1630 et
467 1598 674 1639 Telamonis,
687 1598 808 1630 Thesei
830 1603 868 1630 et
891 1598 951 1629 Pi-

243 1651 360 1692 rithoi,
383 1650 531 1683 Achillis
556 1653 595 1682 et
619 1649 785 1688 Patrocli,
805 1658 881 1690 quae
898 1648 953 1680 hic

243 1706 403 1734 recenset
431 1700 557 1732 Poeta.
616 1699 716 1731 Adde
746 1698 888 1740 Pyladis
917 1702 954 1730 et

245 1753 396 1794 Orestis,
411 1751 522 1793 Tydei
535 1755 573 1783 et
587 1750 778 1792 Polynicis.
807 1750 953 1791 Elegan-

245 1809 300 1836 ter
325 1809 442 1835 eutem
471 1801 560 1833 dixit
583 1805 692 1842 pectus
716 1800 864 1832 amicuiae
891 1810 953 1841 pro

245 1855 370 1886 amico.
413 1853 472 1884 Sic
496 1851 671 1884 Martialis
696 1851 755 1882 lib.
771 1859 824 1883 lx.
850 1850 953 1891 Epig.

247 1909 300 1938 15.
344 1904 388 1938 In
401 1903 502 1936 fictos
518 1903 645 1934 amicos
660 1913 669 1933 :
692 1903 702 1920 ‘
719 1902 836 1940 Hunc,
853 1910 955 1943 quem

247 1965 347 1988 coena
362 1954 439 1994 tibi,
466 1963 566 1995 quem
589 1962 707 1984 mensa
724 1951 859 1992 paravit
874 1951 957 1982 ami-

247 2015 338 2046 cum,
359 2006 445 2038 Esse
471 2008 573 2045 putas
595 2002 675 2034 fidae
701 2007 823 2044 pectus
841 2002 958 2033 amici-

248 2056 307 2088 tiae
320 2055 348 2087 ῥ’
393 2054 559 2087 Manilius
591 2053 734 2085 Astron.
765 2061 806 2084 11.
845 2052 855 2070 ‘
880 2052 958 2086 Quo

248 2107 342 2139 circa
357 2105 440 2138 nihil
455 2114 501 2136 ex
516 2114 553 2136 se
569 2110 694 2136 natura
718 2103 850 2135 creavit
874 2103 960 2134 Pec-

251 2163 326 2190 tore
349 2155 514 2189 amicitiae
538 2155 662 2197 majus,
684 2164 749 2186 nec
772 2154 881 2186 rarius
901 2163 961 2185 un-

998 1043 1112 1076 quam.
1156 1033 1253 1065 Unus
1269 1036 1343 1064 erat
1359 1030 1523 1072 Pylades,
1542 1039 1628 1062 unns
1647 1031 1705 1072 qui

998 1085 1118 1116 mallet
1133 1084 1274 1116 Orestes
1291 1084 1370 1124 Ipse
1386 1081 1497 1114 mori-⁵
1539 1082 1601 1113 Est
1614 1082 1704 1113 enim

999 1135 1173 1177 religionis
1198 1139 1235 1167 et
1259 1134 1342 1166 fidei
1367 1133 1467 1166 sedes
1489 1133 1524 1164 in
1547 1137 1705 1174 pectore.

998 1188 1134 1220 Seneca
1160 1187 1204 1219 de
1231 1184 1356 1218 Benef.
1374 1185 1443 1217 lib.
1472 1193 1523 1216 vt.
1548 1194 1626 1225 cap.
1650 1186 1706 1216 34.

1004 1239 1014 1256 ‘
1030 1239 1071 1270 In
1102 1245 1246 1280 pectore
1274 1237 1417 1277 amicus,
1447 1245 1514 1267 non
1543 1235 1576 1266 in
1607 1235 1708 1267 atrio.

1004 1290 1073 1322 Hic
1089 1289 1307 1331 recipiendus
1324 1293 1391 1326 est,
1412 1287 1483 1319 illic
1498 1285 1709 1327 retinendus,

1003 1346 1040 1373 et
1056 1341 1090 1372 in
1107 1350 1239 1372 sensum
1253 1338 1517 1372 recondendus:
1559 1338 1710 1379 Symma-

1004 1392 1087 1424 chus
1110 1392 1168 1425 lib.
1184 1401 1235 1424 1v.
1261 1392 1371 1432 Epist.
1396 1393 1451 1422 42.
1475 1390 1485 1407 ‘
1501 1389 1628 1421 Nostra
1652 1398 1709 1420 ea-

1003 1443 1088 1474 ritas
1105 1442 1210 1484 adyto
1226 1446 1406 1484 pectorum
1421 1438 1656 1472 recondatur?

1048 1496 1110 1525 103
1136 1493 1227 1524 Cedit
1243 1492 1304 1524 tibi
1316 1491 1421 1531 gloria
1434 1491 1502 1533 fidi
1518 1490 1664 1530 Theseos,
1678 1492 1710 1522 et

1003 1545 1138 1576 lacerum
1152 1544 1207 1585 qui
1225 1544 1309 1575 circa
1322 1542 1436 1575 moenia
1449 1541 1554 1580 Trczioe
1568 1540 1710 1573 Priami-

1003 1595 1086 1634 dem,
1101 1603 1179 1626 caeso
1192 1593 1307 1625 solatia
1318 1592 1419 1624 traxit
1431 1591 1544 1633 amico]
1563 1591 1612 1622 De
1623 1590 1714 1622 The·

1005 1654 1065 1676 seo
1088 1643 1168 1676 vide
1190 1653 1268 1686 quae
1299 1643 1447 1674 diximus
1471 1641 1578 1674 Theb.
1605 1650 1630 1673 1.
1668 1641 1712 1673 de

1007 1694 1143 1727 Achille
1171 1694 1249 1726 vide
1275 1694 1374 1725 initio
1400 1693 1460 1725 lib.
1475 1701 1501 1725 1.
1528 1690 1711 1724 Achilleid.

1011 1745 1091 1786 Qui]
1114 1745 1156 1776 Id
1172 1750 1238 1785 est,
1255 1744 1420 1776 Achilles.
1462 1743 1616 1775 Lucerum
1630 1742 1716 1774 circa

1007 1797 1122 1828 moem'a
1135 1796 1236 1835 Trojoe
1247 1793 1460 1836 Priamidem]
1481 1794 1605 1835 Tangit
1614 1791 1713 1824 fabu-

1008 1849 1088 1890 lam,
1102 1858 1169 1889 qua
1185 1847 1314 1879 dicitur
1326 1845 1478 1878 Achilles
1489 1853 1613 1886 corpus
1623 1843 1715 1875 Hec-

1010 1900 1092 1931 toris
1111 1898 1266 1940 traJectis
1283 1907 1345 1939 per
1358 1897 1538 1929 calcaneos
1551 1894 1628 1926 loris
1639 1903 1715 1926 cur-

1009 1951 1062 1982 rui
1090 1950 1260 1991 alligasse,
1294 1957 1335 1979 ac
1365 1947 1510 1979 traxisse
1540 1951 1594 1976 ter
1622 1945 1716 1976 circa

1010 2002 1128 2044 Trojae
1155 2001 1288 2032 moenia.
1341 1996 1551 2038 Priamidem]
1583 1996 1717 2028 Hecto·

1013 2063 1086 2084 rem
1104 2052 1230 2084 Priami
1246 2050 1365 2082 filium.
1406 2049 1494 2081 Coeso
1507 2047 1624 2090 amico]
1650 2047 1716 2078 Pa-

1014 2104 1122 2136 troclo
1135 2102 1249 2134 occiso
1265 2101 1308 2133 ab
1325 2100 1493 2132 Hectore.

441 2299 489 2329 v.
551 2286 804 2329 LYRmUM*
837 2297 905 2327 AD
939 2295 1220 2327 εΕΡΤιΜῑυΜ
1254 2289 1527 2327 sssvmwm

253 2377 495 2420 Eloquentiam
511 2377 548 2409 in
563 2376 735 2419 Septimio
758 2375 926 2418 probitati
941 2375 1115 2417 junctam,
1138 2380 1175 2408 et
1198 2376 1297 2418 pacis
1324 2375 1474 2408 studium
1500 2375 1535 2406 in
1561 2383 1604 2406 eo
1629 2382 1719 2405 com-

297 2432 450 2464 mendat-

371 2507 539 2549 PAva
560 2508 720 2550 beatus
741 2507 853 2549 ruris
871 2506 1133 2557 honoribuS,

301 2609 397 2643 Felix
410 2609 577 2652 honorifico
590 2611 668 2642 dono
685 2610 811 2651 exiguoe
825 2609 922 2650 ville,
942 2609 1014 2641 sitoe
1037 2619 1098 2650 qua
1123 2608 1206 2642 Alba
1231 2608 1362 2650 antiqua
1385 2610 1551 2641 venmtnr
1575 2604 1721 2645 ffljamae

875 2693 994 2705 ooooo

301 2750 452 2792 Lyn-icum
465 2751 506 2782 ad

995 2692 1114 2704 ccccc

521 2749 594 2791 Sep.
609 2749 756 2781 Set-emm
771 2750 869 2781 Rom.
887 2748 993 2781 Aldd.
1017 2748 1126 2781 Colin.
1149 2747 1282 2790 Gryph.
1312 2748 1376 2779 διο.
1424 2746 1558 2778 Carmen
1573 2744 1722 2786 Lyn-ioan

259 2793 376 2827 Parin.
423 2794 559 2827 Carmen
572 2793 722 2834 Dyr-icum
737 2794 777 2824 ad
793 2792 968 2834 Septimum
983 2791 1133 2824 Severum
1145 2789 1380 2824 Marklandus.
1425 2788 1576 2821 Serenum
1589 2788 1722 2829 legeret
