1800 3060
202 232 289 275 542
700 244 739 273 Ρ,
774 244 965 275 mrum
1001 244 1166 276 srAru

203 340 432 382 Solantem
455 352 602 390 curas,
619 343 722 382 tuus
741 344 793 382 ut
815 340 919 382 mihi
939 341 1134 383 vultibus
1155 341 1269 395 ignis

204 408 412 459 Irrubuit,
434 409 716 463 cineremque
737 409 879 450 oculis
895 410 1174 451 humentibus
1189 411 1332 452 hausi.

201 475 321 518 Vilis
342 475 485 516 honos
508 476 693 517 studiis:
725 478 803 518 vix
821 477 919 518 haec
934 478 982 517 in
1001 490 1184 519 munera
1204 479 1330 520 solvo

202 543 400 585 Primum
422 544 641 596 animum3
674 545 912 599 tacitisque
929 546 1066 586 situm
1086 545 1308 600 depellere
1327 546 1444 588 curis

201 611 338 653 Nunc
358 611 493 653 etiam
514 612 763 667 trepidante
781 625 932 663 manu,
950 625 1033 654 nec
1050 613 1216 655 lumine
1236 615 1358 656 sicco

202 679 379 731 Ordior,
400 681 583 722 acclinis
603 681 789 731 tumulo,
811 694 899 735 quo
921 681 1054 722 molle
1076 682 1275 735 quiescis

199 747 230 790 J
233 761 368 802 ugera
386 753 535 791 nostra
554 755 736 802 tenens;
767 750 844 791 ubi
863 753 968 803 post
988 749 1152 791 AEneia
1170 750 1266 792 sata

198 815 393 868 Solinus,
415 816 558 859 Latiis
578 818 766 871 ingessit
787 818 1012 859 montibus
1034 817 1197 860 Albam

197 883 440 935 Ascanius,
461 885 653 941 Phrygio
674 885 778 927 dum
799 886 987 939 pingues
1002 886 1213 939 sanguine
1228 898 1415 940 campos

199 951 321 1004 Odit,
340 957 384 994 et
403 953 616 996 infaustae
637 967 815 1008 regnum
838 952 990 995 dotale
1010 966 1226 996 novercae.

1597 955 1655 997 40

195 1075 360 1107 lenientem
373 1079 496 1108 Μαίας
509 1087 675 1109 oemmnas.
719 1077 796 1108 Mea
809 1076 914 1108 studia
927 1077 1107 1116 enitescunt,
1121 1087 1162 1108 ex
1175 1087 1234 1118 quo
1249 1087 1346 1118 rogus
1356 1080 1429 1110 tuus
1441 1076 1520 1108 mihi
1534 1076 1654 1117 illuxit,

195 1121 227 1150 et
241 1118 332 1150 hausi
344 1122 431 1151 tuum
444 1119 579 1151 cinerem
593 1120 748 1162 flentibus
762 1120 869 1151 oculis.
920 1120 983 1152 Vix
991 1121 1126 1161 primum
1139 1121 1245 1152 relaxo
1259 1121 1396 1152 animum
1411 1121 1445 1152 in
1469 1120 1535 1151 hoec
1549 1122 1627 1152 dmm
1641 1131 1655 1158 ,-

195 1164 228 1192 et
243 1171 323 1193 nunc
337 1162 436 1194 adhuc
449 1163 578 1195 cadente
591 1174 696 1203 manu,
718 1173 774 1195 nec
788 1163 888 1194 aridis
898 1163 993 1195 oculis
1007 1163 1122 1205 incipio
1132 1167 1274 1195 excutere
1288 1163 1435 1196 inertiam
1448 1163 1486 1195 ab
1511 1173 1597 1204 egro
1623 1166 1657 1195 et

195 1203 292 1235 tacito
305 1208 439 1246 pectore,
457 1207 596 1246 sepulcro
611 1207 750 1245 innixus,
774 1216 831 1247 quo
847 1206 961 1238 leniter
965 1206 1055 1245 jaces
1068 1216 1220 1247 occupans
1243 1209 1351 1238 nostra
1376 1216 1466 1246 arva,
1487 1206 1541 1238 ubi
1554 1207 1657 1238 Asca-

194 1247 279 1289 nim,
299 1249 412 1279 solatio
431 1252 556 1290 accepto
576 1253 648 1290 post
671 1253 801 1281 mortem
817 1251 936 1289 AEneae,
956 1249 1095 1289 condidit
1116 1249 1229 1281 Albam
1248 1259 1343 1290 supra
1366 1254 1486 1281 montes
1509 1249 1653 1286 Latinos,

195 1291 269 1322 dum
283 1294 446 1324 aversatur
455 1302 550 1333 agros
563 1293 679 1335 opimos
690 1302 798 1325 more
813 1293 972 1335 Phrygio,
993 1296 1025 1325 et
1039 1293 1141 1325 dotale
1153 1293 1319 1335 imperium
1332 1293 1480 1332 infausta»
1504 1302 1652 1324 notercoe.

798 1388 1018 1401 OO‘OWO‘OO
1021 1388 1040 1400 0

192 1454 236 1484 32
260 1451 331 1484 Pro
345 1453 434 1485 hausi
446 1453 644 1486 Parmensis
658 1454 786 1493 'neusin
807 1455 906 1487 Rom.
922 1454 1090 1486 mast—33
1113 1454 1211 1486 Rom.
1235 1458 1270 1486 et
1282 1455 1408 1487 Venet.
1433 1458 1466 1487 2.
1489 1455 1556 1488 hoec
1575 1457 1655 1489 milti

193 1499 420 1529 mmm—34
443 1497 657 1532 Parmensis:
680 1497 950 1539 tacitusque-35
976 1497 1071 1529 Nunc
1092 1498 1189 1530 etiam
1214 1498 1334 1530 labente
1355 1508 1461 1537 manu,
1482 1509 1575 1541 nunc,
1595 1501 1650 1542 ᾅε.

192 1538 229 1570 in
253 1540 399 1580 vulgatis
412 1552 421 1581 3
451 1540 595 1572 hebetant
619 1550 711 1572 manu
736 1541 953 1580 Parmensis3
977 1540 1138 1572 hebetante
1160 1551 1253 1572 numu
1277 1541 1375 1574 Rom.
1407 1542 1535 1573 hebente
1558 1553 1653 1576 mm

190 1581 314 1613 Venet.
329 1585 360 1613 1.
381 1583 553 1624 trepidante
566 1594 660 1615 manu
676 1588 729 1615 est
747 1593 789 1614 ex
805 1583 1042 1616 emendatione
1057 1583 1264 1624 Marklandi‚
1286 1585 1343 1626 qui
1357 1594 1421 1626 pro
1441 1594 1525 1616 nunc
1551 1595 1651 1627 repo-

191 1624 262 1657 suit
276 1625 378 1657 etiam
393 1636 459 1657 nec.
491 1626 608 1658 Verba
622 1636 676 1658 nec
691 1627 806 1658 lumine
827 1628 907 1658 sicco
923 1631 1073 1658 mutaret
1099 1627 1285 1666 Barihius5
1307 1627 1366 1659 sed
1389 1628 1557 1669 quomodo
1582 1639 1650 1661 non

189 1671 433 1708 apparet—36
456 1670 669 1709 Parmensis,
690 1671 769 1701 mole
783 1671 1012 1711 quianam—³8
1035 1670 1187 1702 Stellam
1212 1671 1326 1702 Parm.
1349 1671 1448 1703 Rom.
1464 1671 1590 1704 venet.
1615 1675 1649 1705 2.

190 1715 228 1743 et
244 1715 315 1743 vet.
334 1711 593 1754 Lindeubrogii‚
617 1713 781 1754 probante
797 1713 874 1745 Nic.
890 1713 1047 1745 Heinsio.
1093 1713 1181 1745 Vide
1204 1713 1335 1755 Syllog.
1362 1714 1474 1754 Epist.
1492 1714 1590 1748 Tom.
1606 1724 1647 1748 n.

189 1764 226 1796 p.
240 1756 406 1788 'tm—39
429 1755 590 1797 Phrygios
601 1757 675 1788 dum
691 1755 826 1798 pingues
840 1757 939 1789 Rom.
951 1757 1078 1789 Venet.
1092 1757 1124 1788 2.
1151 1759 1188 1790 et
1209 1761 1280 1789 vet.
1307 1755 1648 1800 LindenbrogiL—ass

844 1832 988 1866 NOTAE

189 1904 238 1926 sa.
273 1895 450 1928 Musarum
466 1896 556 1928 enirn
571 1898 686 1930 natale
701 1898 736 1930 in
750 1907 890 1931 nemore
944 1897 981 1930 in
998 1896 1214 1930 Surrentino.

187 1944 366 1978 Heliconis
382 1947 505 1978 montis
518 1947 675 1980 Boeotiae.
986 1949 1029 1979 38
1053 1947 1195 1988 Solutus]
1218 1947 1371 1988 Passim,
1396 1951 1456 1980 ant
1477 1957 1512 1980 se
1531 1947 1646 1980 subin-

229 1998 271 2028 31
298 1996 383 2028 Tuus
395 1997 494 2038 ignis]
517 1997 614 2038 Ignis
631 1998 682 2029 tui
698 1998 782 2039 rogi.
943 1998 1167 2038 telligendum
1190 2002 1254 2030 est.
1297 1998 1403 2030 Latiis
1415 1999 1550 2039 ingenit
1560 2009 1644 2031 mou·

229 2047 272 2078 ³4
296 2047 440 2078 Primum
463 2047 616 2088 animum]
647 2047 793 2080 Primum
820 2048 890 2080 ele·
943 2047 1027 2079 tibus
1040 2047 1154 2079 Auum
1166 2048 1334 2089 Amnius]
1356 2048 1521 2081 Ascanius
1531 2049 1648 2082 AEneae

185 2101 307 2138 gauter
321 2097 410 2130 dixit
424 2099 574 2139 animum,
591 2107 653 2139 pro
678 2108 852 2130 reversum
870 2108 890 2130 a
942 2097 1044 2130 filins.
1089 2098 1136 2136 Is,
1159 2103 1198 2130 ut
1220 2099 1270 2131 ait
1293 2099 1412 2131 Livius
1425 2099 1486 2131 lib.
1500 2109 1526 2132 1.
1543 2100 1650 2131 abun·

186 2152 340 2189 stupore,
363 2157 430 2190 quo
454 2149 576 2188 nimius
609 2148 707 2180 dolor
739 2154 888 2181 mentem
943 2148 1046 2181 dante
1061 2149 1197 2182 Lavinii
1220 2149 1645 2189 multitudine,floremem

184 2198 259 2239 ejus
273 2198 448 2231 obruerat.
935 2199 1006 2241 jam
1042 2204 1145 2242 atque
1172 2201 1372 2242 opulentam
1398 2201 1518 2234 urbem
1543 2201 1645 2234 matri

227 2252 268 2281 35
291 2249 431 2282 Lubente
443 2249 552 2292 manu]
562 2250 726 2292 Virgilius
744 2251 819 2283 AEn.
835 2260 887 2283 vx.

184 2301 194 2317 ‘
205 2301 275 2333 Ter
290 2305 434 2333 conatus
461 2307 536 2333 erat
552 2311 649 2333 casus
665 2301 827 2344 effingere
850 2301 886 2334 in

184 2361 280 2392 auro,
308 2351 378 2383 Ter
410 2352 530 2393 patriae
563 2352 723 2384 cecidere
745 2352 888 2384 manus?

184 2402 254 2432 Nec
283 2401 397 2444 [nunc]
421 2403 536 2434 lumine
555 2403 652 2444 sicco]
689 2403 806 2435 Scribe
831 2413 887 2436 nec

181 2450 295 2482 lumine
308 2453 405 2483 sicco.-
432 2462 511 2484 nam
526 2453 629 2486 infra.
666 2454 676 2472 ‘
689 2454 811 2486 Snmas
828 2463 884 2496 ge-

179 2501 284 2534 mitus
296 2508 333 2533 et
350 2503 492 2535 vulnera
505 2504 591 2542 nati,
608 2505 653 2536 Et
669 2505 862 2547 lacrymas?

224 2555 267 2585 86
287 2552 443 2594 Αοεῑὶπὶε]
459 2554 529 2585 Pro
545 2555 746 2595 acclinatus„
757 2560 795 2588 ut
807 2564 885 2587 con-

182 2607 285 2644 gruat
305 2604 351 2644 τῷ
377 2603 626 2645 προκεκλιμένος.
670 2605 783 2647 Molle]
814 2606 884 2638 Pro

180 2654 341 2686 molliter.

222 2706 264 2735 37
278 2705 402 2744 Jugera
409 2707 516 2736 nostra
526 2704 649 2745 tenens]
663 2705 781 2738 Innuit
794 2716 882 2748 prae-

181 2754 272 2786 dium
304 2756 442 2797 Papinii
467 2756 650 2797 Albanum,
670 2757 762 2798 quod
793 2757 882 2789 dono

181 2811 364 2848 acceperat
386 2817 406 2838 a
429 2807 638 2847 Domitiano,
665 2813 703 2839 ut
733 2808 879 2840 diximus

941 2260 1003 2283 seu
1019 2260 1178 2283 novercae
1191 2252 1341 2294 reliquit,
1355 2261 1476 2284 novam
1494 2253 1566 2294 ipse
1584 2252 1646 2284 ali-

941 2311 995 2333 am
1008 2301 1070 2334 sub
1084 2301 1218 2334 Albano
1234 2307 1351 2334 monte
1365 2303 1399 2334 in
1414 2303 1514 2335 Latio
1529 2302 1645 2335 condi-

940 2351 1005 2393 dit,
1030 2362 1106 2394 qnae
1133 2362 1152 2384 a
1174 2353 1242 2384 situ
1275 2360 1447 2394 porrectae
1478 2353 1513 2385 in
1543 2354 1644 2386 dorso

940 2403 1035 2434 urbis
1053 2403 1155 2444 ionga
1179 2403 1272 2435 Alba
1291 2404 1466 2445 appellata
1480 2409 1546 2437 est.
1583 2404 1644 2436 -Ιπ-

936 2453 1053 2494 gessz'e]
1074 2454 1184 2487 Theb.
1207 2463 1259 2486 ιν.
1292 2454 1304 2472 ‘
1316 2455 1362 2487 Et
1378 2454 1515 2487 summis
1530 2454 1640 2495 inges-

939 2509 1010 2536 tum
1027 2504 1200 2536 montibus
1217 2503 1331 2546 AEpy.'

981 2557 1024 2586 39
1045 2554 1206 2596 Phrygio]
1227 2554 1385 2596 'ri-ojano.
1421 2553 1536 2586 Multa
1550 2552 1640 2584 enim

939 2605 1030 2637 bella
1053 2611 1208 2647 gesserat
1236 2605 1360 2638 AEneas
1386 2614 1461 2636 cnm
1494 2604 1640 2645 Latinis,

938 2657 1140 2699 Rutilisque‚
1176 2657 1211 2689 in
1234 2655 1355 2698 quibus
1375 2654 1476 2686 multi
1497 2654 1640 2696 Trojani

936 2707 1148 2739 ceciderant.

978 2760 1021 2790 40
1043 2757 1195 2796 Insanum
1208 2755 1360 2797 novercoe]
1381 2754 1544 2788 Laviniae.
1566 2754 1640 2787 Ati-

935 2808 993 2850 qui
1028 2809 1162 2850 iegunt,
1196 2807 1330 2846 infesta.
1374 2805 1516 2839 Infestae
1549 2806 1636 2839 enim
