1800 3060
0 2731 2 2753 l

0 2784 6 3060 k

564 203 843 236 svnvauuu
877 203 971 234 mn.
995 203 1046 235 n.
1076 193 1117 236 7.
1476 195 1562 238 273

334 298 451 350 Quae
470 297 701 342 Tritonide
721 297 886 341 fertiles
904 297 1107 341 Athenas

335 367 508 418 UnctiS,
527 367 719 417 Baetica,
735 378 951 420 provocas
971 366 1167 421 trapetis.

334 433 561 476 Lucanum
581 438 714 488 potes
733 433 950 488 imputare
970 434 1095 475 terris
1113 447 1125 486 ;
1501 436 1559 479 30

336 501 443 543 Hoc
458 502 559 556 plus
572 513 708 556 qnam
728 500 941 543 Senecam
955 500 1131 543 dedisse
1149 501 1329 553 mundo,

106 622 152 655 Ee
164 633 232 665 que
244 623 370 655 hassis
383 623 484 655 uncti,
493 622 628 664 trapetis
642 621 911 662 Athenaseruces
921 623 996 654 oleoe
1010 622 1174 660 Palladiae,
1185 626 1274 664 potes
1288 623 1443 664 imputare
1455 622 1557 654 Luca-

104 675 179 698 nam
193 665 285 705 orbi5
299 666 354 698 hoe
364 667 434 708 plus
446 670 507 707 ese,
525 675 616 707 qm
626 665 798 707 prebuisse
812 666 909 698 terris
921 664 1083 707 Senecam,
1095 670 1151 698 nat
1163 667 1321 708 peperisse
1334 676 1458 698 sautem
1476 665 1555 697 Gul-

709 747 731 760 0

105 814 201 847 ninia
213 813 310 847 malit
322 814 559 847 Marklandus.
604 813 656 847 Cf.
680 814 803 847 Senec.
829 815 936 849 Herc.
958 817 1030 850 OEt.
1057 818 1240 848 1778.-29
1261 815 1362 848 Rom.
1384 818 1538 856 trapetum
1545 825 1560 853 ;

104 857 175 898 alii,
193 857 432 899 umentia—31
457 859 467 875 ‘
486 858 687 890 Notandum
701 859 838 890 unicum
855 863 988 891 tantum
1003 859 1150 891 Senecam
1164 859 1347 891 memorari
1362 867 1382 890 a
1398 858 1559 900 Papinio,

103 900 217 942 palam
230 901 352 932 omisso
367 901 489 940 altero,
508 901 566 942 qui
589 901 599 918 ‘
615 901 807 942 Tragicus‚’
830 902 986 942 ingratiis
1010 912 1090 934 vere
1104 903 1282 934 doctorum
1297 901 1484 940 hominum,
1506 900 1560 931 di-

104 942 207 975 citur.
247 942 284 974 Si
299 943 389 974 euim
405 944 482 975 talis
497 943 619 985 aliquis
634 942 758 975 fuisset
774 944 927 975 versibus
944 945 1084 986 scriptis
1099 945 1261 983 celebris,
1288 949 1450 986 qnantum
1473 943 1558 975 fnis-

104 989 159 1017 set
173 993 288 1027 opcrae
305 990 536 1026 augmentum,
559 987 660 1018 immo
685 986 827 1027 nullum,
850 986 983 1018 Senecas
1002 987 1178 1019 scribere?
1222 986 1311 1019 Vide
1327 997 1404 1029 quae
1420 986 1453 1018 in
1470 987 1559 1017 hanc

103 1028 306 1061 sententiam
322 1028 475 1070 pluribus
490 1028 644 1061 scribunt
660 1029 711 1061 M.
727 1028 899 1062 Antonius
916 1030 1033 1062 Delrio
1048 1031 1084 1062 in
1106 1031 1186 1062 Vita
1199 1029 1341 1063 Senecae
1356 1039 1435 1072 pag.
1450 1031 1503 1061 37.
1520 1032 1558 1060 et

760 1124 903 1158 NOTAE

105 1187 215 1221 buunt
228 1188 290 1220 soli
301 1188 435 1221 Poetoe.

147 1240 191 1270 28
215 1237 393 1280 nunide]
415 1237 458 1270 ld
487 1241 552 1278 est,
580 1237 656 1270 olea
682 1237 805 1269 arbore

104 1295 252 1336 Palladi,
259 1305 336 1338 «με
349 1297 360 1314 ⁴
367 1295 520 1328 Tritonia
527 1295 536 1309 ³
549 1294 687 1335 dicitur,
697 1305 806 1328 sacra.

145 1349 200 1380 29.
211 1346 352 1388 Baeticu]
382 1347 499 1379 Tertia
515 1356 594 1387 pars
610 1346 804 1388 Hispaniae,

104 1397 153 1431 sio
175 1408 198 1430 a
219 1397 311 1430 Baeti
329 1397 466 1429 flumine
489 1407 564 1428 eam
590 1396 736 1428 mediam
753 1406 804 1429 se-

104 1452 218 1487 cante,
237 1449 344 1490 dicta,
359 1459 461 1492 quam
488 1449 614 1481 ceteris
628 1448 805 1490 Hispaniae

104 1499 260 1542 partibus
274 1499 421 1541 praefert
435 1500 580 1532 Plinius.
620 1499 663 1531 In
683 1509 723 1531 ea
738 1500 806 1532 cla-

104 1548 246 1581 riuum
259 1550 363 1582 urbes
378 1549 477 1582 fuere
499 1549 625 1591 Astigi,
641 1549 806 1592 Hispalis,

106 1599 266 1632 corduba
281 1600 411 1632 Lucani
423 1600 531 1632 nostri
544 1605 580 1632 et
597 1600 807 1632 Senecamm

104 1649 230 1691 patria.
268 1650 427 1692 stupetis]
449 1651 635 1692 Trapetum
657 1651 749 1683 mola
772 1661 807 1683 o-

104 1699 222 1733 learia.
268 1701 356 1733 Nam
378 1701 514 1734 olivetis
528 1701 679 1733 abundat
699 1701 808 1733 Baeti·

105 1761 160 1791 ca,
170 1755 211 1784 ut
231 1755 403 1784 testantur
417 1752 629 1794 Geographi,
651 1755 688 1784 et
713 1753 806 1784 Mar-

105 1801 210 1834 tialis.
255 1801 383 1843 Unctis]
416 1802 505 1835 oleo
529 1802 708 1841 olivarum,
727 1811 805 1834 cum

102 1857 265 1894 premunt
289 1853 407 1885 olivas.
450 1852 627 1893 Provoca]
661 1853 804 1894 Supple,

103 1901 139 1933 in
152 1907 342 1935 certamen.

144 1954 190 1984 ω
211 1952 387 1995 Ins-putare]
408 1953 515 1986 Ferre
542 1953 747 1996 impensum,
769 1959 807 1986 et

104 2003 275 2036 ascribere
287 2004 416 2036 debito.

146 2055 188 2085 st
225 2052 388 2094 mm]
422 2054 462 2086 1..
494 2053 644 2086 Annaeus
672 2054 807 2086 Seneca

106 2101 349 2141 Cordubensis,
364 2107 504 2144 patruus
519 2103 649 2135 Lucani
672 2103 807 2144 Poe'tae,

105 2152 159 2184 vir
180 2153 380 2184 excellentis
406 2152 531 2194 ingenii
557 2162 599 2184 ae
625 2153 806 2194 doctrinae,

106 2212 256 2236 summus
263 2203 505 2244 Philosolipus,
514 2208 550 2236 et
559 2203 686 2236 Stoicae
697 2209 805 2236 sectae

106 2253 373 2295 addictissimus,
387 2263 489 2295 quam
503 2254 660 2286 hauserat
685 2264 729 2286 ex
745 2255 806 2286 So-

25 2345 38 2350 *
103 2304 203 2337 cione
214 2308 438 2344 preceptore.
484 2303 554 2335 Hie
568 2308 644 2345 post
657 2309 807 2346 quastu-

105 2362 178 2386 ram
201 2354 375 2394 relegatus
397 2357 450 2385 est
473 2353 507 2384 iu
522 2354 696 2386 Corsicam
716 2355 809 2387 insu·

103 2405 171 2437 lam
185 2403 378 2446 imperante
400 2404 557 2446 Claudio,
581 2405 627 2437 ob
647 2406 809 2447 suspicio-

85 2462 182 2487 mcn
198 2450 360 2486 'adulterii
381 2464 459 2487 cum
483 2455 580 2488 Julia
605 2455 805 2488 Germanici

102 2504 187 2547 filia,
194 2506 322 2538 Vinicii
337 2515 456 2547 uxore,
466 2511 503 2539 et
512 2507 645 2539 trienno
659 2513 739 2549 post
753 2517 806 2540 re-

104 2559 246 2588 vocatus
261 2555 426 2588 beneficio
440 2556 654 2599 Agrippinae,
673 2563 805 2600 pra-tor

103 2603 217 2638 fietus
226 2610 293 2647 est,
307 2615 349 2638 ac
357 2605 544 2639 sormandae
559 2607 802 2640 adolescentiae

106 2654 257 2688 Neronis
270 2656 437 2698 admotus,
456 2668 556 2700 quem
579 2668 707 2691 saevum
730 2669 806 2691 cru-

106 2703 286 2748 delemque
298 2711 335 2739 ct
348 2713 512 2749 expertus
526 2713 581 2740 est
594 2708 678 2749 cito,
693 2713 730 2740 et
746 2708 806 2740 mi·

106 2754 242 2797 tigavit.
282 2756 379 2789 Inter
392 2757 577 2790 familiares
593 2758 637 2790 de
664 2759 806 2790 Nerone

188 2808 304 2851 Delph.
315 2813 344 2842 et
358 2809 434 2842 Var.
448 2811 534 2843 ctas.

860 1189 992 1223 solebat
1007 1191 1139 1233 dicere,
1160 1200 1228 1223 non
1238 1189 1311 1223 fore
1322 1199 1415 1224 saevo
1426 1190 1476 1223 illi
1487 1191 1557 1223 leo·

861 1241 907 1282 ni,
929 1243 1011 1284 quin
1036 1247 1173 1284 gustato
1195 1243 1300 1275 semel
1322 1242 1466 1274 hominis
1480 1251 1559 1273 san·

862 1293 1140 1334 guine,ingenita
1154 1293 1275 1326 redeat
1287 1293 1432 1325 sevitia.
1474 1293 1563 1324 Tan·

861 1342 939 1374 dem
965 1343 1152 1384 implicitus
1173 1345 1265 1375 iuter
1290 1343 1444 1375 conscios
1466 1342 1564 1374 Piso·

861 1393 972 1425 nianae
988 1394 1236 1436 conjurationis
1250 1395 1285 1426 in
1301 1394 1488 1434 Neronem,
1499 1393 1565 1425 etsi

859 1444 1033 1485 innocens,
1049 1444 1093 1477 ab
1104 1446 1180 1487 ipso
1195 1446 1334 1478 Nerone
1349 1445 1436 1477 mori
1444 1445 1562 1487 jussus

861 1499 927 1532 est,
939 1496 1041 1528 misso
1054 1497 1264 1529 centurione.
1295 1496 1361 1528 Ille
1373 1496 1566 1537 interritus,

862 1546 1047 1579 amicorum
1068 1547 1200 1579 animos
1222 1556 1305 1579 casu
1326 1556 1388 1578 suo
1409 1551 1566 1579 conster-

861 1603 962 1629 natos
978 1597 1022 1629 ad
1044 1597 1285 1632 firmitudinem
1305 1597 1494 1638 revocavit,
1508 1606 1564 1628 ro·

860 1647 989 1688 gitans:
1014 1647 1074 1680 nbi
1086 1653 1261 1689 praecepta
1272 1647 1476 1688 sapientiae?
1503 1647 1563 1678 ubi

860 1702 913 1730 tot
942 1708 1006 1740 per
1029 1708 1134 1730 annos
1162 1698 1332 1730 meditata
1360 1698 1472 1730 ratio?
1506 1697 1563 1729 cui

859 1748 947 1779 enim
977 1749 1130 1790 ignaram
1154 1747 1261 1781 fuisse
1291 1748 1438 1781 Neronis
1465 1748 1565 1780 saevi-

858 1797 1085 1841 tiam?neque
1101 1799 1192 1831 aliud
1205 1809 1395 1840 superesse,
1403 1802 1482 1840 post
1494 1807 1565 1831 ma·

858 1852 946 1880 trem
969 1848 1181 1892 fratremque
1214 1849 1432 1890 interfectos,
1461 1858 1563 1892 quam

858 1903 898 1930 ut
919 1898 1114 1932 educatoris
1130 1899 1424 1941 praeceptorisque
1443 1909 1565 1932 necem

859 1948 1049 1990 adjiceret:
1073 1949 1200 1982 deinde
1224 1950 1290 1982 sibi
1309 1959 1412 1982 venas
1435 1959 1565 1991 praese-

859 2007 940 2031 cans
969 2009 1107 2032 crurum
1129 2009 1170 2032 ac
1190 2000 1421 2039 brachiorum,
1442 2005 1480 2032 et
1502 1999 1563 2031 dn-

856 2055 957 2081 rante
986 2054 1100 2082 tractu
1130 2050 1406 2092 lentitudineque
1442 2050 1564 2082 mortis

857 2101 976 2133 hausto
998 2110 1144 2142 veneno,
1167 2101 1308 2133 tandem
1324 2101 1447 2133 calidae
1463 2110 1562 2143 aque

860 2155 1018 2191 stagnum
1046 2152 1213 2184 introiens
1250 2152 1465 2183 exanimatus
1495 2156 1563 2183 est.

859 2201 951 2233 Vide
972 2201 1142 2242 Tacitum,
1163 2202 1376 2241 Suetonium,
1401 2201 1563 2242 Dionem,

861 2257 898 2284 et
913 2257 1049 2285 ceteros
1063 2253 1258 2284 historicos.
1287 2253 1404 2284 Multa
1417 2252 1561 2294 reliquit

862 2313 969 2344 opera
995 2303 1238 2345 Philosophiae,
1260 2312 1336 2344 quae
1350 2311 1443 2335 nunc
1457 2302 1564 2335 habe·

859 2363 935 2386 mus
949 2354 985 2385 in
1000 2354 1170 2393 manibus,
1184 2353 1489 2395 attribunntnrque
1511 2353 1564 2386 illi

860 2403 1017 2446 quaedam
1033 2403 1226 2445 tragoediae,
1249 2413 1327 2445 qnae
1342 2403 1478 2435 nomine
1502 2403 1564 2435 Se-

859 2463 955 2486 necae
978 2454 1116 2495 Tragici
1138 2453 1439 2486 circumferuntur.
1484 2453 1567 2486 Ple·

858 2505 955 2546 rique
968 2505 1058 2536 huuc
1077 2504 1215 2537 summis
1228 2503 1387 2537 laudibus
1401 2503 1563 2536 efferunt.

858 2555 928 2587 Alii
938 2560 1054 2588 tamen
1066 2556 1296 2588 simulatorem
1308 2556 1447 2588 virtutis
1459 2555 1564 2587 fnisse

858 2606 1032 2638 dixerunt.
1076 2607 1133 2639 De
1156 2607 1247 2648 stylo
1275 2606 1350 2647 ejus
1366 2616 1406 2638 ac
1422 2605 1562 2638 dicendi

857 2656 992 2688 ratione
1017 2656 1096 2688 vide
1121 2656 1372 2689 Quintilianum
1394 2656 1454 2688 lib.
1477 2664 1563 2696 vm,

859 2707 1015 2746 Caligula
1026 2715 1111 2738 vero
1122 2706 1260 2738 dicebat
1270 2707 1435 2737 Senecam
1450 2706 1462 2724 ‘
1471 2714 1564 2738 com-

858 2757 1035 2790 missiones
1058 2767 1169 2790 meras
1195 2749 1411 2798 c'omponere,
1435 2761 1471 2787 et
1494 2765 1560 2788 εω-

782 2809 866 2842 Stat.
1450 2811 1472 2839 S
