1800 3060
246 195 331 239 480

247 302 467 345 Patricius
485 302 645 344 intrare
661 301 809 356 fores;
838 302 935 354 hos,
958 304 1074 358 pube
1097 304 1179 345 sub
1200 303 1300 358 ipsa

740 207 781 238 P.
815 205 1005 237 PAPth
1043 206 1206 238 STATH

244 370 318 426 (Si
338 371 471 412 modo
492 384 635 425 prona
652 371 785 412 bonis
804 371 958 412 invicti
978 370 1171 412 Caesaris
1190 370 1335 412 adsint

247 438 463 491 Numina)
485 438 692 481 Romulei
713 439 847 481 limen
868 439 1047 494 pulsare
1070 438 1275 480 Senatus.

246 542 394 574 Patricia
408 543 496 574 domo
508 552 521 579 ;
536 542 590 574 Ιιοε
603 542 658 574 sub
671 543 741 584 ipsa
751 541 914 584 pubertate
935 542 978 585 (si
995 542 1085 574 modo
1104 551 1215 574 numen
1228 542 1340 575 invicti
1358 543 1628 586 Coesarzssaveat)
1649 545 1698 577 in-

245 589 328 617 trare
343 586 376 617 in
390 590 543 618 senatum.

856 637 971 650 eeeeee

973 636 1091 649 oooooo

245 705 365 737 Barth.
391 704 500 736 Veen.
524 708 560 736 et
583 704 796 746 Delph.—60
824 704 924 737 Rom.
950 704 1051 736 Aldd.
1080 704 1190 736 Colin.
1214 704 1349 746 Gryph.
1376 705 1483 737 Basil.
1511 706 1624 738 Plant.
1641 706 1698 738 hnc

242 748 342 790 pulum
365 748 480 779 Parm.
504 747 558 779 hos
575 747 667 789 pube,
691 748 781 789 quod
807 753 1012 789 receperunt
1038 747 1182 779 Gevart.
1205 748 1360 780 Gronov.
1386 748 1503 780 Barth.
1530 749 1638 781 Veen.
1661 755 1697 782 et

245 790 371 831 Delph.
383 790 432 822 his
443 790 520 830 pube
535 790 657 822 Venet.
670 794 702 822 2.
719 795 755 822 et
768 796 839 822 vet.
859 789 1119 829 Lindenbrogii3
1142 791 1285 832 hacpube
1300 791 1334 822 in
1350 791 1518 823 aliis.—61
1543 791 1613 823 Pro
1627 802 1697 833 pro-

243 843 286 864 na
312 834 429 864 Parm.
455 834 550 865 Rom.
575 833 699 865 Venet.
725 837 757 865 2.
780 838 817 866 et
840 840 908 866 vet.
925 832 1180 875 Lindenbrogii,
1197 834 1388 875 plerum—62
1410 834 1538 866 Limina
1553 835 1697 867 Romulei

245 877 372 908 Venet.
387 879 420 908 2.
436 881 471 908 et
483 880 554 908 vet.
567 876 824 918 Lindenbrogii.

897 947 1037 981 NOTAE

241 1012 321 1045 hanc
345 1012 484 1054 lampade
505 1012 611 1054 primu
641 1012 798 1045 Patricius
825 1012 946 1044 intrare

234 1063 344 1103 sores;
373 1064 438 1104 hos,
452 1064 530 1105 pube
543 1064 599 1096 sub
612 1064 680 1105 ipsa
696 1064 750 1106 (Si
765 1066 853 1096 modo
872 1074 943 1106 pro-

241 1125 282 1147 na
294 1114 380 1146 bonis
393 1114 506 1146 invicti
519 1114 656 1146 Caesuris
667 1116 772 1147 adsint
785 1114 943 1157 Numina)

244 1165 389 1196 Romulei
411 1165 504 1196 limen
523 1166 649 1206 pulsare
672 1165 820 1206 Senatus]
842 1165 943 1197 Mens

242 1214 387 1248 Poetae:
413 1215 508 1257 Opes
529 1219 564 1247 et
591 1224 698 1257 genus
725 1225 799 1247 esse
825 1215 942 1247 liberis

241 1266 471 1306 Menecratis,
501 1271 539 1299 ut
579 1267 666 1307 haec,
694 1265 768 1298 filia
797 1266 944 1307 scilicet,

241 1318 360 1360 primis
373 1317 513 1358 nuptiis,
529 1327 605 1359 quae
626 1327 688 1358 per
704 1317 714 1335 ‘
732 1316 942 1358 lampadem'

241 1367 477 1409 designantur,
507 1367 618 1409 (faces
648 1367 736 1399 enim
772 1366 942 1399 adhibitas

241 1418 371 1460 nuptiis
387 1418 500 1450 sciunt
521 1416 670 1459 omnes‚)
684 1417 811 1450 nubere
834 1417 944 1460 possit

242 1469 411 1512 patrici03
433 1468 524 1511 quod
549 1468 660 1501 Poeta
683 1467 856 1509 significat
882 1477 944 1510 per

240 1520 392 1563 patricias
429 1521 550 1553 intrare
569 1520 670 1559 sores.
715 1520 804 1552 Nam
835 1519 944 1551 veteri

241 1581 335 1604 more
352 1581 439 1603 nova
454 1572 579 1613 sponsu
604 1571 647 1603 ad
671 1569 766 1602 faces
793 1570 944 1602 deduce-

239 1623 342 1655 batur
367 1622 482 1664 sponsi
507 1622 655 1654 domum.
699 1621 857 1662 Lampude
876 1621 944 1662 pri-

239 1672 306 1714 ma]
342 1673 392 1705 Ut
419 1672 528 1705 Theb.
558 1681 600 1704 11.
623 1676 633 1690 ¹
655 1671 781 1702 Primis
813 1671 942 1713 Hyme-

239 1722 348 1757 naeisss
382 1723 472 1755 Vide
487 1722 627 1755 ibidem.
660 1721 707 1753 Hi
720 1731 814 1763 vero,
828 1721 862 1753 id
879 1725 943 1764 est,

238 1773 312 1814 filii,
326 1774 458 1815 possint
471 1773 613 1805 induere
629 1773 733 1804 latum
747 1773 892 1812 clavum,
902 1782 942 1805 ac

239 1825 381 1858 Senatui
403 1825 582 1866 interesse,
602 1823 682 1866 jure
703 1823 840 1866 quidem
863 1823 941 1856 filiis

239 1984 313 2015 IX.

1000 1013 1196 1044 senatorum
1212 1010 1255 1042 ab
1278 1008 1433 1053 Augusto
1449 1020 1625 1054 concesso,
1636 1013 1697 1046 sed

999 1071 1066 1104 quo
1083 1066 1196 1094 tamen
1212 1070 1278 1092 non
1301 1065 1497 1102 uterentur,
1508 1063 1573 1095 nisi
1587 1063 1697 1096 indul-

997 1112 1123 1152 gentia,
1138 1121 1178 1144 ac
1202 1110 1300 1143 favor
1315 1112 1480 1154 principis
1502 1114 1697 1148 accederet.

1001 1162 1099 1204 Opes]
1123 1163 1248 1194 Certus
1263 1162 1351 1194 enim
1363 1172 1484 1195 census
1501 1164 1697 1207 requireba-

998 1216 1054 1245 tur
1070 1213 1103 1244 in
1116 1213 1361 1254 dignitatibus3
1382 1213 1474 1246 unde
1489 1215 1500 1233 ‘
1512 1224 1634 1247 census
1648 1226 1698 1248 se-

998 1266 1174 1307 natorius,’
1188 1269 1197 1284 ‘
1212 1275 1335 1298 census
1358 1266 1556 1308 equestris!
1579 1268 1696 1309 Origo]

998 1315 1118 1348 Genus
1147 1325 1215 1348 non
1244 1317 1351 1348 solum
1381 1317 1623 1359 requirebatur
1652 1320 1695 1351 ad

999 1367 1183 1409 dignitates
1207 1367 1426 1405 obtinendas,
1445 1368 1505 1400 sed
1529 1370 1632 1401 etiam
1651 1369 1695 1401 ad

997 1418 1150 1459 nuptias:
1174 1417 1329 1460 quaedam
1354 1417 1441 1450 enim
1463 1418 1623 1450 mulieres
1638 1418 1698 1451 Se·

997 1469 1173 1501 natoribus
1193 1474 1252 1501 aut
1275 1469 1452 1512 Equitibus
1478 1470 1607 1502 nubere
1628 1479 1694 1502 non

996 1525 1159 1561 poterant
1192 1519 1328 1562 legibus
1367 1520 1542 1552 Romanis.
1588 1521 1696 1553 Prona

996 1569 1099 1611 bonis]
1121 1571 1259 1602 Summa
1275 1570 1468 1612 principum
1491 1571 1564 1603 latis
1578 1570 1695 1603 favere

996 1620 1104 1653 bonis.
1155 1620 1313 1663 Romulei]
1344 1621 1501 1654 Romani.
1547 1621 1694 1663 Patare]

996 1671 1054 1704 Sic
1069 1672 1292 1714 Protreptico
1307 1671 1350 1716 aqi
1360 1671 1571 1713 Crispinum:
1595 1673 1605 1690 ‘
1619 1672 1694 1705 Nec

997 1731 1147 1764 paupere
1174 1722 1272 1755 clavo
1294 1721 1486 1764 Augustam
1511 1722 1627 1755 sedem
1657 1727 1693 1755 et

997 1773 1088 1805 Latii
1110 1774 1286 1815 penetrale
1306 1777 1442 1806 senatus
1457 1773 1603 1807 Advena
1619 1774 1693 1818 pul-

996 1823 1102 1856 sam!

374 1984 547 2016 RlsUS³c
589 1983 1006 2015 SATURNALITIUS
1038 1985 1106 2015 AD
1138 1978 1392 2016 PLOTIUMss
1427 1961 1690 2016 G'RYPHUM.

236 2061 381 2094 Jocatur
398 2060 519 2097 Poeta,
544 2060 633 2102 quod
648 2060 888 2093 Saturnalibus
911 2071 974 2103 pro
1002 2071 1063 2094 suo
1079 2061 1180 2093 alium
1193 2060 1315 2093 librum
1331 2070 1351 2093 a
1366 2062 1482 2095 Plotio
1504 2062 1695 2106 acceperit,

280 2124 358 2147 cum
373 2113 466 2146 aliud
482 2113 653 2156 quidpiam
670 2112 790 2146 fuisset
805 2114 1023 2147 mittendum.

409 2190 506 2232 EST
528 2204 633 2232 sane
646 2190 780 2246 jocus
798 2191 902 2243 iste,
923 2191 1040 2247 quod
1059 2178 1256 2234 iibellum

278 2295 375 2328 Jocus
389 2304 463 2326 sane
475 2294 536 2326 iste
549 2297 609 2335 est,
625 2295 716 2336 quod,
733 2294 874 2336 Gryphe,
886 2294 963 2326 mihi
977 2294 1092 2326 misisti
1106 2295 1221 2327 librum
1231 2305 1288 2337 pro
1299 2294 1389 2328 libro.
1418 2296 1575 2328 Urbanum
1587 2299 1689 2329 mm

845 2379 904 2391 OC&
910 2379 1084 2391 'mm

281 2435 377 2466 Risus
392 2435 620 2468 Saturnalium
640 2437 683 2468 ad
699 2436 836 2467 Plotium
853 2434 952 2467 Rom.
976 2434 1078 2466 Aldd.
1098 2434 1206 2467 Colin.
1223 2435 1355 2476 Gryph.
1370 2434 1472 2468 Basil.
1490 2435 1603 2468 Plant.
1619 2435 1686 2468 Ge-

236 2482 325 2508 vart.
341 2478 495 2510 Grasser.
511 2478 657 2511 Amstel.
673 2479 824 2510 Gronov.
841 2482 877 2510 et
894 2478 999 2509 Veen.
1025 2478 1123 2510 Risus
1138 2478 1366 2510 Saturnalitia
1379 2480 1420 2510 ud
1434 2478 1573 2510 Plotium
1589 2478 1684 2519 Grip-

231 2529 307 2560 pum
322 2520 444 2552 Barth.
459 2521 492 2552 in
510 2522 609 2553 Notis
625 2525 660 2553 et
674 2523 800 2562 Delph.
826 2521 929 2552 Plotio
953 2520 1073 2562 Grippo
1090 2525 1222 2553 tantum
1236 2521 1269 2552 in
1288 2521 1402 2553 Par-m.
1426 2521 1520 2552 Risu·
1532 2520 1685 2552 Saturna-

233 2563 323 2595 cuius
335 2565 377 2595 ud
392 2564 533 2596 Plotium
547 2565 714 2606 Gryphum
736 2564 861 2596 Markl.
887 2564 991 2595 Lusus
1005 2563 1233 2596 Saturnalium
1248 2565 1325 2597 Nic.
1343 2563 1501 2596 Heinsius
1517 2562 1560 2595 ad
1578 2562 1682 2596 Ovid.
1722 2580 1726 2586 ·

898 2650 1042 2683 NOTAE

278 2717 292 2746 †
318 2715 428 2756 Risus]
463 2714 627 2746 Solebant
656 2716 744 2747 enim
773 2716 934 2748 Saturna·
988 2725 1128 2749 munera
1142 2715 1323 2747 levioraac
1340 2714 1419 2747 vilia
1435 2713 1614 2747 missitare.

234 2765 354 2806 liorum
382 2765 503 2798 diebus
534 2765 632 2799 simul
655 2766 780 2807 jocari,
806 2771 842 2800 et
867 2766 932 2799 sibi

1032 2771 1046 2804 τ
1072 2766 1226 2808 Plotium]
1246 2766 1340 2799 Gens
1351 2766 1488 2799 Plautia
1500 2775 1558 2799 seu
1569 2764 1682 2798 Plotia
