1800 3060
666 184 946 217 svnvanum
983 184 1080 215 mn.
1114 183 1144 214 ι.
1575 175 1635 215 49

178 284 319 327 habet.
378 280 440 324 At
458 281 647 324 sortasse
659 285 695 304 ²²
724 285 772 322 tu
801 293 883 336 pro
913 280 1085 334 collega
1115 279 1374 322 mentieris¹²
1433 279 1634 322 Manlius

179 356 296 395 certe
315 349 555 404 Vopiscus,
574 349 642 390 vir
660 347 1004 398 eruditissimuS‚
1023 352 1070 388 et
1089 348 1166 402 qui
1188 349 1411 402 praecipne
1438 348 1635 390 vindicat

172 429 204 462 'a
225 418 315 460 situ
330 421 364 448 ²³
385 417 533 459 literas
558 416 657 472 jam
676 428 803 470 paene
830 415 1063 469 fugientes,
1085 414 1203 456 solet
1222 415 1336 457 ultro
1358 427 1534 469 quoque
1554 428 1634 457 no-

179 487 292 529 mine
310 499 414 528 meo
435 484 630 540 gloriari,
645 488 688 535 et
702 489 741 515 ²4
770 484 921 526 villam
936 483 1213 525 Tiburtinam
1230 496 1353 525 suam
1368 483 1638 538 descriptam

177 567 207 597 a
224 554 350 596 nobis
369 567 456 596 uno
475 553 563 596 die.
622 553 833 607 Sequitur
851 551 1031 594 libellus
1062 550 1237 592 Rutilio
1267 549 1450 592 Gallico
1470 549 1635 591 Valen-

175 621 211 664 ti
222 624 258 652 ²⁵
287 621 519 663 dedicatus
538 634 549 662 :
581 620 636 661 de
656 633 744 674 quo
763 619 873 660 nihil
892 619 1013 669 dico,
1034 632 1090 660 ne
1123 618 1272 660 videar
1292 618 1489 660 defuncti
1509 619 1636 660 testis

179 689 417 732 occasione
448 688 635 730 mentiri.
696 686 811 728 Nam
829 685 865 711 ²⁶
894 685 1071 727 Claudii
1105 685 1317 727 Hetrusci
1339 686 1635 727 testimonium

179 760 263 808 est,
282 756 359 811 qui
390 755 650 798 Balneolum
670 769 698 796 a
715 767 784 796 me
814 767 943 796 suum
972 755 1084 796 intra
1112 767 1281 795 moram
1297 758 1364 785 ²⁷⁰
1396 767 1538 795 coenae
1568 767 1638 795 re-

180 825 315 879 cepit.
371 824 427 866 In
445 823 561 866 finer>
590 828 694 865 sunt
714 822 933 865 Kalendae
966 822 1269 874 Decembres;
1301 822 1462 876 quibus
1484 822 1636 876 ntique

180 892 374 934 creditur
390 891 467 935 :²⁸⁹
487 895 661 934 noctem
676 891 791 933 enim
805 891 924 933 illam
942 891 1246 932 felicissimam
1262 894 1275 913 ¹
1292 890 1474 940 habent,
1496 894 1542 932 et
1561 903 1638 932 vo-

179 958 428 1014 luptatibus
446 959 640 1014 publicis
661 958 966 1013 inexpertam.⁸

781 1056 1020 1068 eeeeeeeeeeee

172 1116 293 1150 crant,
314 1120 398 1152 qnos
413 1111 470 1142 ille
486 1111 518 1142 in
537 1111 632 1143 Rom.
646 1120 691 1143 ex
707 1120 809 1142 sensu
826 1110 971 1142 addidit.
1016 1110 1142 1141 Mirum
1160 1119 1254 1150 vero,
1276 1111 1366 1151 quod
1384 1121 1501 1142 omnes
1518 1111 1639 1143 editio·

181 1162 244 1186 nes
259 1163 365 1196 usque
380 1154 423 1186 ad
439 1154 695 1186 Gronovianam
711 1153 893 1185 exhibeant
907 1165 916 1184 ε
941 1161 1105 1185 ccnxxn.
1123 1159 1161 1185 et
1177 1154 1267 1195 quod
1286 1154 1446 1185 Bartliins
1470 1157 1546 1186 ⁴2⁷8.
1565 1165 1638 1186 ver-

179 1207 236 1228 am
250 1199 580 1229 numeraverim—22
601 1196 658 1227 Ita
673 1197 739 1236 legi
756 1196 859 1236 jussit
879 1196 1104 1227 Marklandns
1130 1206 1207 1228 eum
1224 1201 1326 1228 antea
1342 1197 1472 1228 editum
1489 1196 1612 1229 fuisset
1628 1209 1637 1229 ε

182 1240 230 1272 Bt
243 1239 396 1278 smum,
419 1250 496 1272 eum
512 1239 787 1280 interrogationis
804 1243 895 1270 nota.
938 1239 1006 1270 Sed
1031 1239 1231 1271 Bernartius
1248 1240 1320 1279 jani
1338 1244 1520 1272 notaverat
1535 1241 1640 1272 corri-

178 1282 328 1322 gendum
342 1291 418 1314 esse
432 1285 488 1315 At.
532 1281 676 1322 Hopfius
690 1282 841 1322 conjecit
865 1282 941 1314 Sed.
986 1281 1175 1314 Gevartius
1201 1288 1236 1314 et
1259 1282 1468 1320 Gronovius,
1486 1293 1557 1317 non
1581 1293 1640 1314 ex·

181 1325 299 1367 pedita
322 1325 467 1362 ratione,
489 1325 693 1356 sententiam
718 1334 782 1366 per
805 1325 1113 1365 interrogationem
1137 1323 1342 1358 efferebant.
1397 1326 1527 1357 Omnes
1557 1336 1639 1358 vero

182 1367 281 1400 codd.
297 1372 334 1399 et
347 1368 425 1399 edd.
438 1371 525 1400 vett.
543 1367 700 1407 pra‘bent
723 1368 780 1406 Et,
804 1367 894 1408 quod
922 1369 1098 1399 revocavit
1132 1368 1249 1400 Haud.
1277 1369 1374 1406 Mox,
1399 1369 1478 1400 Par.
1494 1369 1641 1400 nimir-is

183 1419 246 1451 pro
260 1411 513 1442 *exemia—23
539 1411 639 1442 Lenz.
654 1411 746 1450 conj.
759 1410 799 1441 ab
813 1411 924 1447 exitu.-
947 1415 984 1442 et
999 1415 1140 1451 postea:
1163 1421 1183 1442 α
1197 1411 1261 1442 situ
1274 1411 1295 1442 l.
1305 1411 1336 1449 j.
1350 1421 1384 1452 p.
1403 1411 1558 1450 jacentes,
1585 1413 1640 1443 vel

179 1457 377 1485 senescentes.
421 1453 478 1485 Cf.
501 1453 574 1485 Cic.
589 1453 633 1484 de
651 1454 751 1484 Orat.
771 1462 812 1485 ιι.
833 1456 864 1484 2.
890 1455 923 1484 7.
945 1454 1087 1485 vendicat
1108 1463 1128 1484 a
1154 1464 1180 1484 ε.
1207 1454 1228 1485 1.
1246 1453 1276 1492 J'.
1299 1463 1378 1494 pene
1402 1454 1499 1486 Urat.
1546 1455 1641 1486 Nilnil

182 1501 296 1527 antem
310 1495 548 1535 corrigendum
564 1506 637 1527 esse
653 1501 753 1536 putat
771 1495 1025 1527 Handins.-24
1039 1495 1153 1527 Hand.
1168 1496 1261 1527 delet
1277 1500 1308 1528 et
1322 1506 1398 1528 cnm
1413 1498 1532 1529 codice
1543 1498 1642 1530 Uret.

184 1544 220 1570 et
237 1539 350 1570 Parni.
366 1543 396 1570 et
411 1539 516 1570 villum
533 1549 597 1569 non
612 1539 762 1570 habebat
777 1538 885 1570 codex
904 1539 1048 1575 Bartliii,
1063 1539 1118 1579 qui
1137 1549 1197 1579 pro
1214 1549 1279 1570 meo
1296 1539 1475 1578 praebebat
1489 1551 1535 1572 eo.
1563 1540 1641 1572 Hoc

182 1581 247 1612 sibi
263 1582 411 1612 vindicat
429 1582 667 1619 maturandum,
681 1581 850 1622 quomodo
863 1581 908 1612 Ae
926 1591 986 1620 pro
1004 1582 1045 1612 Ee
1063 1591 1184 1621 supra:
1206 1583 1216 1599 ⁴
1230 1581 1338 1613 Recte
1356 1589 1439 1621 puto
1457 1592 1510 1614 me
1526 1593 1642 1614 enien-

185 1623 307 1655 dasse:
329 1623 451 1655 nomine
474 1634 509 1654 eo
530 1624 677 1663 glan-imi,
700 1624 818 1661 viuum,
837 1625 891 1663 qe.
917 1623 950 1654 id
974 1629 1040 1662 est,
1063 1633 1105 1655 ea
1121 1624 1332 1656 causas-25
1358 1625 1413 1656 Ita
1429 1635 1546 1657 omnes
1561 1626 1641 1659 edd.

186 1666 311 1698 Gallico
325 1670 372 1698 est
386 1666 500 1698 valenti
516 1666 626 1698 codex
641 1666 738 1698 Urat.
754 1667 850 1698 auleti
862 1667 987 1698 Venet.
1001 1670 1030 1699 l.
1057 1667 1220 1698 Heinsius
1231 1668 1396 1708 correxit,
1407 1669 1642 1709 convalescenti,

186 1724 276 1765 qnod
300 1724 525 1756 necessarium
551 1724 686 1765 putavit
710 1723 826 1756 Hand.
873 1724 970 1755 Idem
993 1725 1184 1757 Scriverius
1210 1727 1260 1757 ita
1283 1728 1436 1758 notavit:
1472 1727 1644 1759 Gallico-

184 1767 450 1799 ”lementa—26
468 1768 553 1799 Nem
570 1768 685 1799 Claudi
699 1767 834 1798 hetrusci
850 1767 978 1799 Venet.
998 1771 1027 1799 l.
1054 1769 1178 1800 Etrusci
1190 1769 1290 1800 Urat.
1308 1775 1344 1801 et
1360 1770 1541 1802 Drakenb.
1576 1771 1642 1802 He-

185 1810 283 1842 trunci
292 1810 356 1841 Til.
370 1809 512 1842 Gevart.
528 1814 565 1842 et
582 1811 707 1842 Markl.
724 1810 887 1842 Barthius
900 1811 934 1841 iu
951 1811 1132 1841 Animadv.
1144 1811 1362 1844 emendavit:
1391 1814 1502 1844 Palam
1517 1814 1644 1845 Claudia·

186 1853 337 1884 Hetruci
349 1853 558 1884 testinnonium
571 1856 616 1884 ese
628 1865 639 1884 .·
662 1853 702 1884 ln
716 1854 804 1884 notis
817 1853 955 1894 scriptis
968 1853 1040 1884 haec
1056 1864 1065 1885 ε
1087 1856 1097 1871 ‘
1116 1855 1231 1885 Exstat
1245 1854 1390 1886 dixisset
1403 1856 1527 1887 Cicero
1540 1868 1550 1889 ε
1575 1857 1644 1888 Ms.

185 1895 395 1927 testimouium
407 1906 500 1927 unum
514 1895 586 1927 est:
628 1896 719 1927 Ecce
735 1897 859 1928 iterum
875 1896 1100 1927 Marklandns
1114 1907 1122 1928 :
1145 1899 1155 1914 ⁵
1173 1898 1285 1938 Lege:
1310 1899 1519 1930 testirmium
1534 1903 1644 1936 extat,-

187 1937 252 1978 φά,
265 1939 320 1978 ξε.
343 1938 406 1969 hoc
422 1939 522 1970 modo
538 1948 657 1969 sensus
680 1937 949 1979 expletur.'—-2⁷
975 1939 1072 1970 Urat.
1087 1950 1175 1970 suam
1191 1940 1275 1971 inem
1301 1944 1519 1973 moram—28
1543 1942 1643 1973 Urat.

187 1981 236 2011 uli
249 1980 399 2012 creditur.
436 1981 563 2013 Mankl.
586 1982 703 2012 mallet
732 1983 886 2013 credetur.
925 1980 981 2014 ef.
998 1983 1120 2014 Senec.
1146 1983 1179 2013 iu
1205 1982 1301 2014 Ludo
1317 1987 1360 2015 de
1375 1984 1482 2015 Mon.
1499 1984 1647 2017 Claudii.

189 2023 271 2054 Mox
287 2022 399 2054 hubent
414 2033 479 2055 non
495 2024 643 2055 habetur
658 2025 691 2055 in
720 2024 818 2056 Urat.
835 2030 870 2055 et
884 2023 1008 2056 Venet.
1025 2028 1054 2056 l.
1069 2025 1126 2055 ille
1144 2034 1314 2065 praeterea
1330 2028 1402 2067 dat,
1418 2037 1459 2058 ex
1474 2028 1640 2069 uoluptati-

188 2065 256 2099 bus.
301 2066 461 2108 Denique
477 2076 539 2107 pro
555 2067 748 2107 inexpertam
763 2066 908 2108 Hopfius
922 2070 1012 2108 conj.
1026 2078 1088 2099 nvn
1101 2068 1306 2110 inexpertam.

847 2142 880 2175 N
884 2142 988 2175 01·AE

232 2210 248 2226 '¹
266 2206 337 2238 Pro
351 2207 469 2246 collega
492 2206 667 2247 maier-is]
691 2207 800 2239 Poeta
823 2208 887 2242 sci·
985 2214 1002 2235 Ρ
1025 2209 1156 2251 Infine]
1180 2209 1324 2241 Scilicet
1339 2210 1414 2242 libri
1431 2210 1542 2251 primi.

187 2255 272 2288 lieet
287 2266 350 2297 pro
366 2257 487 2288 Poeta.
531 2258 582 2289 Et
604 2259 723 2297 collega
746 2257 802 2290 hie
827 2269 888 2298 pro
984 2266 1001 2287 ¹1
1026 2260 1147 2295 Quibus
1162 2261 1266 2301 utique
1277 2259 1433 2301 creditur]
1454 2261 1556 2294 Quod
1580 2261 1642 2293 hoc

188 2307 283 2339 socio
305 2312 341 2340 et
354 2313 516 2339 consorte
531 2307 734 2341 studiorum.
770 2309 888 2350 Epith.

179 2359 327 2391 ,Stellaet
362 2359 510 2391 ‘Tecum
535 2359 663 2391 similes
688 2360 890 2402 junctaeque

189 2408 376 2449 enmoenae,
405 2409 525 2448 Stella,
548 2409 642 2447 milii,
678 2410 890 2451 multumque

188 2468 290 2501 pares
304 2460 508 2492 bacchamur
527 2460 570 2491 ad
594 2461 695 2492 aras!
740 2461 890 2502 Couegae

189 2510 328 2552 proprie
353 2510 516 2542 dicuntur
540 2511 600 2552 qni
626 2517 707 2543 sunt
734 2512 889 2553 ejusdem

189 2560 317 2592 ordinis
337 2566 374 2593 et
398 2560 616 2600 conditionis,
638 2566 676 2592 et
689 2562 744 2602 qui
760 2568 839 2593 suut
855 2563 887 2592 iu

189 2599 359 2651 legatione
371 2615 408 2642 et
423 2611 625 2651 magistratu
639 2611 736 2643 socii.
781 2612 888 2643 Divus

193 2659 384 2701 Cyprianus
403 2659 590 2701 Episcopos
606 2665 706 2693 vocat
718 2662 728 2679 ‘
742 2662 889 2703 collegas

193 2709 292 2741 suos?
313 2710 379 2751 Ep.
396 2719 428 2741 1..

234 2763 250 2779 ⁰
273 2757 412 2801 Moram]
433 2760 587 2800 Spatium
603 2765 639 2793 et
649 2767 798 2804 tempus.

280 2812 394 2854 Delph.
408 2817 438 2844 el
459 2814 531 2846 Vur.
549 2816 636 2847 ctus.

944 2311 1143 2350 opusculum
1159 2311 1328 2350 seriptum
1344 2311 1390 2342 sit
1406 2311 1582 2343 celeriter.

987 2364 1000 2380 ¹·
1023 2360 1156 2391 Noctem
1183 2361 1266 2391 enim
1297 2360 1385 2391 illam
1404 2361 1644 2402 felicissimam]

945 2410 1060 2441 Videl.
1078 2410 1252 2442 Kalendas
1277 2411 1511 2443 Decembres:
1532 2417 1570 2443 et
1586 2422 1646 2443 no·

944 2465 994 2492 tat
1008 2461 1063 2491 hic
1082 2461 1244 2501 Papinius
1258 2462 1467 2502 spectacula,
1492 2472 1569 2503 qnae
1587 2463 1646 2493 illa

943 2516 1047 2542 nocte
1080 2510 1124 2541 ad
1175 2512 1384 2551 lychnuchos
1427 2513 1645 2544 Domitianus

942 2561 1065 2592 edidit.
1108 2561 1198 2593 Vide
1214 2566 1249 2593 et
1261 2563 1463 2594 Suetonium
1476 2568 1511 2594 et
1523 2563 1646 2605 Xiphi—

944 2611 1047 2642 liunm
1066 2613 1274 2646 Domitiam).

984 2666 996 2682 ⁸
1019 2662 1235 2702 Inexpertum]
1290 2663 1436 2695 Qualem
1474 2673 1642 2706 nunquan·-

943 2716 1047 2744 antea
1061 2713 1171 2746 sensit
1184 2713 1331 2754 populus
1349 2714 1533 2747 Romanus.

865 2815 950 2848 Stat.
1525 2818 1559 2849 D
