<?xml version="1.0" encoding="UTF-8"?>
<!DOCTYPE html PUBLIC "-//W3C//DTD XHTML 1.0 Transitional//EN"
    "http://www.w3.org/TR/xhtml1/DTD/xhtml1-transitional.dtd">
<html xmlns="http://www.w3.org/1999/xhtml" xml:lang="en" lang="en">
 <head>
  <title>
</title>
<meta http-equiv="Content-Type" content="text/html;charset=utf-8" />
  <meta name='ocr-system' content='tesseract 3.04.00' />
  <meta name='ocr-capabilities' content='ocr_page ocr_carea ocr_par ocr_line ocrx_word'/>
</head>
<body>
  <div class='ocr_page' id='page_1' title='image "./operaomniaexedit01statuoft_0178.png"; bbox 0 0 1800 3060; ppageno 0'>
   <div class='ocr_carea' id='block_1_1' title="bbox 208 174 1169 220">
    <p class='ocr_par' dir='ltr' id='par_1_1' title="bbox 208 174 1169 220">
     <span class='ocr_line' id='line_1_1' title="bbox 208 174 1169 220; baseline 0.004 -4"><span class='ocrx_word' id='word_1_1' title='bbox 208 174 292 216; x_wconf 83' lang='lat'>168</span> <span class='ocrx_word' id='word_1_2' title='bbox 701 187 740 218; x_wconf 78' lang='lat' dir='ltr'>r.</span> <span class='ocrx_word' id='word_1_3' title='bbox 775 187 965 218; x_wconf 76' lang='lat' dir='ltr'>rAP1N11</span> <span class='ocrx_word' id='word_1_4' title='bbox 1002 187 1169 220; x_wconf 72' lang='lat' dir='ltr'>s&#39;rA&#39;rn</span> 
     </span>
    </p>
   </div>
   <div class='ocr_carea' id='block_1_2' title="bbox 208 280 1452 408">
    <p class='ocr_par' dir='ltr' id='par_1_2' title="bbox 208 280 1452 408">
     <span class='ocr_line' id='line_1_2' title="bbox 208 280 1452 339; baseline 0.006 -17"><span class='ocrx_word' id='word_1_5' title='bbox 208 280 431 335; x_wconf 84' lang='lat' dir='ltr'>Purpura,</span> <span class='ocrx_word' id='word_1_6' title='bbox 455 280 552 322; x_wconf 86' lang='lat' dir='ltr'>sola</span> <span class='ocrx_word' id='word_1_7' title='bbox 575 293 690 324; x_wconf 89' lang='lat' dir='ltr'>cavo</span> <span class='ocrx_word' id='word_1_8' title='bbox 712 281 1051 338; x_wconf 84' lang='lat' dir='ltr'>Phrygiaeqnam</span> <span class='ocrx_word' id='word_1_9' title='bbox 1070 283 1308 339; x_wconf 83' lang='lat' dir='ltr'><strong>Synnados</strong></span> <span class='ocrx_word' id='word_1_10' title='bbox 1330 291 1452 330; x_wconf 86' lang='lat' dir='ltr'>antro</span> 
     </span>
     <span class='ocr_line' id='line_1_3' title="bbox 208 348 1234 408; baseline 0.006 -19"><span class='ocrx_word' id='word_1_11' title='bbox 208 348 314 403; x_wconf 86' lang='lat' dir='ltr'>Ipse</span> <span class='ocrx_word' id='word_1_12' title='bbox 332 349 578 390; x_wconf 84' lang='lat' dir='ltr'><strong>cruentavit</strong></span> <span class='ocrx_word' id='word_1_13' title='bbox 597 349 787 395; x_wconf 86' lang='lat' dir='ltr'>maculis</span> <span class='ocrx_word' id='word_1_14' title='bbox 808 351 1050 393; x_wconf 84' lang='lat' dir='ltr'>liventibus</span> <span class='ocrx_word' id='word_1_15' title='bbox 1070 351 1206 408; x_wconf 87' lang='lat' dir='ltr'>Attys</span> <span class='ocrx_word' id='word_1_16' title='bbox 1224 367 1234 395; x_wconf 78' lang='grc' dir='ltr'>ε</span> 
     </span>
    </p>
   </div>
   <div class='ocr_carea' id='block_1_3' title="bbox 210 415 1365 476">
    <p class='ocr_par' dir='ltr' id='par_1_3' title="bbox 210 415 1365 476">
     <span class='ocr_line' id='line_1_4' title="bbox 210 415 1365 476; baseline 0.006 -19"><span class='ocrx_word' id='word_1_17' title='bbox 210 415 425 471; x_wconf 84' lang='lat' dir='ltr'>Quasque</span> <span class='ocrx_word' id='word_1_18' title='bbox 445 416 590 471; x_wconf 90' lang='lat' dir='ltr'>Tyrus</span> <span class='ocrx_word' id='word_1_19' title='bbox 610 417 764 461; x_wconf 84' lang='lat' dir='ltr'>niveas</span> <span class='ocrx_word' id='word_1_20' title='bbox 785 423 927 470; x_wconf 85' lang='lat' dir='ltr'>secat,</span> <span class='ocrx_word' id='word_1_21' title='bbox 949 425 996 461; x_wconf 87' lang='lat' dir='ltr'>et</span> <span class='ocrx_word' id='word_1_22' title='bbox 1016 420 1202 462; x_wconf 89' lang='lat' dir='ltr'>Sidonia</span> <span class='ocrx_word' id='word_1_23' title='bbox 1222 435 1365 476; x_wconf 87' lang='lat' dir='ltr'>rupes.</span> 
     </span>
    </p>
   </div>
   <div class='ocr_carea' id='block_1_4' title="bbox 209 482 1663 542">
    <p class='ocr_par' dir='ltr' id='par_1_4' title="bbox 209 482 1663 542">
     <span class='ocr_line' id='line_1_5' title="bbox 209 482 1663 542; baseline 0.008 -17"><span class='ocrx_word' id='word_1_24' title='bbox 209 483 306 526; x_wconf 83' lang='lat' dir='ltr'>Vix</span> <span class='ocrx_word' id='word_1_25' title='bbox 325 484 452 525; x_wconf 86' lang='lat' dir='ltr'>locus</span> <span class='ocrx_word' id='word_1_26' title='bbox 473 482 664 536; x_wconf 86' lang='lat' dir='ltr'>Eurotae,</span> <span class='ocrx_word' id='word_1_27' title='bbox 685 485 838 527; x_wconf 86' lang='lat' dir='ltr'>viridis</span> <span class='ocrx_word' id='word_1_28' title='bbox 859 500 960 528; x_wconf 88' lang='lat' dir='ltr'>cum</span> <span class='ocrx_word' id='word_1_29' title='bbox 980 488 1130 541; x_wconf 87' lang='lat' dir='ltr'>regula</span> <span class='ocrx_word' id='word_1_30' title='bbox 1148 488 1281 542; x_wconf 87' lang='lat' dir='ltr'>longo</span> <span class='ocrx_word' id='word_1_31' title='bbox 1602 494 1663 536; x_wconf 81' lang='lat'>40</span> 
     </span>
    </p>
   </div>
   <div class='ocr_carea' id='block_1_5' title="bbox 209 609 1667 744">
    <p class='ocr_par' dir='ltr' id='par_1_5' title="bbox 209 609 1667 744">
     <span class='ocr_line' id='line_1_6' title="bbox 209 609 1667 660; baseline 0.008 -22"><span class='ocrx_word' id='word_1_32' title='bbox 209 609 379 656; x_wconf 60' lang='lat' dir='ltr'>epoemleis</span> <span class='ocrx_word' id='word_1_33' title='bbox 386 610 509 649; x_wconf 76' lang='lat' dir='ltr'><strong><em>fodinis</em></strong></span> <span class='ocrx_word' id='word_1_34' title='bbox 524 612 732 645; x_wconf 78' lang='lat' dir='ltr'><strong><em>Numidarum</em></strong></span> <span class='ocrx_word' id='word_1_35' title='bbox 745 618 895 656; x_wconf 69' lang='lat' dir='ltr'>coruscat,</span> <span class='ocrx_word' id='word_1_36' title='bbox 915 617 1009 654; x_wconf 76' lang='lat' dir='ltr'>solus,</span> <span class='ocrx_word' id='word_1_37' title='bbox 1024 626 1113 657; x_wconf 78' lang='lat' dir='ltr'>quem</span> <span class='ocrx_word' id='word_1_38' title='bbox 1133 618 1199 659; x_wconf 72' lang='lat' dir='ltr'>ipse</span> <span class='ocrx_word' id='word_1_39' title='bbox 1218 617 1302 660; x_wconf 75' lang='lat' dir='ltr'>Atys</span> <span class='ocrx_word' id='word_1_40' title='bbox 1315 618 1414 651; x_wconf 75' lang='lat' dir='ltr'>tinxit</span> <span class='ocrx_word' id='word_1_41' title='bbox 1426 619 1529 659; x_wconf 75' lang='lat' dir='ltr'>guttis</span> <span class='ocrx_word' id='word_1_42' title='bbox 1535 618 1667 659; x_wconf 73' lang='lat' dir='ltr'>fulgen-</span> 
     </span>
     <span class='ocr_line' id='line_1_7' title="bbox 209 650 1666 703; baseline 0.01 -22"><span class='ocrx_word' id='word_1_43' title='bbox 209 650 292 682; x_wconf 68' lang='lat' dir='ltr'>tubus</span> <span class='ocrx_word' id='word_1_44' title='bbox 302 654 425 693; x_wconf 79' lang='lat' dir='ltr'>proprii</span> <span class='ocrx_word' id='word_1_45' title='bbox 437 655 602 694; x_wconf 72' lang='lat' dir='ltr'><strong><em>sanguinis</em></strong></span> <span class='ocrx_word' id='word_1_46' title='bbox 623 656 658 688; x_wconf 80' lang='lat' dir='ltr'>in</span> <span class='ocrx_word' id='word_1_47' title='bbox 677 656 836 697; x_wconf 82' lang='lat' dir='ltr'>profunda</span> <span class='ocrx_word' id='word_1_48' title='bbox 848 668 978 690; x_wconf 72' lang='lat' dir='ltr'>caverna</span> <span class='ocrx_word' id='word_1_49' title='bbox 993 659 1165 701; x_wconf 74' lang='lat' dir='ltr'><strong><em>Synnados.</em></strong></span> <span class='ocrx_word' id='word_1_50' title='bbox 1209 662 1254 692; x_wconf 76' lang='lat' dir='ltr'>Et</span> <span class='ocrx_word' id='word_1_51' title='bbox 1268 671 1423 694; x_wconf 67' lang='lat' dir='ltr'>marnam-u</span> <span class='ocrx_word' id='word_1_52' title='bbox 1437 662 1581 700; x_wconf 73' lang='lat' dir='ltr'>candida,</span> <span class='ocrx_word' id='word_1_53' title='bbox 1597 672 1666 703; x_wconf 78' lang='lat' dir='ltr'>quoe</span> 
     </span>
     <span class='ocr_line' id='line_1_8' title="bbox 213 692 1667 744; baseline 0.008 -19"><span class='ocrx_word' id='word_1_54' title='bbox 213 692 310 734; x_wconf 74' lang='lat' dir='ltr'>Tyros</span> <span class='ocrx_word' id='word_1_55' title='bbox 323 699 355 727; x_wconf 86' lang='lat' dir='ltr'>et</span> <span class='ocrx_word' id='word_1_56' title='bbox 370 695 472 729; x_wconf 77' lang='lat' dir='ltr'>Sidon</span> <span class='ocrx_word' id='word_1_57' title='bbox 485 699 620 731; x_wconf 79' lang='lat' dir='ltr'>coedunt.</span> <span class='ocrx_word' id='word_1_58' title='bbox 671 700 735 732; x_wconf 78' lang='lat' dir='ltr'>Vix</span> <span class='ocrx_word' id='word_1_59' title='bbox 748 701 829 732; x_wconf 73' lang='lat' dir='ltr'>locus</span> <span class='ocrx_word' id='word_1_60' title='bbox 844 702 974 734; x_wconf 71' lang='lat' dir='ltr'>Eurotoe</span> <span class='ocrx_word' id='word_1_61' title='bbox 995 703 1156 744; x_wconf 78' lang='lat' dir='ltr'>marmori,</span> <span class='ocrx_word' id='word_1_62' title='bbox 1180 705 1242 736; x_wconf 73' lang='lat' dir='ltr'>nisi</span> <span class='ocrx_word' id='word_1_63' title='bbox 1266 714 1336 736; x_wconf 77' lang='lat' dir='ltr'>cum</span> <span class='ocrx_word' id='word_1_64' title='bbox 1356 704 1443 736; x_wconf 75' lang='lat' dir='ltr'>illius</span> <span class='ocrx_word' id='word_1_65' title='bbox 1457 705 1539 736; x_wconf 77' lang='lat' dir='ltr'>linea</span> <span class='ocrx_word' id='word_1_66' title='bbox 1552 705 1667 736; x_wconf 63' lang='lat' dir='ltr'>viridis</span> 
     </span>
    </p>
   </div>
   <div class='ocr_carea' id='block_1_6' title="bbox 818 797 1056 809">
    <p class='ocr_par' dir='ltr' id='par_1_6' title="bbox 818 797 1056 809">
     <span class='ocr_line' id='line_1_9' title="bbox 818 797 1056 809; baseline 0.004 -1"><span class='ocrx_word' id='word_1_67' title='bbox 818 797 1056 809; x_wconf 56' lang='lat' dir='ltr'>eloneo-eoeoe</span> 
     </span>
    </p>
   </div>
   <div class='ocr_carea' id='block_1_7' title="bbox 210 849 1667 1114">
    <p class='ocr_par' dir='ltr' id='par_1_7' title="bbox 210 849 1667 1114">
     <span class='ocr_line' id='line_1_10' title="bbox 211 849 1667 899; baseline 0.006 -19"><span class='ocrx_word' id='word_1_68' title='bbox 211 849 506 889; x_wconf 79' lang='lat' dir='ltr'>displicebit.—37</span> <span class='ocrx_word' id='word_1_69' title='bbox 527 854 670 897; x_wconf 76' lang='lat' dir='ltr'>Synadoa</span> <span class='ocrx_word' id='word_1_70' title='bbox 695 855 798 888; x_wconf 88' lang='lat' dir='ltr'>Aldd.</span> <span class='ocrx_word' id='word_1_71' title='bbox 827 858 939 890; x_wconf 91' lang='lat' dir='ltr'>Colin.</span> <span class='ocrx_word' id='word_1_72' title='bbox 963 858 1095 899; x_wconf 84' lang='lat' dir='ltr'>Gryph.</span> <span class='ocrx_word' id='word_1_73' title='bbox 1122 859 1227 891; x_wconf 87' lang='lat' dir='ltr'>Basil.</span> <span class='ocrx_word' id='word_1_74' title='bbox 1253 859 1360 892; x_wconf 88' lang='lat' dir='ltr'>Bern.</span> <span class='ocrx_word' id='word_1_75' title='bbox 1390 858 1532 891; x_wconf 84' lang='lat' dir='ltr'>Gevart.</span> <span class='ocrx_word' id='word_1_76' title='bbox 1556 860 1667 889; x_wconf 47' lang='lat' dir='ltr'>&amp;ce-⁴</span> 
     </span>
     <span class='ocr_line' id='line_1_11' title="bbox 210 893 1665 942; baseline 0.005 -18"><span class='ocrx_word' id='word_1_77' title='bbox 210 895 252 924; x_wconf 72' lang='lat'>28</span> <span class='ocrx_word' id='word_1_78' title='bbox 275 893 428 927; x_wconf 85' lang='lat' dir='ltr'>Crucens</span> <span class='ocrx_word' id='word_1_79' title='bbox 443 896 532 929; x_wconf 90' lang='lat' dir='ltr'>hunc</span> <span class='ocrx_word' id='word_1_80' title='bbox 548 898 658 929; x_wconf 87' lang='lat' dir='ltr'>locum</span> <span class='ocrx_word' id='word_1_81' title='bbox 677 900 787 931; x_wconf 79' lang='lat' dir='ltr'>citans</span> <span class='ocrx_word' id='word_1_82' title='bbox 804 901 907 932; x_wconf 80' lang='lat' dir='ltr'>habet</span> <span class='ocrx_word' id='word_1_83' title='bbox 922 901 1102 939; x_wconf 74' lang='lat' dir='ltr'>liventibus,</span> <span class='ocrx_word' id='word_1_84' title='bbox 1125 902 1294 942; x_wconf 83' lang='lat' dir='ltr'>probante</span> <span class='ocrx_word' id='word_1_85' title='bbox 1310 902 1514 934; x_wconf 86' lang='lat' dir='ltr'>Marklando</span> <span class='ocrx_word' id='word_1_86' title='bbox 1528 912 1538 940; x_wconf 90' lang='lat'>;</span> <span class='ocrx_word' id='word_1_87' title='bbox 1561 903 1665 932; x_wconf 76' lang='lat' dir='ltr'>lacen-</span> 
     </span>
     <span class='ocr_line' id='line_1_12' title="bbox 211 935 1667 986; baseline 0.005 -18"><span class='ocrx_word' id='word_1_88' title='bbox 211 935 293 968; x_wconf 76' lang='lat' dir='ltr'>tibus</span> <span class='ocrx_word' id='word_1_89' title='bbox 307 938 435 970; x_wconf 89' lang='lat' dir='ltr'>Venet.</span> <span class='ocrx_word' id='word_1_90' title='bbox 451 942 481 970; x_wconf 88' lang='lat' dir='ltr'>l.</span> <span class='ocrx_word' id='word_1_91' title='bbox 511 940 623 972; x_wconf 74' lang='lat' dir='ltr'>Parni.</span> <span class='ocrx_word' id='word_1_92' title='bbox 651 942 747 974; x_wconf 88' lang='lat' dir='ltr'>Rom.</span> <span class='ocrx_word' id='word_1_93' title='bbox 772 943 910 975; x_wconf 88' lang='lat' dir='ltr'>Vicent.</span> <span class='ocrx_word' id='word_1_94' title='bbox 933 944 1031 977; x_wconf 85' lang='lat' dir='ltr'>Brix.</span> <span class='ocrx_word' id='word_1_95' title='bbox 1057 944 1162 977; x_wconf 90' lang='lat' dir='ltr'>Aldd.</span> <span class='ocrx_word' id='word_1_96' title='bbox 1188 945 1297 978; x_wconf 87' lang='lat' dir='ltr'>Colin.</span> <span class='ocrx_word' id='word_1_97' title='bbox 1325 945 1538 986; x_wconf 55' lang='lat' dir='ltr'>Grypum.</span> <span class='ocrx_word' id='word_1_98' title='bbox 1581 944 1667 985; x_wconf 75' lang='lat' dir='ltr'>Atys</span> 
     </span>
     <span class='ocr_line' id='line_1_13' title="bbox 211 978 1667 1027; baseline 0.005 -17"><span class='ocrx_word' id='word_1_99' title='bbox 211 978 289 1011; x_wconf 86' lang='lat' dir='ltr'>edd.</span> <span class='ocrx_word' id='word_1_100' title='bbox 306 985 480 1014; x_wconf 66' lang='lat' dir='ltr'>vem—39</span> <span class='ocrx_word' id='word_1_101' title='bbox 504 984 649 1025; x_wconf 77' lang='lat' dir='ltr'>Quasque</span> <span class='ocrx_word' id='word_1_102' title='bbox 667 985 743 1026; x_wconf 79' lang='lat' dir='ltr'>Tyri</span> <span class='ocrx_word' id='word_1_103' title='bbox 759 985 815 1018; x_wconf 92' lang='lat' dir='ltr'>ed.</span> <span class='ocrx_word' id='word_1_104' title='bbox 839 992 908 1018; x_wconf 89' lang='lat' dir='ltr'>vet.</span> <span class='ocrx_word' id='word_1_105' title='bbox 937 987 1281 1027; x_wconf 74' lang='lat' dir='ltr'>Lindenbrogii.—40</span> <span class='ocrx_word' id='word_1_106' title='bbox 1303 992 1312 1006; x_wconf 78' lang='lat'><em>¹</em></span> <span class='ocrx_word' id='word_1_107' title='bbox 1329 988 1383 1020; x_wconf 80' lang='lat' dir='ltr'>Ita</span> <span class='ocrx_word' id='word_1_108' title='bbox 1400 993 1494 1019; x_wconf 84' lang='lat' dir='ltr'>recte</span> <span class='ocrx_word' id='word_1_109' title='bbox 1511 989 1600 1019; x_wconf 85' lang='lat' dir='ltr'>hunc</span> <span class='ocrx_word' id='word_1_110' title='bbox 1616 987 1667 1018; x_wconf 89' lang='lat' dir='ltr'>lo-</span> 
     </span>
     <span class='ocr_line' id='line_1_14' title="bbox 213 1023 1667 1070; baseline 0.006 -17"><span class='ocrx_word' id='word_1_111' title='bbox 213 1031 288 1054; x_wconf 87' lang='lat' dir='ltr'>cum</span> <span class='ocrx_word' id='word_1_112' title='bbox 305 1023 465 1056; x_wconf 81' lang='lat' dir='ltr'>distinxit</span> <span class='ocrx_word' id='word_1_113' title='bbox 481 1026 663 1059; x_wconf 81' lang='lat' dir='ltr'>Gevartius</span> <span class='ocrx_word' id='word_1_114' title='bbox 679 1038 755 1060; x_wconf 91' lang='lat' dir='ltr'>cum</span> <span class='ocrx_word' id='word_1_115' title='bbox 772 1033 875 1062; x_wconf 88' lang='lat' dir='ltr'>antea</span> <span class='ocrx_word' id='word_1_116' title='bbox 890 1030 1082 1070; x_wconf 85' lang='lat' dir='ltr'>legeretur:</span> <span class='ocrx_word' id='word_1_117' title='bbox 1109 1031 1174 1062; x_wconf 69' lang='lat' dir='ltr'>Vix</span> <span class='ocrx_word' id='word_1_118' title='bbox 1187 1032 1268 1062; x_wconf 75' lang='lat' dir='ltr'>locus</span> <span class='ocrx_word' id='word_1_119' title='bbox 1282 1032 1411 1063; x_wconf 79' lang='lat' dir='ltr'>Euroeae</span> <span class='ocrx_word' id='word_1_120' title='bbox 1433 1030 1563 1062; x_wconf 76' lang='lat' dir='ltr'>viridis.-</span> <span class='ocrx_word' id='word_1_121' title='bbox 1585 1039 1667 1067; x_wconf 78' lang='lat' dir='ltr'>cum,</span> 
     </span>
     <span class='ocr_line' id='line_1_15' title="bbox 212 1065 1666 1114; baseline 0.004 -17"><span class='ocrx_word' id='word_1_122' title='bbox 212 1065 265 1102; x_wconf 59' lang='grc' dir='ltr'>δῖε.</span> <span class='ocrx_word' id='word_1_123' title='bbox 288 1067 342 1098; x_wconf 88' lang='lat' dir='ltr'>vel</span> <span class='ocrx_word' id='word_1_124' title='bbox 364 1068 481 1101; x_wconf 64' lang='lat' dir='ltr'>viridi!</span> <span class='ocrx_word' id='word_1_125' title='bbox 504 1070 632 1102; x_wconf 89' lang='lat' dir='ltr'>Markl.</span> <span class='ocrx_word' id='word_1_126' title='bbox 679 1071 744 1103; x_wconf 89' lang='lat' dir='ltr'>Ed.</span> <span class='ocrx_word' id='word_1_127' title='bbox 763 1078 833 1104; x_wconf 85' lang='lat' dir='ltr'>vet.</span> <span class='ocrx_word' id='word_1_128' title='bbox 848 1073 1092 1114; x_wconf 85' lang='lat' dir='ltr'>Lindenbrogii</span> <span class='ocrx_word' id='word_1_129' title='bbox 1107 1074 1230 1106; x_wconf 86' lang='lat' dir='ltr'>habet:</span> <span class='ocrx_word' id='word_1_130' title='bbox 1253 1074 1350 1106; x_wconf 78' lang='lat' dir='ltr'>viridi</span> <span class='ocrx_word' id='word_1_131' title='bbox 1363 1084 1431 1106; x_wconf 81' lang='lat' dir='ltr'>cum</span> <span class='ocrx_word' id='word_1_132' title='bbox 1445 1074 1554 1113; x_wconf 76' lang='lat' dir='ltr'>regula</span> <span class='ocrx_word' id='word_1_133' title='bbox 1571 1075 1666 1111; x_wconf 77' lang='lat' dir='ltr'>longa</span> 
     </span>
    </p>
   </div>
   <div class='ocr_carea' id='block_1_8' title="bbox 877 1159 1018 1192">
    <p class='ocr_par' dir='ltr' id='par_1_8' title="bbox 877 1159 1018 1192">
     <span class='ocr_line' id='line_1_16' title="bbox 877 1159 1018 1192; baseline -0.007 0"><span class='ocrx_word' id='word_1_134' title='bbox 877 1159 1018 1192; x_wconf 82' lang='lat' dir='ltr'>NOTAE</span> 
     </span>
    </p>
   </div>
   <div class='ocr_carea' id='block_1_9' title="bbox 215 1216 1673 1468">
    <p class='ocr_par' dir='ltr' id='par_1_9' title="bbox 215 1216 1673 1468">
     <span class='ocr_line' id='line_1_17' title="bbox 215 1216 1670 1264; baseline 0.003 -16"><span class='ocrx_word' id='word_1_135' title='bbox 215 1216 453 1259; x_wconf 85' lang='lat' dir='ltr'>Geographos.</span> <span class='ocrx_word' id='word_1_136' title='bbox 496 1220 606 1252; x_wconf 69' lang='lat' dir='ltr'>Flavia</span> <span class='ocrx_word' id='word_1_137' title='bbox 618 1223 768 1264; x_wconf 74' lang='lat' dir='ltr'><strong><em>metallis]</em></strong></span> <span class='ocrx_word' id='word_1_138' title='bbox 787 1224 916 1256; x_wconf 78' lang='lat' dir='ltr'>Noster</span> <span class='ocrx_word' id='word_1_139' title='bbox 1012 1227 1054 1256; x_wconf 78' lang='lat'>40</span> <span class='ocrx_word' id='word_1_140' title='bbox 1082 1224 1146 1256; x_wconf 80' lang='lat' dir='ltr'>Vix</span> <span class='ocrx_word' id='word_1_141' title='bbox 1159 1225 1242 1256; x_wconf 78' lang='lat' dir='ltr'>locus</span> <span class='ocrx_word' id='word_1_142' title='bbox 1256 1221 1401 1263; x_wconf 76' lang='lat' dir='ltr'>Eurotoe]</span> <span class='ocrx_word' id='word_1_143' title='bbox 1424 1222 1494 1254; x_wconf 88' lang='lat' dir='ltr'>Per</span> <span class='ocrx_word' id='word_1_144' title='bbox 1518 1222 1670 1253; x_wconf 79' lang='lat' dir='ltr'><strong>Eurotan</strong></span> 
     </span>
     <span class='ocr_line' id='line_1_18' title="bbox 216 1268 1670 1314; baseline 0.003 -16"><span class='ocrx_word' id='word_1_145' title='bbox 216 1268 407 1301; x_wconf 85' lang='lat' dir='ltr'>Eucharist.</span> <span class='ocrx_word' id='word_1_146' title='bbox 431 1270 472 1302; x_wconf 86' lang='lat' dir='ltr'>ad</span> <span class='ocrx_word' id='word_1_147' title='bbox 499 1271 750 1306; x_wconf 87' lang='lat' dir='ltr'>Domitianum:</span> <span class='ocrx_word' id='word_1_148' title='bbox 776 1276 786 1292; x_wconf 92' lang='lat'>‘</span> <span class='ocrx_word' id='word_1_149' title='bbox 804 1275 917 1306; x_wconf 81' lang='lat' dir='ltr'>AEmu·</span> <span class='ocrx_word' id='word_1_150' title='bbox 970 1272 1110 1306; x_wconf 85' lang='lat' dir='ltr'>fluvium</span> <span class='ocrx_word' id='word_1_151' title='bbox 1127 1274 1303 1314; x_wconf 79' lang='lat' dir='ltr'>Laconiae,</span> <span class='ocrx_word' id='word_1_152' title='bbox 1330 1273 1493 1314; x_wconf 86' lang='lat' dir='ltr'>intelligit</span> <span class='ocrx_word' id='word_1_153' title='bbox 1508 1273 1670 1304; x_wconf 75' lang='lat' dir='ltr'>Lacedae·</span> 
     </span>
     <span class='ocr_line' id='line_1_19' title="bbox 215 1319 1672 1365; baseline 0.004 -16"><span class='ocrx_word' id='word_1_154' title='bbox 215 1320 267 1349; x_wconf 87' lang='lat' dir='ltr'>lus</span> <span class='ocrx_word' id='word_1_155' title='bbox 298 1319 369 1352; x_wconf 85' lang='lat' dir='ltr'>illie</span> <span class='ocrx_word' id='word_1_156' title='bbox 396 1321 497 1354; x_wconf 84' lang='lat' dir='ltr'>Mons</span> <span class='ocrx_word' id='word_1_157' title='bbox 528 1323 658 1365; x_wconf 65' lang='lat' dir='ltr'>Libys:</span> <span class='ocrx_word' id='word_1_158' title='bbox 711 1325 917 1359; x_wconf 80' lang='lat' dir='ltr'>Surrentino</span> <span class='ocrx_word' id='word_1_159' title='bbox 970 1325 1120 1357; x_wconf 88' lang='lat' dir='ltr'>monium</span> <span class='ocrx_word' id='word_1_160' title='bbox 1136 1335 1285 1357; x_wconf 87' lang='lat' dir='ltr'>marmor</span> <span class='ocrx_word' id='word_1_161' title='bbox 1302 1325 1420 1356; x_wconf 88' lang='lat' dir='ltr'>viride.</span> <span class='ocrx_word' id='word_1_162' title='bbox 1441 1323 1534 1355; x_wconf 87' lang='lat' dir='ltr'>Vide</span> <span class='ocrx_word' id='word_1_163' title='bbox 1550 1322 1672 1364; x_wconf 82' lang='lat' dir='ltr'>Epith.</span> 
     </span>
     <span class='ocr_line' id='line_1_20' title="bbox 217 1368 1673 1414; baseline 0.003 -14"><span class='ocrx_word' id='word_1_164' title='bbox 217 1368 339 1402; x_wconf 90' lang='lat' dir='ltr'>Pollii:</span> <span class='ocrx_word' id='word_1_165' title='bbox 357 1370 367 1388; x_wconf 89' lang='lat'>‘</span> <span class='ocrx_word' id='word_1_166' title='bbox 378 1371 446 1403; x_wconf 85' lang='lat' dir='ltr'>Hic</span> <span class='ocrx_word' id='word_1_167' title='bbox 457 1372 651 1406; x_wconf 80' lang='lat' dir='ltr'><strong>Nomadum</strong></span> <span class='ocrx_word' id='word_1_168' title='bbox 663 1375 779 1408; x_wconf 86' lang='lat' dir='ltr'>lucent</span> <span class='ocrx_word' id='word_1_169' title='bbox 787 1375 916 1409; x_wconf 82' lang='lat' dir='ltr'>flaven-</span> <span class='ocrx_word' id='word_1_170' title='bbox 969 1375 1087 1407; x_wconf 83' lang='lat' dir='ltr'>Stellae</span> <span class='ocrx_word' id='word_1_171' title='bbox 1102 1385 1155 1408; x_wconf 84' lang='lat' dir='ltr'>vs.</span> <span class='ocrx_word' id='word_1_172' title='bbox 1170 1379 1242 1408; x_wconf 79' lang='grc'><strong>148.</strong></span> <span class='ocrx_word' id='word_1_173' title='bbox 1269 1375 1387 1407; x_wconf 79' lang='lat' dir='ltr'>Viridis</span> <span class='ocrx_word' id='word_1_174' title='bbox 1399 1385 1468 1407; x_wconf 80' lang='lat' dir='ltr'>cam</span> <span class='ocrx_word' id='word_1_175' title='bbox 1482 1375 1592 1414; x_wconf 76' lang='lat' dir='ltr'>regula</span> <span class='ocrx_word' id='word_1_176' title='bbox 1604 1374 1673 1405; x_wconf 75' lang='lat' dir='ltr'>lon-</span> 
     </span>
     <span class='ocr_line' id='line_1_21' title="bbox 217 1420 1671 1468; baseline 0.003 -18"><span class='ocrx_word' id='word_1_177' title='bbox 217 1420 266 1452; x_wconf 86' lang='lat' dir='ltr'>tia</span> <span class='ocrx_word' id='word_1_178' title='bbox 283 1421 387 1454; x_wconf 64' lang='lat' dir='ltr'>saxa!</span> <span class='ocrx_word' id='word_1_179' title='bbox 418 1423 575 1466; x_wconf 70' lang='lat' dir='ltr'>Metonis]</span> <span class='ocrx_word' id='word_1_180' title='bbox 593 1425 823 1468; x_wconf 81' lang='lat' dir='ltr'>Lapidieinis3</span> <span class='ocrx_word' id='word_1_181' title='bbox 839 1437 917 1459; x_wconf 82' lang='lat' dir='ltr'>nam</span> <span class='ocrx_word' id='word_1_182' title='bbox 968 1435 1011 1466; x_wconf 78' lang='lat' dir='ltr'>go</span> <span class='ocrx_word' id='word_1_183' title='bbox 1034 1425 1184 1468; x_wconf 75' lang='lat' dir='ltr'>Synnada</span> <span class='ocrx_word' id='word_1_184' title='bbox 1196 1426 1346 1458; x_wconf 71' lang='lat' dir='ltr'>distinctu</span> <span class='ocrx_word' id='word_1_185' title='bbox 1361 1425 1478 1466; x_wconf 74' lang='lat' dir='ltr'>variat]</span> <span class='ocrx_word' id='word_1_186' title='bbox 1500 1424 1556 1455; x_wconf 84' lang='lat' dir='ltr'>Ita</span> <span class='ocrx_word' id='word_1_187' title='bbox 1581 1423 1671 1455; x_wconf 84' lang='lat' dir='ltr'>hune</span> 
     </span>
    </p>
   </div>
   <div class='ocr_carea' id='block_1_10' title="bbox 192 1471 933 2778">
    <p class='ocr_par' dir='ltr' id='par_1_10' title="bbox 217 1471 922 1717">
     <span class='ocr_line' id='line_1_22' title="bbox 217 1471 917 1520; baseline 0.013 -18"><span class='ocrx_word' id='word_1_188' title='bbox 217 1471 358 1503; x_wconf 86' lang='lat' dir='ltr'>metalla</span> <span class='ocrx_word' id='word_1_189' title='bbox 373 1478 455 1505; x_wconf 89' lang='lat' dir='ltr'>sunt</span> <span class='ocrx_word' id='word_1_190' title='bbox 469 1484 565 1507; x_wconf 82' lang='lat' dir='ltr'>venae</span> <span class='ocrx_word' id='word_1_191' title='bbox 583 1480 652 1508; x_wconf 88' lang='lat' dir='ltr'>tam</span> <span class='ocrx_word' id='word_1_192' title='bbox 666 1477 804 1519; x_wconf 83' lang='lat' dir='ltr'>lapidis,</span> <span class='ocrx_word' id='word_1_193' title='bbox 817 1489 917 1520; x_wconf 89' lang='lat' dir='ltr'>quam</span> 
     </span>
     <span class='ocr_line' id='line_1_23' title="bbox 217 1521 922 1570; baseline 0.016 -19"><span class='ocrx_word' id='word_1_194' title='bbox 217 1521 309 1561; x_wconf 74' lang='lat' dir='ltr'>aeris,</span> <span class='ocrx_word' id='word_1_195' title='bbox 328 1526 365 1554; x_wconf 89' lang='lat' dir='ltr'>et</span> <span class='ocrx_word' id='word_1_196' title='bbox 385 1523 528 1556; x_wconf 88' lang='lat' dir='ltr'>aliarum</span> <span class='ocrx_word' id='word_1_197' title='bbox 543 1535 669 1567; x_wconf 87' lang='lat' dir='ltr'>rerum,</span> <span class='ocrx_word' id='word_1_198' title='bbox 686 1538 769 1570; x_wconf 87' lang='lat' dir='ltr'>quas</span> <span class='ocrx_word' id='word_1_199' title='bbox 784 1538 803 1560; x_wconf 89' lang='lat' dir='ltr'>e</span> <span class='ocrx_word' id='word_1_200' title='bbox 828 1534 922 1562; x_wconf 90' lang='lat' dir='ltr'>terra</span> 
     </span>
     <span class='ocr_line' id='line_1_24' title="bbox 218 1573 921 1612; baseline 0.013 -9"><span class='ocrx_word' id='word_1_201' title='bbox 218 1573 381 1606; x_wconf 86' lang='lat' dir='ltr'>eruimus.</span> <span class='ocrx_word' id='word_1_202' title='bbox 426 1575 527 1607; x_wconf 87' lang='lat' dir='ltr'>Unde</span> <span class='ocrx_word' id='word_1_203' title='bbox 554 1577 692 1609; x_wconf 81' lang='lat' dir='ltr'>metalla</span> <span class='ocrx_word' id='word_1_204' title='bbox 722 1579 837 1611; x_wconf 80' lang='lat' dir='ltr'>Graeci</span> <span class='ocrx_word' id='word_1_205' title='bbox 873 1580 921 1612; x_wconf 83' lang='lat' dir='ltr'>vi·</span> 
     </span>
     <span class='ocr_line' id='line_1_25' title="bbox 217 1622 922 1672; baseline 0.011 -18"><span class='ocrx_word' id='word_1_206' title='bbox 217 1622 345 1655; x_wconf 89' lang='lat' dir='ltr'>dentur</span> <span class='ocrx_word' id='word_1_207' title='bbox 359 1623 501 1658; x_wconf 82' lang='lat' dir='ltr'>dixisse.</span> <span class='ocrx_word' id='word_1_208' title='bbox 538 1627 627 1659; x_wconf 86' lang='lat' dir='ltr'>Nam</span> <span class='ocrx_word' id='word_1_209' title='bbox 639 1627 807 1668; x_wconf 60' lang='grc' dir='ltr'>μεταλλῶ</span> <span class='ocrx_word' id='word_1_210' title='bbox 821 1629 922 1672; x_wconf 80' lang='lat' dir='ltr'>signi-</span> 
     </span>
     <span class='ocr_line' id='line_1_26' title="bbox 218 1672 602 1717; baseline 0.016 -13"><span class='ocrx_word' id='word_1_211' title='bbox 218 1672 313 1713; x_wconf 86' lang='lat' dir='ltr'>ficat,</span> <span class='ocrx_word' id='word_1_212' title='bbox 327 1678 461 1716; x_wconf 74' lang='lat' dir='ltr'>scrutor,</span> <span class='ocrx_word' id='word_1_213' title='bbox 474 1676 602 1717; x_wconf 77' lang='lat' dir='ltr'>indago.</span> 
     </span>
    </p>

    <p class='ocr_par' dir='ltr' id='par_1_11' title="bbox 219 1725 923 1917">
     <span class='ocr_line' id='line_1_27' title="bbox 261 1725 921 1768; baseline 0.014 -13"><span class='ocrx_word' id='word_1_214' title='bbox 261 1726 303 1756; x_wconf 70' lang='lat' dir='ltr'>a?</span> <span class='ocrx_word' id='word_1_215' title='bbox 329 1725 488 1768; x_wconf 76' lang='lat' dir='ltr'>Purpura]</span> <span class='ocrx_word' id='word_1_216' title='bbox 505 1727 755 1761; x_wconf 80' lang='lat' dir='ltr'>Inveniebatur</span> <span class='ocrx_word' id='word_1_217' title='bbox 767 1731 871 1763; x_wconf 81' lang='lat' dir='ltr'>etiam</span> <span class='ocrx_word' id='word_1_218' title='bbox 887 1732 921 1764; x_wconf 90' lang='lat' dir='ltr'>in</span> 
     </span>
     <span class='ocr_line' id='line_1_28' title="bbox 219 1773 923 1816; baseline 0.014 -12"><span class='ocrx_word' id='word_1_219' title='bbox 219 1773 271 1805; x_wconf 79' lang='lat' dir='ltr'>liis</span> <span class='ocrx_word' id='word_1_220' title='bbox 309 1774 505 1816; x_wconf 84' lang='lat' dir='ltr'>lapidicinis</span> <span class='ocrx_word' id='word_1_221' title='bbox 539 1778 714 1812; x_wconf 83' lang='lat' dir='ltr'>Numidiae</span> <span class='ocrx_word' id='word_1_222' title='bbox 748 1780 923 1813; x_wconf 86' lang='lat' dir='ltr'>interdum</span> 
     </span>
     <span class='ocr_line' id='line_1_29' title="bbox 219 1828 923 1871; baseline 0.013 -15"><span class='ocrx_word' id='word_1_223' title='bbox 219 1834 367 1858; x_wconf 88' lang='lat' dir='ltr'>marmor</span> <span class='ocrx_word' id='word_1_224' title='bbox 395 1828 562 1869; x_wconf 82' lang='lat' dir='ltr'>purpurei</span> <span class='ocrx_word' id='word_1_225' title='bbox 586 1830 722 1871; x_wconf 85' lang='lat' dir='ltr'>coloris,</span> <span class='ocrx_word' id='word_1_226' title='bbox 747 1841 808 1863; x_wconf 89' lang='lat' dir='ltr'>seu</span> <span class='ocrx_word' id='word_1_227' title='bbox 835 1832 923 1864; x_wconf 87' lang='lat' dir='ltr'>Por—</span> 
     </span>
     <span class='ocr_line' id='line_1_30' title="bbox 221 1876 388 1917; baseline 0.024 -11"><span class='ocrx_word' id='word_1_228' title='bbox 221 1876 388 1917; x_wconf 73' lang='lat' dir='ltr'>phyrites.</span> 
     </span>
    </p>

    <p class='ocr_par' dir='ltr' id='par_1_12' title="bbox 221 1926 933 2527">
     <span class='ocr_line' id='line_1_31' title="bbox 262 1926 926 1974; baseline 0.009 -15"><span class='ocrx_word' id='word_1_229' title='bbox 262 1926 339 1959; x_wconf 73' lang='lat' dir='ltr'>Sola</span> <span class='ocrx_word' id='word_1_230' title='bbox 366 1938 441 1960; x_wconf 77' lang='grc' dir='ltr'>αιω</span> <span class='ocrx_word' id='word_1_231' title='bbox 458 1929 612 1971; x_wconf 74' lang='lat' dir='ltr'>Phrygioe</span> <span class='ocrx_word' id='word_1_232' title='bbox 647 1941 740 1972; x_wconf 77' lang='lat' dir='ltr'>quam</span> <span class='ocrx_word' id='word_1_233' title='bbox 763 1932 926 1974; x_wconf 77' lang='lat' dir='ltr'>Synnados</span> 
     </span>
     <span class='ocr_line' id='line_1_32' title="bbox 221 1979 923 2020; baseline 0.009 -11"><span class='ocrx_word' id='word_1_234' title='bbox 221 1981 311 2010; x_wconf 76' lang='lat' dir='ltr'>antro</span> <span class='ocrx_word' id='word_1_235' title='bbox 332 1979 406 2020; x_wconf 85' lang='lat' dir='ltr'>Ipse</span> <span class='ocrx_word' id='word_1_236' title='bbox 429 1982 605 2012; x_wconf 79' lang='lat' dir='ltr'>cruentavit</span> <span class='ocrx_word' id='word_1_237' title='bbox 638 1982 767 2014; x_wconf 68' lang='lat' dir='ltr'>maculis</span> <span class='ocrx_word' id='word_1_238' title='bbox 798 1983 923 2015; x_wconf 75' lang='lat' dir='ltr'>liventi-</span> 
     </span>
     <span class='ocr_line' id='line_1_33' title="bbox 222 2029 924 2074; baseline 0.006 -13"><span class='ocrx_word' id='word_1_239' title='bbox 222 2029 397 2072; x_wconf 72' lang='lat' dir='ltr'>busAttys]</span> <span class='ocrx_word' id='word_1_240' title='bbox 414 2030 583 2072; x_wconf 80' lang='lat' dir='ltr'>Designat</span> <span class='ocrx_word' id='word_1_241' title='bbox 592 2032 823 2074; x_wconf 84' lang='lat' dir='ltr'>Synnadieum</span> <span class='ocrx_word' id='word_1_242' title='bbox 837 2043 924 2065; x_wconf 88' lang='lat' dir='ltr'>mar-</span> 
     </span>
     <span class='ocr_line' id='line_1_34' title="bbox 221 2081 924 2124; baseline 0.006 -12"><span class='ocrx_word' id='word_1_243' title='bbox 221 2090 312 2121; x_wconf 91' lang='lat' dir='ltr'>mor,</span> <span class='ocrx_word' id='word_1_244' title='bbox 333 2081 378 2113; x_wconf 85' lang='lat' dir='ltr'>de</span> <span class='ocrx_word' id='word_1_245' title='bbox 401 2091 469 2123; x_wconf 87' lang='lat' dir='ltr'>quo</span> <span class='ocrx_word' id='word_1_246' title='bbox 486 2082 564 2114; x_wconf 82' lang='lat' dir='ltr'>vide</span> <span class='ocrx_word' id='word_1_247' title='bbox 590 2083 704 2124; x_wconf 89' lang='lat' dir='ltr'>Epith.</span> <span class='ocrx_word' id='word_1_248' title='bbox 729 2084 847 2116; x_wconf 84' lang='lat' dir='ltr'>Stellae</span> <span class='ocrx_word' id='word_1_249' title='bbox 870 2093 924 2117; x_wconf 76' lang='grc' dir='ltr'>νε.</span> 
     </span>
     <span class='ocr_line' id='line_1_35' title="bbox 223 2131 926 2176; baseline 0.006 -13"><span class='ocrx_word' id='word_1_250' title='bbox 223 2134 299 2165; x_wconf 87' lang='grc'>148.</span> <span class='ocrx_word' id='word_1_251' title='bbox 329 2132 443 2174; x_wconf 63' lang='grc' dir='ltr'><strong><em>Δῆμε]</em></strong></span> <span class='ocrx_word' id='word_1_252' title='bbox 466 2131 600 2164; x_wconf 89' lang='lat' dir='ltr'>Alludit</span> <span class='ocrx_word' id='word_1_253' title='bbox 617 2133 660 2164; x_wconf 86' lang='lat' dir='ltr'>ad</span> <span class='ocrx_word' id='word_1_254' title='bbox 682 2132 844 2171; x_wconf 83' lang='lat' dir='ltr'>fabulam.</span> <span class='ocrx_word' id='word_1_255' title='bbox 859 2145 926 2176; x_wconf 85' lang='lat' dir='ltr'>qna</span> 
     </span>
     <span class='ocr_line' id='line_1_36' title="bbox 224 2182 928 2226; baseline 0.004 -12"><span class='ocrx_word' id='word_1_256' title='bbox 224 2182 326 2224; x_wconf 84' lang='lat' dir='ltr'><strong>Atys,</strong></span> <span class='ocrx_word' id='word_1_257' title='bbox 341 2193 441 2225; x_wconf 83' lang='lat' dir='ltr'>quem</span> <span class='ocrx_word' id='word_1_258' title='bbox 457 2183 587 2225; x_wconf 76' lang='lat' dir='ltr'>Cybele</span> <span class='ocrx_word' id='word_1_259' title='bbox 598 2183 723 2216; x_wconf 86' lang='lat' dir='ltr'>dicitnr</span> <span class='ocrx_word' id='word_1_260' title='bbox 739 2186 928 2226; x_wconf 84' lang='lat' dir='ltr'>adamasse,</span> 
     </span>
     <span class='ocr_line' id='line_1_37' title="bbox 224 2233 927 2275; baseline 0.006 -11"><span class='ocrx_word' id='word_1_261' title='bbox 224 2233 374 2265; x_wconf 83' lang='lat' dir='ltr'>abscidit</span> <span class='ocrx_word' id='word_1_262' title='bbox 397 2233 463 2266; x_wconf 86' lang='lat' dir='ltr'>sibi</span> <span class='ocrx_word' id='word_1_263' title='bbox 486 2234 659 2275; x_wconf 79' lang='lat' dir='ltr'>genitalia.</span> <span class='ocrx_word' id='word_1_264' title='bbox 705 2235 795 2268; x_wconf 86' lang='lat' dir='ltr'>Vide</span> <span class='ocrx_word' id='word_1_265' title='bbox 816 2235 927 2268; x_wconf 88' lang='lat' dir='ltr'>Arno-</span> 
     </span>
     <span class='ocr_line' id='line_1_38' title="bbox 224 2282 926 2326; baseline 0.004 -12"><span class='ocrx_word' id='word_1_266' title='bbox 224 2282 317 2315; x_wconf 89' lang='lat' dir='ltr'>bium</span> <span class='ocrx_word' id='word_1_267' title='bbox 331 2282 391 2315; x_wconf 91' lang='lat' dir='ltr'>lib.</span> <span class='ocrx_word' id='word_1_268' title='bbox 408 2292 444 2315; x_wconf 84' lang='lat' dir='ltr'>v.</span> <span class='ocrx_word' id='word_1_269' title='bbox 467 2289 585 2316; x_wconf 85' lang='lat' dir='ltr'>contra</span> <span class='ocrx_word' id='word_1_270' title='bbox 610 2289 744 2325; x_wconf 78' lang='lat' dir='ltr'>gentes,</span> <span class='ocrx_word' id='word_1_271' title='bbox 767 2285 825 2316; x_wconf 93' lang='lat' dir='ltr'>nbi</span> <span class='ocrx_word' id='word_1_272' title='bbox 850 2295 926 2326; x_wconf 89' lang='lat' dir='ltr'>pro·</span> 
     </span>
     <span class='ocr_line' id='line_1_39' title="bbox 224 2333 927 2377; baseline 0.004 -12"><span class='ocrx_word' id='word_1_273' title='bbox 224 2334 293 2365; x_wconf 82' lang='lat' dir='ltr'>lixe</span> <span class='ocrx_word' id='word_1_274' title='bbox 328 2337 435 2366; x_wconf 86' lang='lat' dir='ltr'>totam</span> <span class='ocrx_word' id='word_1_275' title='bbox 470 2334 558 2366; x_wconf 87' lang='lat' dir='ltr'>haue</span> <span class='ocrx_word' id='word_1_276' title='bbox 593 2333 743 2367; x_wconf 85' lang='lat' dir='ltr'>fabulam</span> <span class='ocrx_word' id='word_1_277' title='bbox 771 2336 927 2377; x_wconf 85' lang='lat' dir='ltr'>exponit.</span> 
     </span>
     <span class='ocr_line' id='line_1_40' title="bbox 225 2384 930 2427; baseline 0.003 -11"><span class='ocrx_word' id='word_1_278' title='bbox 225 2384 329 2416; x_wconf 89' lang='lat' dir='ltr'>Hunc</span> <span class='ocrx_word' id='word_1_279' title='bbox 340 2390 455 2418; x_wconf 85' lang='lat' dir='ltr'>autem</span> <span class='ocrx_word' id='word_1_280' title='bbox 470 2385 617 2426; x_wconf 88' lang='lat' dir='ltr'>lapidem</span> <span class='ocrx_word' id='word_1_281' title='bbox 630 2385 718 2427; x_wconf 80' lang='lat' dir='ltr'>Atys</span> <span class='ocrx_word' id='word_1_282' title='bbox 732 2391 930 2418; x_wconf 73' lang='lat' dir='ltr'>cruentasse</span> 
     </span>
     <span class='ocr_line' id='line_1_41' title="bbox 224 2434 933 2477; baseline 0.004 -11"><span class='ocrx_word' id='word_1_283' title='bbox 224 2434 324 2476; x_wconf 76' lang='lat' dir='ltr'>fingit</span> <span class='ocrx_word' id='word_1_284' title='bbox 340 2435 463 2475; x_wconf 74' lang='lat' dir='ltr'>Poeta,</span> <span class='ocrx_word' id='word_1_285' title='bbox 477 2435 568 2477; x_wconf 82' lang='lat' dir='ltr'>quod</span> <span class='ocrx_word' id='word_1_286' title='bbox 591 2446 738 2469; x_wconf 84' lang='lat' dir='ltr'>marmor</span> <span class='ocrx_word' id='word_1_287' title='bbox 759 2436 842 2468; x_wconf 89' lang='lat' dir='ltr'>illud</span> <span class='ocrx_word' id='word_1_288' title='bbox 864 2446 933 2469; x_wconf 89' lang='lat' dir='ltr'>ma·</span> 
     </span>
     <span class='ocr_line' id='line_1_42' title="bbox 226 2486 854 2527; baseline 0.003 -9"><span class='ocrx_word' id='word_1_289' title='bbox 226 2486 312 2519; x_wconf 82' lang='lat' dir='ltr'>culis</span> <span class='ocrx_word' id='word_1_290' title='bbox 330 2487 509 2527; x_wconf 80' lang='lat' dir='ltr'>purpureis</span> <span class='ocrx_word' id='word_1_291' title='bbox 525 2487 780 2519; x_wconf 87' lang='lat' dir='ltr'>interstinctum</span> <span class='ocrx_word' id='word_1_292' title='bbox 795 2488 854 2520; x_wconf 88' lang='lat' dir='ltr'>sit.</span> 
     </span>
    </p>

    <p class='ocr_par' dir='ltr' id='par_1_13' title="bbox 192 2537 931 2778">
     <span class='ocr_line' id='line_1_43' title="bbox 271 2537 931 2579; baseline 0.003 -10"><span class='ocrx_word' id='word_1_293' title='bbox 271 2539 314 2570; x_wconf 76' lang='lat'>39</span> <span class='ocrx_word' id='word_1_294' title='bbox 338 2537 439 2579; x_wconf 69' lang='lat' dir='ltr'>Tyria</span> <span class='ocrx_word' id='word_1_295' title='bbox 451 2537 558 2569; x_wconf 78' lang='lat' dir='ltr'>niveas</span> <span class='ocrx_word' id='word_1_296' title='bbox 571 2541 669 2578; x_wconf 77' lang='lat' dir='ltr'>secut,</span> <span class='ocrx_word' id='word_1_297' title='bbox 685 2541 716 2570; x_wconf 75' lang='lat' dir='ltr'>et</span> <span class='ocrx_word' id='word_1_298' title='bbox 731 2538 863 2571; x_wconf 78' lang='lat' dir='ltr'>Sidonia</span> <span class='ocrx_word' id='word_1_299' title='bbox 876 2549 931 2571; x_wconf 75' lang='lat' dir='ltr'>ru·</span> 
     </span>
     <span class='ocr_line' id='line_1_44' title="bbox 224 2587 931 2631; baseline 0.004 -13"><span class='ocrx_word' id='word_1_300' title='bbox 224 2587 294 2629; x_wconf 80' lang='lat' dir='ltr'>pes]</span> <span class='ocrx_word' id='word_1_301' title='bbox 317 2587 428 2620; x_wconf 82' lang='lat' dir='ltr'>Notat</span> <span class='ocrx_word' id='word_1_302' title='bbox 442 2597 610 2619; x_wconf 83' lang='lat' dir='ltr'>marmora</span> <span class='ocrx_word' id='word_1_303' title='bbox 624 2598 644 2620; x_wconf 93' lang='lat' dir='ltr'>e</span> <span class='ocrx_word' id='word_1_304' title='bbox 659 2588 852 2630; x_wconf 80' lang='lat' dir='ltr'>lapidicinis</span> <span class='ocrx_word' id='word_1_305' title='bbox 863 2590 931 2631; x_wconf 80' lang='lat' dir='ltr'>Ty·</span> 
     </span>
     <span class='ocr_line' id='line_1_45' title="bbox 229 2638 931 2680; baseline 0.004 -11"><span class='ocrx_word' id='word_1_306' title='bbox 229 2640 256 2669; x_wconf 90' lang='lat' dir='ltr'>ri</span> <span class='ocrx_word' id='word_1_307' title='bbox 273 2643 310 2670; x_wconf 90' lang='lat' dir='ltr'>et</span> <span class='ocrx_word' id='word_1_308' title='bbox 323 2638 462 2671; x_wconf 89' lang='lat' dir='ltr'>Sidonis</span> <span class='ocrx_word' id='word_1_309' title='bbox 477 2638 604 2679; x_wconf 84' lang='lat' dir='ltr'>excisa,</span> <span class='ocrx_word' id='word_1_310' title='bbox 628 2649 704 2680; x_wconf 83' lang='lat' dir='ltr'>quae</span> <span class='ocrx_word' id='word_1_311' title='bbox 728 2646 830 2672; x_wconf 88' lang='lat' dir='ltr'>erant</span> <span class='ocrx_word' id='word_1_312' title='bbox 853 2650 931 2672; x_wconf 87' lang='lat' dir='ltr'>can·</span> 
     </span>
     <span class='ocr_line' id='line_1_46' title="bbox 230 2688 930 2731; baseline 0.004 -12"><span class='ocrx_word' id='word_1_313' title='bbox 230 2689 321 2720; x_wconf 82' lang='lat' dir='ltr'>dida.</span> <span class='ocrx_word' id='word_1_314' title='bbox 366 2688 480 2731; x_wconf 85' lang='lat' dir='ltr'>Tyrus</span> <span class='ocrx_word' id='word_1_315' title='bbox 494 2694 608 2722; x_wconf 84' lang='lat' dir='ltr'>autem</span> <span class='ocrx_word' id='word_1_316' title='bbox 638 2694 675 2721; x_wconf 89' lang='lat' dir='ltr'>et</span> <span class='ocrx_word' id='word_1_317' title='bbox 699 2689 803 2722; x_wconf 91' lang='lat' dir='ltr'>Sidon</span> <span class='ocrx_word' id='word_1_318' title='bbox 828 2690 930 2722; x_wconf 87' lang='lat' dir='ltr'>urbes</span> 
     </span>
     <span class='ocr_line' id='line_1_47' title="bbox 192 2739 430 2778; baseline 0.004 -6"><span class='ocrx_word' id='word_1_319' title='bbox 192 2775 196 2778; x_wconf 63' lang='grc'><strong>,</strong></span> <span class='ocrx_word' id='word_1_320' title='bbox 231 2739 430 2773; x_wconf 77' lang='lat' dir='ltr'>Plioeniciae.</span> 
     </span>
    </p>
   </div>
   <div class='ocr_carea' id='block_1_11' title="bbox 974 1473 1687 2777">
    <p class='ocr_par' dir='ltr' id='par_1_14' title="bbox 974 1473 1687 2777">
     <span class='ocr_line' id='line_1_48' title="bbox 974 1473 1673 1516; baseline -0.006 -8"><span class='ocrx_word' id='word_1_321' title='bbox 974 1477 1084 1508; x_wconf 82' lang='lat' dir='ltr'>locum</span> <span class='ocrx_word' id='word_1_322' title='bbox 1113 1477 1270 1508; x_wconf 71' lang='lat' dir='ltr'>distinxit</span> <span class='ocrx_word' id='word_1_323' title='bbox 1295 1476 1493 1516; x_wconf 66' lang='lat' dir='ltr'>Gemmas,</span> <span class='ocrx_word' id='word_1_324' title='bbox 1529 1484 1606 1506; x_wconf 90' lang='lat' dir='ltr'>cum</span> <span class='ocrx_word' id='word_1_325' title='bbox 1637 1473 1673 1504; x_wconf 92' lang='lat' dir='ltr'>in</span> 
     </span>
     <span class='ocr_line' id='line_1_49' title="bbox 975 1524 1675 1568; baseline -0.004 -10"><span class='ocrx_word' id='word_1_326' title='bbox 975 1527 1120 1568; x_wconf 82' lang='lat' dir='ltr'>vulgatis</span> <span class='ocrx_word' id='word_1_327' title='bbox 1146 1528 1239 1558; x_wconf 85' lang='lat' dir='ltr'>nullo</span> <span class='ocrx_word' id='word_1_328' title='bbox 1264 1536 1364 1558; x_wconf 84' lang='lat' dir='ltr'>sensu</span> <span class='ocrx_word' id='word_1_329' title='bbox 1386 1527 1579 1567; x_wconf 81' lang='lat' dir='ltr'>legeretur:</span> <span class='ocrx_word' id='word_1_330' title='bbox 1607 1524 1675 1556; x_wconf 73' lang='lat' dir='ltr'>Vix</span> 
     </span>
     <span class='ocr_line' id='line_1_50' title="bbox 975 1574 1673 1618; baseline -0.006 -9"><span class='ocrx_word' id='word_1_331' title='bbox 975 1578 1058 1609; x_wconf 70' lang='lat' dir='ltr'>locus</span> <span class='ocrx_word' id='word_1_332' title='bbox 1073 1578 1202 1609; x_wconf 80' lang='lat' dir='ltr'>Enrotoe</span> <span class='ocrx_word' id='word_1_333' title='bbox 1218 1577 1325 1617; x_wconf 78' lang='lat' dir='ltr'>viridi,</span> <span class='ocrx_word' id='word_1_334' title='bbox 1334 1579 1389 1618; x_wconf 74' lang='lat'>⁸5⁶·</span> <span class='ocrx_word' id='word_1_335' title='bbox 1413 1576 1476 1607; x_wconf 85' lang='lat' dir='ltr'>Est</span> <span class='ocrx_word' id='word_1_336' title='bbox 1487 1579 1602 1607; x_wconf 86' lang='lat' dir='ltr'>antem</span> <span class='ocrx_word' id='word_1_337' title='bbox 1616 1574 1673 1606; x_wconf 87' lang='lat' dir='ltr'>hic</span> 
     </span>
     <span class='ocr_line' id='line_1_51' title="bbox 976 1626 1678 1670; baseline -0.006 -10"><span class='ocrx_word' id='word_1_338' title='bbox 976 1629 1116 1670; x_wconf 80' lang='lat' dir='ltr'>elegans</span> <span class='ocrx_word' id='word_1_339' title='bbox 1130 1629 1236 1669; x_wconf 84' lang='lat' dir='ltr'>locus,</span> <span class='ocrx_word' id='word_1_340' title='bbox 1251 1629 1309 1670; x_wconf 88' lang='lat' dir='ltr'>qui</span> <span class='ocrx_word' id='word_1_341' title='bbox 1329 1626 1604 1659; x_wconf 74' lang='lat' dir='ltr'>murmurationis</span> <span class='ocrx_word' id='word_1_342' title='bbox 1619 1635 1678 1666; x_wconf 79' lang='lat' dir='ltr'>ge·</span> 
     </span>
     <span class='ocr_line' id='line_1_52' title="bbox 976 1674 1677 1716; baseline -0.006 -6"><span class='ocrx_word' id='word_1_343' title='bbox 976 1687 1039 1709; x_wconf 88' lang='lat' dir='ltr'>nus</span> <span class='ocrx_word' id='word_1_344' title='bbox 1062 1688 1082 1710; x_wconf 87' lang='lat' dir='ltr'>e</span> <span class='ocrx_word' id='word_1_345' title='bbox 1107 1677 1237 1710; x_wconf 82' lang='lat' dir='ltr'>duobus</span> <span class='ocrx_word' id='word_1_346' title='bbox 1260 1676 1483 1709; x_wconf 79' lang='lat' dir='ltr'>marmoribus</span> <span class='ocrx_word' id='word_1_347' title='bbox 1507 1674 1677 1716; x_wconf 85' lang='lat' dir='ltr'>composi-</span> 
     </span>
     <span class='ocr_line' id='line_1_53' title="bbox 977 1724 1678 1769; baseline -0.007 -9"><span class='ocrx_word' id='word_1_348' title='bbox 977 1734 1048 1760; x_wconf 89' lang='lat' dir='ltr'>tum</span> <span class='ocrx_word' id='word_1_349' title='bbox 1064 1728 1155 1760; x_wconf 88' lang='lat' dir='ltr'>clare</span> <span class='ocrx_word' id='word_1_350' title='bbox 1170 1728 1213 1760; x_wconf 88' lang='lat' dir='ltr'>ob</span> <span class='ocrx_word' id='word_1_351' title='bbox 1229 1728 1344 1759; x_wconf 81' lang='lat' dir='ltr'>oculos</span> <span class='ocrx_word' id='word_1_352' title='bbox 1361 1725 1468 1769; x_wconf 82' lang='lat' dir='ltr'>ponit.</span> <span class='ocrx_word' id='word_1_353' title='bbox 1511 1724 1678 1757; x_wconf 86' lang='lat' dir='ltr'>Solebaut</span> 
     </span>
     <span class='ocr_line' id='line_1_54' title="bbox 977 1774 1676 1819; baseline -0.009 -8"><span class='ocrx_word' id='word_1_354' title='bbox 977 1779 1066 1811; x_wconf 87' lang='lat' dir='ltr'>enim</span> <span class='ocrx_word' id='word_1_355' title='bbox 1090 1778 1248 1810; x_wconf 85' lang='lat' dir='ltr'>marmori</span> <span class='ocrx_word' id='word_1_356' title='bbox 1270 1776 1466 1819; x_wconf 85' lang='lat' dir='ltr'>Synnadico</span> <span class='ocrx_word' id='word_1_357' title='bbox 1488 1774 1676 1807; x_wconf 83' lang='lat' dir='ltr'>crustulam</span> 
     </span>
     <span class='ocr_line' id='line_1_55' title="bbox 977 1823 1678 1872; baseline -0.011 -11"><span class='ocrx_word' id='word_1_358' title='bbox 977 1830 1122 1872; x_wconf 76' lang='lat' dir='ltr'>aliquam</span> <span class='ocrx_word' id='word_1_359' title='bbox 1142 1828 1320 1861; x_wconf 81' lang='lat' dir='ltr'>marmoris</span> <span class='ocrx_word' id='word_1_360' title='bbox 1341 1824 1607 1863; x_wconf 79' lang='lat' dir='ltr'>Lacedaemonii,</span> <span class='ocrx_word' id='word_1_361' title='bbox 1620 1823 1678 1854; x_wconf 84' lang='lat' dir='ltr'>vel</span> 
     </span>
     <span class='ocr_line' id='line_1_56' title="bbox 976 1874 1677 1922; baseline -0.01 -10"><span class='ocrx_word' id='word_1_362' title='bbox 976 1880 1071 1922; x_wconf 83' lang='lat' dir='ltr'>Tyrii</span> <span class='ocrx_word' id='word_1_363' title='bbox 1086 1880 1304 1911; x_wconf 86' lang='lat' dir='ltr'>interserere.</span> <span class='ocrx_word' id='word_1_364' title='bbox 1341 1876 1472 1910; x_wconf 83' lang='lat' dir='ltr'>Plinius</span> <span class='ocrx_word' id='word_1_365' title='bbox 1486 1874 1546 1906; x_wconf 83' lang='lat' dir='ltr'>lib.</span> <span class='ocrx_word' id='word_1_366' title='bbox 1559 1882 1677 1906; x_wconf 83' lang='lat' dir='ltr'>xxxv.</span> 
     </span>
     <span class='ocr_line' id='line_1_57' title="bbox 980 1925 1677 1972; baseline -0.01 -10"><span class='ocrx_word' id='word_1_367' title='bbox 980 1940 1056 1972; x_wconf 87' lang='lat' dir='ltr'>cap.</span> <span class='ocrx_word' id='word_1_368' title='bbox 1074 1933 1103 1962; x_wconf 92' lang='lat'>1.</span> <span class='ocrx_word' id='word_1_369' title='bbox 1125 1928 1298 1961; x_wconf 86' lang='lat' dir='ltr'>‘Neronis</span> <span class='ocrx_word' id='word_1_370' title='bbox 1322 1927 1533 1969; x_wconf 86' lang='lat' dir='ltr'>principatu,</span> <span class='ocrx_word' id='word_1_371' title='bbox 1559 1925 1677 1956; x_wconf 87' lang='lat' dir='ltr'>inven-</span> 
     </span>
     <span class='ocr_line' id='line_1_58' title="bbox 979 1975 1680 2020; baseline -0.009 -8"><span class='ocrx_word' id='word_1_372' title='bbox 979 1985 1049 2012; x_wconf 85' lang='lat' dir='ltr'>tum</span> <span class='ocrx_word' id='word_1_373' title='bbox 1060 1979 1223 2019; x_wconf 83' lang='lat' dir='ltr'>maculas,</span> <span class='ocrx_word' id='word_1_374' title='bbox 1231 1987 1307 2020; x_wconf 79' lang='lat' dir='ltr'>quae</span> <span class='ocrx_word' id='word_1_375' title='bbox 1316 1986 1385 2009; x_wconf 87' lang='lat' dir='ltr'>non</span> <span class='ocrx_word' id='word_1_376' title='bbox 1398 1980 1526 2015; x_wconf 71' lang='lat' dir='ltr'>essent,</span> <span class='ocrx_word' id='word_1_377' title='bbox 1536 1975 1572 2006; x_wconf 91' lang='lat' dir='ltr'>in</span> <span class='ocrx_word' id='word_1_378' title='bbox 1584 1983 1680 2007; x_wconf 83' lang='lat' dir='ltr'>crus-</span> 
     </span>
     <span class='ocr_line' id='line_1_59' title="bbox 980 2026 1680 2070; baseline -0.01 -7"><span class='ocrx_word' id='word_1_379' title='bbox 980 2031 1023 2063; x_wconf 92' lang='lat' dir='ltr'>tis</span> <span class='ocrx_word' id='word_1_380' title='bbox 1049 2029 1245 2070; x_wconf 87' lang='lat' dir='ltr'>inserendo,</span> <span class='ocrx_word' id='word_1_381' title='bbox 1271 2027 1435 2061; x_wconf 79' lang='lat' dir='ltr'>unitatem</span> <span class='ocrx_word' id='word_1_382' title='bbox 1462 2026 1608 2065; x_wconf 83' lang='lat' dir='ltr'>variare,</span> <span class='ocrx_word' id='word_1_383' title='bbox 1640 2029 1680 2057; x_wconf 84' lang='lat' dir='ltr'>ut</span> 
     </span>
     <span class='ocr_line' id='line_1_60' title="bbox 979 2078 1680 2119; baseline -0.009 -6"><span class='ocrx_word' id='word_1_384' title='bbox 979 2086 1097 2113; x_wconf 86' lang='lat' dir='ltr'>ovatus</span> <span class='ocrx_word' id='word_1_385' title='bbox 1113 2086 1206 2113; x_wconf 88' lang='lat' dir='ltr'>esset</span> <span class='ocrx_word' id='word_1_386' title='bbox 1230 2078 1444 2119; x_wconf 85' lang='lat' dir='ltr'>Numidicus,</span> <span class='ocrx_word' id='word_1_387' title='bbox 1470 2082 1508 2109; x_wconf 89' lang='lat' dir='ltr'>ut</span> <span class='ocrx_word' id='word_1_388' title='bbox 1528 2085 1680 2119; x_wconf 83' lang='lat' dir='ltr'>purpura</span> 
     </span>
     <span class='ocr_line' id='line_1_61' title="bbox 979 2128 1682 2174; baseline -0.009 -9"><span class='ocrx_word' id='word_1_389' title='bbox 979 2133 1249 2174; x_wconf 84' lang='lat' dir='ltr'>distingueretur</span> <span class='ocrx_word' id='word_1_390' title='bbox 1280 2129 1510 2172; x_wconf 85' lang='lat' dir='ltr'>Synnadicus,</span> <span class='ocrx_word' id='word_1_391' title='bbox 1532 2128 1682 2170; x_wconf 80' lang='lat' dir='ltr'>qualiter</span> 
     </span>
     <span class='ocr_line' id='line_1_62' title="bbox 979 2179 1682 2224; baseline -0.007 -9"><span class='ocrx_word' id='word_1_392' title='bbox 979 2184 1055 2215; x_wconf 87' lang='lat' dir='ltr'>illos</span> <span class='ocrx_word' id='word_1_393' title='bbox 1071 2183 1163 2215; x_wconf 85' lang='lat' dir='ltr'>nasci</span> <span class='ocrx_word' id='word_1_394' title='bbox 1173 2186 1336 2224; x_wconf 88' lang='lat' dir='ltr'>optarent</span> <span class='ocrx_word' id='word_1_395' title='bbox 1348 2179 1505 2213; x_wconf 64' lang='lat' dir='ltr'>delicia!</span> <span class='ocrx_word' id='word_1_396' title='bbox 1550 2179 1682 2211; x_wconf 86' lang='lat' dir='ltr'>Seneca</span> 
     </span>
     <span class='ocr_line' id='line_1_63' title="bbox 981 2231 1681 2275; baseline -0.01 -9"><span class='ocrx_word' id='word_1_397' title='bbox 981 2235 1044 2275; x_wconf 87' lang='lat' dir='ltr'>Ep.</span> <span class='ocrx_word' id='word_1_398' title='bbox 1056 2237 1108 2266; x_wconf 81' lang='lat'>89.</span> <span class='ocrx_word' id='word_1_399' title='bbox 1129 2235 1138 2251; x_wconf 92' lang='lat'>‘</span> <span class='ocrx_word' id='word_1_400' title='bbox 1152 2234 1291 2274; x_wconf 85' lang='lat' dir='ltr'>Pauper</span> <span class='ocrx_word' id='word_1_401' title='bbox 1306 2231 1371 2264; x_wconf 83' lang='lat' dir='ltr'>sibi</span> <span class='ocrx_word' id='word_1_402' title='bbox 1386 2231 1534 2270; x_wconf 86' lang='lat' dir='ltr'>videtur,</span> <span class='ocrx_word' id='word_1_403' title='bbox 1549 2238 1590 2261; x_wconf 86' lang='lat' dir='ltr'>ac</span> <span class='ocrx_word' id='word_1_404' title='bbox 1609 2238 1681 2260; x_wconf 80' lang='lat' dir='ltr'>sor·</span> 
     </span>
     <span class='ocr_line' id='line_1_64' title="bbox 982 2279 1684 2324; baseline -0.009 -9"><span class='ocrx_word' id='word_1_405' title='bbox 982 2283 1092 2324; x_wconf 85' lang='lat' dir='ltr'>didus,</span> <span class='ocrx_word' id='word_1_406' title='bbox 1108 2283 1170 2315; x_wconf 88' lang='lat' dir='ltr'>nisi</span> <span class='ocrx_word' id='word_1_407' title='bbox 1187 2282 1335 2324; x_wconf 85' lang='lat' dir='ltr'>parietes</span> <span class='ocrx_word' id='word_1_408' title='bbox 1350 2280 1477 2322; x_wconf 84' lang='lat' dir='ltr'>magnis</span> <span class='ocrx_word' id='word_1_409' title='bbox 1500 2290 1541 2311; x_wconf 88' lang='lat' dir='ltr'>ac</span> <span class='ocrx_word' id='word_1_410' title='bbox 1557 2279 1684 2320; x_wconf 81' lang='lat' dir='ltr'>pretio·</span> 
     </span>
     <span class='ocr_line' id='line_1_65' title="bbox 984 2330 1683 2371; baseline -0.007 -5"><span class='ocrx_word' id='word_1_411' title='bbox 984 2335 1027 2366; x_wconf 87' lang='lat' dir='ltr'>sis</span> <span class='ocrx_word' id='word_1_412' title='bbox 1043 2335 1182 2367; x_wconf 82' lang='lat' dir='ltr'>orbibus</span> <span class='ocrx_word' id='word_1_413' title='bbox 1208 2333 1422 2371; x_wconf 83' lang='lat' dir='ltr'>refulserint,</span> <span class='ocrx_word' id='word_1_414' title='bbox 1442 2331 1508 2362; x_wconf 87' lang='lat' dir='ltr'>uisi</span> <span class='ocrx_word' id='word_1_415' title='bbox 1533 2330 1683 2362; x_wconf 79' lang='lat' dir='ltr'>Alexan·</span> 
     </span>
     <span class='ocr_line' id='line_1_66' title="bbox 985 2380 1684 2418; baseline -0.009 0"><span class='ocrx_word' id='word_1_416' title='bbox 985 2385 1083 2418; x_wconf 85' lang='lat' dir='ltr'>drina</span> <span class='ocrx_word' id='word_1_417' title='bbox 1093 2394 1261 2417; x_wconf 85' lang='lat' dir='ltr'>marmora</span> <span class='ocrx_word' id='word_1_418' title='bbox 1273 2382 1463 2416; x_wconf 79' lang='lat' dir='ltr'>Numidicis</span> <span class='ocrx_word' id='word_1_419' title='bbox 1479 2380 1604 2413; x_wconf 83' lang='lat' dir='ltr'>crustis</span> <span class='ocrx_word' id='word_1_420' title='bbox 1615 2380 1684 2413; x_wconf 83' lang='lat' dir='ltr'>dis-</span> 
     </span>
     <span class='ocr_line' id='line_1_67' title="bbox 986 2432 1683 2474; baseline -0.007 -7"><span class='ocrx_word' id='word_1_421' title='bbox 986 2437 1098 2468; x_wconf 85' lang='lat' dir='ltr'>tincta</span> <span class='ocrx_word' id='word_1_422' title='bbox 1111 2435 1203 2469; x_wconf 86' lang='lat' dir='ltr'>sint.&#39;</span> <span class='ocrx_word' id='word_1_423' title='bbox 1246 2434 1392 2466; x_wconf 83' lang='lat' dir='ltr'>Fallitur</span> <span class='ocrx_word' id='word_1_424' title='bbox 1407 2433 1513 2474; x_wconf 82' lang='lat' dir='ltr'>igitur</span> <span class='ocrx_word' id='word_1_425' title='bbox 1529 2432 1683 2473; x_wconf 81' lang='lat' dir='ltr'>Lampri-</span> 
     </span>
     <span class='ocr_line' id='line_1_68' title="bbox 984 2482 1682 2524; baseline -0.006 -7"><span class='ocrx_word' id='word_1_426' title='bbox 984 2486 1060 2519; x_wconf 83' lang='lat' dir='ltr'>dius</span> <span class='ocrx_word' id='word_1_427' title='bbox 1083 2486 1119 2517; x_wconf 90' lang='lat' dir='ltr'>in</span> <span class='ocrx_word' id='word_1_428' title='bbox 1143 2484 1343 2517; x_wconf 85' lang='lat' dir='ltr'>Alexandro</span> <span class='ocrx_word' id='word_1_429' title='bbox 1369 2483 1512 2523; x_wconf 85' lang='lat' dir='ltr'>Severo,</span> <span class='ocrx_word' id='word_1_430' title='bbox 1533 2482 1592 2524; x_wconf 89' lang='lat' dir='ltr'>qui</span> <span class='ocrx_word' id='word_1_431' title='bbox 1605 2491 1682 2514; x_wconf 86' lang='lat' dir='ltr'>sen-</span> 
     </span>
     <span class='ocr_line' id='line_1_69' title="bbox 984 2532 1686 2574; baseline -0.006 -5"><span class='ocrx_word' id='word_1_432' title='bbox 984 2537 1050 2569; x_wconf 86' lang='lat' dir='ltr'>tire</span> <span class='ocrx_word' id='word_1_433' title='bbox 1076 2532 1214 2568; x_wconf 79' lang='lat' dir='ltr'>&#39;videtur</span> <span class='ocrx_word' id='word_1_434' title='bbox 1238 2532 1511 2567; x_wconf 85' lang='lat' dir='ltr'>marmorationis</span> <span class='ocrx_word' id='word_1_435' title='bbox 1531 2542 1639 2574; x_wconf 76' lang='lat' dir='ltr'>genus</span> <span class='ocrx_word' id='word_1_436' title='bbox 1664 2542 1686 2565; x_wconf 85' lang='lat' dir='ltr'>e</span> 
     </span>
     <span class='ocr_line' id='line_1_70' title="bbox 983 2582 1685 2619; baseline -0.007 0"><span class='ocrx_word' id='word_1_437' title='bbox 983 2587 1115 2619; x_wconf 86' lang='lat' dir='ltr'>duobus</span> <span class='ocrx_word' id='word_1_438' title='bbox 1136 2584 1358 2618; x_wconf 85' lang='lat' dir='ltr'>marmoribus</span> <span class='ocrx_word' id='word_1_439' title='bbox 1382 2582 1490 2616; x_wconf 75' lang='lat' dir='ltr'>fuisse</span> <span class='ocrx_word' id='word_1_440' title='bbox 1509 2583 1685 2614; x_wconf 85' lang='lat' dir='ltr'>inventum</span> 
     </span>
     <span class='ocr_line' id='line_1_71' title="bbox 984 2632 1685 2676; baseline -0.011 -6"><span class='ocrx_word' id='word_1_441' title='bbox 984 2636 1170 2670; x_wconf 83' lang='lat' dir='ltr'>Alexandri</span> <span class='ocrx_word' id='word_1_442' title='bbox 1182 2635 1312 2676; x_wconf 82' lang='lat' dir='ltr'>Severi,</span> <span class='ocrx_word' id='word_1_443' title='bbox 1325 2633 1415 2676; x_wconf 87' lang='lat' dir='ltr'>quod</span> <span class='ocrx_word' id='word_1_444' title='bbox 1431 2633 1508 2665; x_wconf 85' lang='lat' dir='ltr'>ideo</span> <span class='ocrx_word' id='word_1_445' title='bbox 1524 2636 1627 2664; x_wconf 80' lang='lat' dir='ltr'>vocat</span> <span class='ocrx_word' id='word_1_446' title='bbox 1637 2632 1685 2663; x_wconf 83' lang='lat' dir='ltr'>A·</span> 
     </span>
     <span class='ocr_line' id='line_1_72' title="bbox 984 2683 1685 2726; baseline -0.007 -8"><span class='ocrx_word' id='word_1_447' title='bbox 984 2686 1219 2719; x_wconf 73' lang='lat' dir='ltr'>lexandrinum</span> <span class='ocrx_word' id='word_1_448' title='bbox 1243 2694 1339 2726; x_wconf 83' lang='lat' dir='ltr'>opus.</span> <span class='ocrx_word' id='word_1_449' title='bbox 1382 2683 1494 2725; x_wconf 81' lang='lat' dir='ltr'>Supra</span> <span class='ocrx_word' id='word_1_450' title='bbox 1521 2683 1611 2714; x_wconf 86' lang='lat' dir='ltr'>enim</span> <span class='ocrx_word' id='word_1_451' title='bbox 1639 2691 1685 2714; x_wconf 87' lang='lat' dir='ltr'>ex</span> 
     </span>
     <span class='ocr_line' id='line_1_73' title="bbox 986 2732 1687 2777; baseline -0.01 -5"><span class='ocrx_word' id='word_1_452' title='bbox 986 2738 1099 2772; x_wconf 87' lang='lat' dir='ltr'>Plinio</span> <span class='ocrx_word' id='word_1_453' title='bbox 1110 2742 1147 2771; x_wconf 84' lang='lat' dir='ltr'>et</span> <span class='ocrx_word' id='word_1_454' title='bbox 1160 2737 1295 2770; x_wconf 81' lang='lat' dir='ltr'>Seneca</span> <span class='ocrx_word' id='word_1_455' title='bbox 1308 2739 1457 2776; x_wconf 78' lang='lat' dir='ltr'>constat,</span> <span class='ocrx_word' id='word_1_456' title='bbox 1466 2734 1539 2777; x_wconf 74' lang='lat' dir='ltr'>jam</span> <span class='ocrx_word' id='word_1_457' title='bbox 1551 2732 1687 2767; x_wconf 84' lang='lat' dir='ltr'>Claudii</span> 
     </span>
    </p>
   </div>
  </div>
 </body>
</html>
