1800 3060
552 250 830 284 sumntum
862 250 959 281 mn.
990 251 1057 283 ιν.
1085 239 1126 281 3.
1487 240 1574 282 427

230 358 399 402 Poenos
419 357 626 412 Bagrada
645 357 785 413 serpit
803 357 916 399 inter
934 370 1063 410 agros
1077 355 1112 411 ς)

228 427 322 470 Sed
341 427 446 469 talis
465 426 596 477 ferar,
617 431 668 468 ut
684 426 849 467 nitente
867 437 998 466 cursu

223 493 525 549 Tranquillum
546 504 666 536 mare
685 494 1024 548 proximumque
1046 491 1215 546 possim

225 559 345 603 Puro
365 563 532 616 gurgite
550 573 795 617 provocare
817 560 970 601 Lirim.

225 629 342 672 Haec
363 629 545 671 Amnis:
575 629 823 683 pariterque
845 641 893 670 se
914 627 1096 670 levabat

224 695 392 750 Ingenti
411 697 547 751 plaga
564 700 830 738 marmorata
849 694 1007 736 dorso:

223 763 377 819 Hujus
388 763 548 818 janua,⁴
565 774 915 818 prosperumque
934 763 1069 804 limen

222 830 382 882 Arcus,
402 831 594 886 belligeri
611 831 755 873 Ducis
775 831 960 885 tropaeis

1511 626 1570 668 95

108 968 252 1002 cemos,-
268 961 323 992 sed
333 961 409 993 talis
418 959 537 1011 fluum,
551 963 588 992 ut
599 959 715 1002 possim
735 959 837 990 nitido
851 969 945 991 cursu
969 962 1001 991 et
1025 959 1163 1001 limpidis
1186 960 1277 1001 aquis
1298 961 1484 992 contendere
1497 970 1567 992 cum

108 1004 211 1045 quieto
224 1003 306 1036 πιαη·
319 1007 350 1036 ee
363 1004 467 1036 viano
481 1004 575 1046 Lyri.
620 1003 703 1034 Haec
719 1001 843 1044 fluvius
857 1002 915 1039 uit,
931 1006 962 1034 et
978 1003 1029 1034 tia
1043 1012 1196 1034 marmore
1209 1007 1310 1035 stratu
1333 1012 1391 1043 per
1405 1006 1567 1034 extensum

106 1046 231 1079 domn
243 1047 368 1089 puriter
377 1051 522 1079 erexerat
534 1056 579 1079 ει,
614 1046 722 1086 Htv'us
735 1045 797 1077 viae
805 1049 900 1086 porea
914 1049 945 1077 et
958 1045 1138 1087 auspicatus
1151 1046 1268 1087 aditus,
1281 1055 1371 1078 arcus
1381 1049 1426 1078 ese
1433 1047 1566 1086 fici-gens

100 1205 229 1245 ,iacente
251 1205 336 1246 η’ριι.
337 1208 422 1237 -91
456 1205 570 1237 Poenos
595 1205 750 1245 Ragnar-a
774 1206 874 1239 Rom.
898 1205 991 1248 quod
1015 1206 1167 1248 reposuit
1190 1206 1477 1247 Lindenbrogius.
1479 1209 1565 1238 —94

105 1248 342 1289 Dmgurgite
355 1248 459 1280 Pan-m
464 1251 559 1280 .—95
581 1248 708 1280 Vener.
734 1250 764 1280 1.
795 1249 913 1280 Psrm.
938 1249 1035 1282 Rom.
1060 1254 1128 1281 vet.
1158 1249 1418 1291 Lindenbrogii,
1437 1249 1502 1281 Til.
1527 1255 1564 1282 et

106 1291 209 1323 crue.
231 1291 374 1329 kochan·
395 1290 500 1323 Aldd.
523 1291 635 1323 Coliu.
658 1290 794 1333 Gryph.
817 1292 924 1324 Basil.
948 1292 1064 1324 Plant.
1078 1292 1221 1325 Gevart.
1235 1292 1394 1325 Grasser.
1410 1292 1563 1325 Gronov.

761 1377 903 1410 NOTAE

144 1443 190 1473 00
213 1440 399 1483 Cinyphius]
434 1440 477 1473 Id
508 1445 576 1481 est,
600 1441 766 1483 Libycus,
787 1451 809 1473 a
862 1441 1004 1474 Vestino
1020 1447 1148 1484 praeter
1168 1442 1358 1484 Fregellas,
1378 1450 1458 1473 mox
1474 1451 1562 1482 prae-

104 1491 259 1534 Cinyphe
286 1491 393 1525 fluvio
422 1492 543 1534 Libyae
571 1501 631 1524 seu
659 1491 805 1525 Africae.

107 1541 241 1574 ihu-ee
261 1542 349 1584 ripa]
370 1542 461 1576 Quia
475 1541 552 1575 fluit
566 1542 660 1574 lente
673 1543 804 1584 Bagra-

102 1591 158 1632 da,
171 1601 237 1624 nee
251 1591 422 1634 obstrepit
434 1593 543 1635 aquis.
572 1593 729 1624 Lucanus
742 1593 801 1626 lib.

103 1650 155 1674 xv.
198 1646 209 1661 ⁸
219 1642 406 1686 Primaque
434 1648 550 1675 castra
584 1644 676 1676 locat
717 1653 804 1676 cano

101 1694 222 1735 procul
233 1704 384 1736 aequore,
395 1704 462 1736 qua
471 1704 508 1726 se
520 1694 679 1736 Bagrada
689 1694 802 1726 lentus

101 1744 172 1786 agit
187 1744 290 1776 siccae
305 1745 455 1776 sulcator
467 1748 600 1777 arenae.’

145 1797 188 1827 m
210 1795 325 1827 Pena·
337 1794 448 1836 agros]
468 1795 511 1827 Id
525 1800 591 1836 est,
607 1794 803 1832 Africanos,

101 1855 123 1879 ι
136 1844 255 1878 Poeuis
268 1855 328 1878 seu
345 1845 697 1888 Carthaginiensibus.
734 1846 802 1878 Bu-

99 1897 218 1939 gv'dae]
234 1897 336 1930 Nunc
350 1897 510 1938 Megruda
521 1896 698 1936 Castaldo,
711 1907 804 1930 max·

100 1948 188 1981 imus
205 1947 336 1980 Afrieoe
350 1948 491 1980 minoris
516 1947 652 1988 fluvius,
667 1957 711 1980 ex
729 1949 803 1980 Nu-

98 1999 218 2040 uidit,
232 1999 346 2042 vulgo,
367 1999 596 2040 Biledulgerid,
617 1998 707 2030 hand
724 2009 801 2040 pro-

102 2050 159 2083 cul
183 2050 272 2082 infra
293 2049 469 2082 desertum
494 2049 670 2082 Thebesse
693 2055 801 2091 ortu3‚

100 2101 204 2142 10qu
215 2109 320 2132 eursu
328 2100 420 2132 latus
430 2100 465 2131 iu
479 2100 579 2132 Mare
594 2101 803 2133 Mediterra-

101 2159 204 2183 neum
212 2150 318 2192 Juxta
330 2150 468 2182 Uticam
484 2159 545 2181 seu
560 2150 704 2182 Portum
720 2149 802 2183 fari·

102 2210 157 2233 me
172 2210 211 2232 se
225 2205 401 2232 exonerat.
444 2200 571 2232 strabo
588 2201 710 2233 scribit
724 2211 802 2234 eum

99 2251 267 2283 inundare
278 2251 447 2292 proximas
460 2252 629 2293 regiones,
643 2257 681 2284 et
703 2258 802 2285 aestu-

101 2302 175 2335 aria
199 2301 328 2343 facere,
351 2312 417 2344 quo
445 2302 504 2334 lux
525 2302 603 2335 huic
631 2304 707 2335 loco
727 2304 802 2336 Silii

101 2351 161 2384 lib.
172 2359 226 2383 vr.
247 2351 259 2370 ⁴
274 2351 446 2383 Turbidus
457 2356 593 2384 arentes
605 2353 700 2385 lento
714 2354 802 2395 pede

99 2403 214 2436 sulcat
227 2411 349 2435 arenas
376 2403 546 2444 Bagrada,
559 2412 627 2435 non
653 2404 724 2436 ullo
746 2405 803 2436 Li-

98 2455 197 2497 byeis'
212 2454 248 2486 in
270 2453 422 2486 fontibus
445 2464 543 2486 amne
558 2454 680 2487 Victus
706 2455 800 2488 limo-

102 2514 159 2538 m
173 2505 362 2539 extendere
385 2506 488 2538 latins
509 2505 630 2542 undas,
646 2507 694 2539 Et
707 2511 799 2548 stag.

104 2561 210 2621 nante
238 2556 326 2588 vado
346 2556 478 2598 patulos
504 2555 679 2589 involvere
707 2567 799 2590 cam·

101 2615 188 2688 posili
209 2657 298 2688 Puro
309 2655 455 2697 gurgite]
479 2656 574 2688 Puro
602 2657 714 2697 alveo,
742 2658 798 2690 vel

104 2706 196 2748 puris
210 2707 319 2748 aquis.
346 2706 536 2748 Provocure]
557 2707 665 2740 Quasi
679 2707 714 2739 in
724 2718 796 2740 cer-

103 2761 232 2790 tamen.
273 2756 401 2798 Lyn-in]
426 2757 524 2797 Lyris
552 2755 673 2789 fluvius
698 2759 796 2790 cam-

103 2806 216 2848 paniae
244 2811 338 2838 ortus
367 2807 402 2839 iu
431 2805 615 2848 Apennino
645 2813 682 2841 et
712 2819 796 2850 agro

859 1492 1031 1534 terlapsus
1054 1493 1264 1533 Minturnas,
1287 1498 1493 1534 receptoque
1506 1492 1562 1523 Ti·

858 1542 980 1583 breno,
1017 1553 1125 1585 prope
1150 1544 1346 1585 Tiphannm
1389 1543 1423 1574 in
1451 1544 1561 1575 sinum

857 1592 1073 1625 Formianum
1100 1592 1308 1625 effunditur:
1333 1593 1452 1626 Clanis
1477 1593 1561 1624 olim

857 1642 973 1685 etiami
992 1648 1145 1675 vocatus.
1205 1643 1333 1684 Hodie,
1371 1644 1561 1684 Garigliano

858 1691 1001 1726 dicitur.
1045 1694 1162 1735 Hujus
1190 1704 1295 1737 aquas
1324 1693 1562 1736 frigidissimas

857 1743 942 1776 dicit
955 1745 1089 1778 Cicero.

898 1798 940 1827 95
964 1795 1046 1828 Haec
1066 1795 1195 1836 Amnis]
1220 1796 1352 1838 Supple
1374 1795 1473 1828 dixit.
1518 1795 1560 1827 Se

856 1846 992 1888 leuabat]
1018 1847 1073 1879 Ad
1115 1848 1267 1889 agendas
1295 1847 1399 1879 etiam
1434 1847 1560 1889 gratias

857 1898 1022 1940 principi.

897 1953 941 1982 96
974 1951 1080 1991 Plaga
1117 1949 1321 1991 mammona]
1363 1949 1560 1982 Domitiana

857 2002 913 2033 via
927 2001 1153 2033 marmoribus
1168 2006 1290 2033 strata.

898 2054 939 2083 97
965 2051 1088 2092 Hujus]
1110 2052 1199 2083 viae.

896 2105 940 2134 98
952 2102 1068 2143 Arcus,
1078 2103 1219 2143 belligeri
1233 2102 1335 2134 Ducis
1348 2102 1490 2144 tropoeis]
1504 2102 1557 2134 Ad

858 2152 994 2184 initium
1010 2154 1099 2185 enim
1115 2153 1212 2194 hujus
1237 2154 1303 2185 viae
1326 2163 1424 2185 arcus
1440 2154 1558 2185 trium·

855 2204 966 2245 phalis
981 2213 1189 2236 marmoreus
1205 2208 1344 2235 erectus
1359 2208 1436 2235 erat
1449 2203 1484 2234 in
1500 2204 1558 2235 ho-

857 2263 974 2285 norem
994 2254 1198 2293 Domitiani,
1219 2253 1492 2295 occurrebatque
1508 2254 1558 2286 in·

856 2303 1027 2344 gredienti
1042 2303 1130 2334 hanc
1146 2302 1235 2333 viam
1247 2312 1292 2334 ex
1306 2301 1437 2344 Appia·
1479 2303 1558 2335 Tri·

855 2353 1024 2394 umphalis
1039 2363 1140 2384 arcus
1162 2362 1183 2384 a
1209 2353 1339 2384 Senatu
1362 2355 1558 2397 populoque

854 2405 1008 2436 Romano
1021 2404 1107 2444 erigi
1135 2403 1253 2435 solitus
1271 2403 1561 2445 Imperatoribus‚

854 2456 912 2497 qui
925 2455 996 2487 vias
1011 2455 1179 2486 militares
1202 2455 1403 2487 muniendas
1417 2465 1558 2489 curave-

853 2511 944 2546 rant,
958 2510 1018 2538 aut
1039 2510 1260 2547 repaverant,
1274 2506 1399 2548 quique
1421 2511 1557 2549 pontes,

852 2562 1054 2598 portusque,
1069 2566 1110 2588 ac
1132 2556 1202 2588 alia
1227 2555 1401 2589 aedificata
1418 2558 1557 2598 publica

853 2612 1136 2647 construxerant,
1152 2612 1192 2639 ut
1207 2607 1368 2639 discimus
1384 2617 1426 2639 ex
1443 2608 1558 2640 Dione

853 2659 985 2699 Cassio,
999 2660 1056 2701 qui
1071 2659 1131 2691 lib.
1145 2668 1226 2690 nn.
1238 2657 1348 2690 refert
1356 2658 1442 2690 duos
1458 2668 1556 2691 arcus

851 2709 1094 2752 Triumphales
1109 2709 1230 2741 honori
1244 2709 1388 2740 Caesaris
1403 2708 1553 2749 Augusti

850 2766 998 2802 erectos,
1024 2761 1061 2793 in
1084 2761 1282 2793 memoriam
1312 2769 1453 2800 operum
1477 2770 1553 2802 quae

849 2822 912 2855 per
928 2813 1125 2846 Flaminiam
1151 2813 1240 2845 viam
1262 2822 1283 2844 a
1299 2813 1407 2844 Roma
1427 2812 1553 2845 Arimi-
