1800 3060
216 214 302 258 518

705 226 750 258 P.
781 225 972 259 PAPINH
1007 226 1174 260 STATH

212 322 290 364 Sic
312 320 473 364 Manes
496 320 708 364 Priscilla
727 322 872 376 subit3
902 324 980 365 ubi
1002 326 1207 379 supplice
1227 325 1384 369 dextra

211 389 302 431 Pro
324 394 367 432 te
389 389 502 430 Fata
522 392 662 442 rogat,
683 402 807 443 reges
827 390 910 433 tibi
929 391 1072 433 tristis
1091 389 1259 435 Averni

212 456 391 506 Placat,
413 459 460 497 ut
476 456 667 510 expletis
686 457 863 500 humani
883 459 1045 500 finibus
1067 459 1154 501 aevi

1586 460 1675 506 260

212 524 456 565 Pacantem
477 528 616 565 terras
637 525 895 577 Dominum,
919 526 1221 581 ,iuvenemque
1242 526 1469 583 relinquas

214 591 321 645 Ipse
341 603 506 633 senex:
536 596 669 635 certae
685 593 839 648 jurant
859 595 908 636 in
931 598 1036 637 vota
1057 595 1257 637 Sorores.

210 732 269 763 pro
284 725 314 754 te
328 724 397 754 orat
404 722 482 761 fata
496 724 659 755 summissa
671 735 778 765 manu,
795 726 924 766 mitigat
939 726 998 758 tibi
1012 736 1104 766 reges
1117 727 1218 758 moesti
1233 726 1369 768 Averni,
1385 731 1420 759 ut
1430 727 1530 769 finito
1544 727 1676 759 ter-mino

214 765 357 797 humum
371 766 460 805 vitoe,
485 766 552 807 ipse
571 767 730 807 longoevus
744 768 901 809 relinquas
918 769 1144 811 Imperatorem
1166 774 1324 811 regentem
1349 774 1449 802 terras
1470 774 1501 803 et
1515 772 1676 811 Jumem.

214 804 342 841 Sorores
355 808 440 841 haud
452 809 543 841 dubie
556 808 673 850 jurant
686 810 722 842 iu
734 808 800 844 haec
814 811 915 844 verba.

826 905 1067 919 OOO'MOO

213 973 288 1003 581.
332 970 390 1003 Ita
405 971 501 1003 malit
516 970 909 1006 etiamBarthius.-261
935 974 1052 1006 Parm.
1068 974 1197 1006 Venet.
1216 977 1249 1006 2.
1263 980 1298 1006 et
1316 978 1386 1006 vet.
1414 973 1674 1015 Lindenbrogfi,

218 1014 520 1046 Fumantem—262
543 1014 633 1046 Edd.
657 1018 744 1047 vett.
773 1019 878 1048 certe:
908 1022 1136 1050 correxerunt
1161 1018 1318 1050 Gronov.
1347 1017 1462 1050 Diatr.
1490 1027 1525 1059 p.
1539 1019 1615 1050 415.
1639 1023 1677 1050 et

217 1057 384 1090 Heinsius
399 1056 443 1089 ad
457 1056 580 1090 Claud.
594 1058 743 1100 Eutrop.
758 1067 799 1091 11.
815 1061 849 1092 2.

880 1143 1023 1176 NOTAE

214 1209 336 1248 gusto:
354 1207 364 1225 ‘
374 1206 611 1239 Conditorium
628 1211 664 1240 et
678 1217 804 1250 corpus
815 1207 919 1240 Alex-

217 1259 316 1291 andri
341 1259 391 1291 M.
409 1259 577 1301 prolatum
594 1269 614 1291 e
630 1260 812 1301 penetrali,
827 1270 922 1292 coro·

214 1321 262 1344 na
275 1321 381 1343 aurea
401 1311 560 1352 imposita
583 1320 624 1343 ac
649 1309 790 1343 floribus
805 1320 921 1352 asper·

215 1363 274 1404 sis,
298 1368 479 1395 veneratus
500 1362 579 1395 est!

257 1416 323 1446 258
347 1413 474 1454 Manes]
496 1413 622 1445 Sedem
637 1413 805 1445 Manium.
841 1413 920 1454 Sup-

213 1464 294 1507 plice
308 1464 438 1505 dextra]
470 1463 513 1495 Id
529 1468 594 1503 est,
616 1463 792 1496 submissa.

259 1517 326 1546 259
357 1513 458 1554 Fata]
494 1513 637 1546 Parcas.
689 1514 793 1554 Reges
818 1515 923 1547 tristis

218 1563 355 1605 Averni]
378 1564 561 1596 Plutonem
577 1569 614 1596 et
628 1563 886 1606 Proserpinam.

251 1618 326 1647 ‘260
349 1615 497 1656 Expletis
507 1615 635 1646 humani
645 1614 768 1657 finibus
782 1615 857 1656 oevi]
880 1615 923 1647 Id

219 1671 286 1709 est,
301 1671 442 1699 centum
457 1666 567 1707 annis,
590 1665 651 1708 qui
676 1666 840 1698 dicuntur
862 1666 923 1698 hu-

975 1217 1112 1240 manum
1127 1217 1249 1240 aevum.

1017 1261 1080 1290 262
1101 1258 1172 1299 Ipse
1184 1256 1295 1298 senex]
1317 1256 1555 1290 Abascantius.
1603 1259 1678 1291 Cer-

974 1312 1016 1340 tae
1038 1307 1151 1350 [certe]
1185 1308 1288 1348 Legit
1303 1312 1396 1340 cereae
1411 1308 1618 1350 Gronovius,
1641 1309 1679 1340 id

975 1365 1041 1401 est,
1072 1360 1183 1400 bonae,
1209 1365 1245 1391 et
1275 1359 1397 1399 quibus
1426 1357 1534 1390 fidere
1558 1359 1680 1401 possis.

974 1411 1033 1443 Sic
1060 1411 1183 1443 Cicero
1209 1410 1242 1442 in
1266 1410 1435 1442 Verrem:
1457 1410 1549 1442 ‘Iste
1578 1411 1678 1443 homo

975 1466 1090 1493 certus
1111 1467 1148 1493 et
1163 1460 1319 1501 diligens,
1334 1459 1378 1491 ad
1393 1460 1508 1492 horam
1523 1464 1678 1493 octavam

976 1516 1105 1554 praesto
1132 1511 1210 1543 est.’
1256 1510 1481 1552 Ibidemque:
1504 1510 1515 1528 ⁴
1530 1511 1679 1553 Propter

976 1563 1138 1594 virtutem
1152 1566 1188 1593 et
1201 1561 1318 1602 fidem,
1337 1570 1415 1592 eum
1432 1560 1606 1601 Androne,
1620 1562 1679 1594 ho-

976 1613 1066 1644 mine
1080 1611 1318 1645 honestissimo
1330 1616 1367 1644 et
1377 1611 1578 1653 certissimo,
1592 1612 1679 1645 elec-

977 1670 1030 1698 tus
1045 1664 1124 1698 est-²

465 1833 520 1864 11.
580 1832 986 1874 PROTREPT100N†
1017 1832 1086 1863 AD
1119 1821 1433 1863 CRISPINUM.‡

218 1908 415 1951 Crispinum
431 1910 576 1943 amicum
588 1910 625 1942 in
640 1920 759 1952 agrum
775 1911 1063 1952 Tarquiniensem
1079 1909 1263 1942 abeuntem
1285 1909 1437 1942 carmine
1462 1907 1680 1950 prosequitur

261 1962 405 2003 Statius,
422 1962 646 2005 hortaturque
661 1964 703 1995 ad
720 1964 967 1995 aemulationem
982 1963 1119 1995 virtutis
1136 1968 1304 2005 paternae.
1347 1962 1508 2005 Denique
1522 1960 1682 2004 praedicit

263 2014 400 2048 futuros
413 2016 545 2048 militiae
561 2017 716 2048 honores.

223 2096 299 2140 Ru
310 2109 378 2139 ΒΑ
398 2111 525 2141 meus
545 2098 773 2153 Tyrrhena
791 2098 919 2154 petit,
939 2098 1168 2153 saltusque
1187 2097 1372 2152 Tagetis

269 2207 434 2249 Crispinus
459 2218 543 2240 naeus
558 2209 660 2241 tendit
672 2210 715 2240 ad
736 2219 831 2249 agros
849 2209 1024 2251 Tyrrhenos
1048 2212 1079 2241 et
1102 2209 1183 2241 lucos
1210 2208 1348 2249 Tagetis.
1391 2207 1468 2240 Non
1488 2208 1613 2248 longum
1633 2211 1681 2242 etl

835 2310 952 2323 eeeeee

956 2310 1072 2325 oooooo

266 2376 484 2408 Parmensis:
509 2376 636 2408 Laudes
660 2376 802 2417 Crispini
831 2376 901 2408 Vec.
923 2380 1050 2408 ceterae
1073 2385 1213 2408 omnes:
1239 2374 1458 2415 Protrepticon
1484 2374 1526 2404 ad
1554 2373 1676 2415 Crispi-

222 2423 373 2451 num—1
398 2420 566 2452 Parni-et
581 2420 680 2452 Rom.
707 2420 902 2459 rogent—‘2
924 2419 1119 2452 Gronovius
1147 2419 1265 2452 Diatr.
1292 2427 1328 2460 p.
1342 2420 1418 2450 410.
1442 2416 1554 2449 citans
1583 2417 1672 2448 hune
1735 2415 1740 2420 ’

887 2517 1029 2550 NOTAE

266 2585 282 2615 ἡ
301 2578 533 2620 Protrepticon]
547 2580 677 2621 Supple
691 2582 851 2624 Carmen,
860 2592 926 2625 qno

223 2630 345 2672 aliquis
356 2629 399 2661 ad
414 2630 575 2662 virtutem
592 2632 775 2664 excitatur.

268 2684 284 2718 τ
309 2679 504 2720 Crispinum]
527 2680 705 2720 Crispinus
717 2681 777 2713 ine
793 2685 869 2714 erat
886 2680 925 2713 fi-

224 2731 290 2762 lius
310 2730 425 2762 Vectii
451 2726 574 2762 Bolani
602 2731 790 2764 Britanniae
819 2732 925 2775 legati

226 2786 306 2814 aute
316 2781 601 2823 Vespasianomm
618 2781 809 2822 imperium.

1023 2585 1042 2614 1
1067 2582 1158 2613 Rura
1175 2578 1355 2622 Tyrrhena]
1376 2576 1420 2610 Id
1432 2579 1498 2615 est,
1510 2574 1680 2617 Tusciam,

979 2641 1040 2664 sen
1056 2630 1242 2671 Etruriam,
1256 2638 1356 2672 quam
1377 2625 1543 2668 Tyrrheni
1570 2625 1681 2666 Lydia

979 2681 1131 2724 profecti
1145 2681 1410 2722 occupaverant.
1433 2675 1601 2717 scaenaque
1617 2676 1679 2708 'lh-

976 2732 1076 2773 getis]
1109 2730 1392 2773 Tarquiniensem
1415 2737 1532 2769 agrum
1556 2726 1680 2758 intelli-

979 2782 1087 2824 git‚in
1099 2779 1286 2824 quo'rages
1297 2778 1436 2820 dicitur,
1447 2777 1541 2810 sulco
1553 2776 1596 2809 ab
1609 2785 1680 2808 ara·

1779 1666 1800 1700 ’ὲ

1778 1707 1795 1723 ,1,

1784 1724 1800 1737 ,Ι-

1782 1745 1800 1772 ⁹!

1778 1815 1779 1818 =
1792 1811 1800 1826 ¹.-
