1800 3060
203 209 291 254 294
707 223 748 253 P.
782 222 972 254 PAPINH
1008 224 1174 257 srArn

205 316 384 360 Alcidae
400 317 420 358 ‘i
451 323 551 359 sunt
571 318 668 360 fata
687 317 851 369 Deum,
871 323 976 361 sunt
994 319 1091 362 fata
1109 320 1322 363 locorum.

206 385 247 427 Ο
270 385 403 427 velox
424 386 597 440 pietas!
628 386 800 428 steriles
820 385 895 428 hic
915 399 1059 441 nuper
1078 399 1254 438 arenas,

205 451 447 508 Aspersum
470 454 628 507 pelago
648 454 816 495 montis
835 453 971 505 latus,
990 454 1196 509 hirtaque
1218 454 1365 496 dumis

206 521 346 571 Saxa,
365 534 448 562 nec
468 521 555 562 ulla
572 521 669 575 pati
683 520 838 562 faciles
860 521 1046 575 vestigia
1066 526 1205 564 terras

205 587 394 630 Cernere
410 593 530 630 erat:
561 601 769 642 quaenam
790 589 936 631 subito
955 590 1129 631 fortuna
1149 591 1340 644 rigentes
1614 592 1683 634 15‘

206 655 376 698 Divisit
397 656 643 710 scopulos?
674 655 870 710 Tyrione
891 657 988 699 haec
1005 658 1172 699 moenia
1193 659 1379 711 plectro,

205 722 279 764 An
300 723 462 765 Getica
482 736 640 765 venere
659 724 787 778 lyra?
820 728 972 778 stupet
992 725 1091 778 ipse
1113 725 1290 766 labores

205 792 381 841 Annus,
404 795 451 831 et
471 794 659 843 angusto
682 791 851 832 bisseni
872 792 1010 832 limito
1038 805 1210 833 menses

206 858 481 912 Longaevum
497 859 709 899 mirantur
728 871 858 913 opus.
921 859 1048 900 Deus
1067 860 1207 910 affuit,
1229 873 1354 903 arces

205 925 449 980 Erexitque
470 938 591 976 suas,
613 931 749 979 atque
769 926 1049 968 obluctantia
1069 939 1185 968 saxa
1612 929 1670 971 20

206 993 460 1035 Summovit
478 994 639 1043 nitens,
659 997 701 1034 et
721 1006 882 1046 magno
903 998 1086 1048 pectore
1107 996 1298 1036 montem

206 1059 419 1116 Repulit;
449 1061 662 1102 immitem
685 1061 842 1103 credas
857 1061 1054 1116 jussisse
1070 1075 1315 1103 novercam.

204 1187 322 1220 mastico
338 1188 478 1221 Alcidae.
469 1187 485 1211 ⁹
510 1187 587 1220 Diis
600 1190 673 1220 sunt
699 1197 756 1220 sua
773 1189 863 1227 sata,
887 1191 961 1221 sunt
989 1192 1020 1220 et
1044 1189 1149 1220 locis.
1178 1189 1208 1220 Ο
1222 1189 1331 1221 celeris
1340 1189 1461 1231 pietas.
1457 1188 1468 1211 '
1491 1189 1559 1222 Hic
1572 1199 1670 1230 nuper

205 1234 275 1262 erat
288 1231 394 1262 videre
408 1231 600 1270 infoecundas
615 1241 738 1271 arenas,
759 1234 790 1262 et
814 1233 899 1263 latus
921 1233 1035 1263 montis
1058 1232 1219 1272 perfusum
1241 1233 1334 1273 aquis
1354 1234 1462 1273 maris,
1476 1234 1671 1274 scopulosque

205 1273 350 1304 horridos
365 1274 516 1314 sentibus,
528 1277 560 1305 et
575 1275 686 1312 locum,
702 1285 760 1315 quo
775 1275 906 1305 arduum
921 1278 991 1306 erut
1012 1275 1161 1306 transire.
1207 1275 1346 1310 Quinum
1359 1285 1447 1307 casus
1460 1280 1584 1317 repente
1596 1286 1670 1316 pro·

205 1317 304 1348 movit
318 1318 411 1348 duros
427 1316 572 1357 lapides?
595 1316 683 1348 Hine
706 1317 845 1358 parietes
871 1327 1025 1349 accessere
1044 1318 1139 1358 Tyria
1165 1328 1205 1348 an
1224 1319 1338 1350 Getica
1360 1318 1508 1351 cithara?
1555 1319 1669 1349 Omnes

204 1362 332 1400 stupent
347 1369 442 1391 unum
455 1369 568 1390 annum
583 1359 746 1400 suffecisse
760 1360 833 1391 huic
853 1360 986 1402 (edificio
1008 1361 1223 1400 construendo,
1249 1365 1281 1392 et
1300 1361 1388 1392 intra
1403 1364 1569 1400 angustum
1584 1361 1667 1391 limi-

206 1404 270 1433 tem
282 1403 443 1433 duodecim
457 1403 608 1434 mensium
622 1412 698 1442 opu-5
712 1403 863 1442 longioris
886 1403 1034 1443 temporis
1052 1402 1158 1440 fuisse
1178 1403 1358 1443 perfectum.
1406 1404 1492 1435 Deus
1505 1404 1622 1441 astitit,
1637 1407 1668 1434 et

203 1444 272 1485 ipse
286 1445 449 1477 exstruxit
463 1455 535 1476 suas
549 1446 642 1486 cedes,
657 1448 688 1476 et
703 1445 834 1476 obnixus
845 1447 1005 1486 protrudit
1015 1446 1067 1476 obs
1071 1446 1199 1476 §scentes
1209 1447 1356 1487 scopulos,
1367 1450 1399 1479 et
1411 1446 1525 1487 repulit
1537 1450 1669 1478 monte-m

204 1488 330 1528 ingenti
341 1492 485 1530 pectore·
509 1491 634 1530 putares
648 1498 763 1520 saevam
778 1498 938 1520 novercam
953 1488 1008 1519 hoc
1023 1489 1072 1520 illi
1088 1489 1162 1529 imp
1153 1498 1263 1520 ταεεε.
1309 1490 1399 1529 Ergo
1412 1499 1485 1530 age,
1498 1489 1563 1521 sive
1577 1489 1667 1520 haba·-

813 1581 872 1594 000
878 1581 1050 1595 '‘Oeeoeee

204 1649 248 1682 ad
264 1649 356 1682 Plin.
372 1649 434 1682 lib.
451 1658 543 1681 xxv.
559 1659 634 1691 cap.
649 1653 683 1681 5.
707 1653 746 1682 ut
768 1653 916 1691 apparet
937 1659 979 1682 ex
1002 1649 1136 1682 Barthii
1151 1648 1342 1682 notis.-16
1362 1648 1519 1682 Duceni!
1533 1650 1671 1691 scopulos

203 1692 310 1726 Aldd.
332 1693 444 1725 Colin.
473 1693 603 1734 Gryph.
628 1693 736 1724 Basil.
758 1693 876 1726 Plant.
891 1694 956 1726 &c.
981 1694 991 1711 ‘
1007 1693 1075 1724 Diu
1092 1697 1146 1724 est
1169 1692 1259 1734 quod
1279 1693 1365 1724 hanc
1381 1702 1500 1724 vocem
1518 1693 1669 1726 Dat-tacit

204 1740 401 1778 suspectam
417 1735 533 1775 habui,
556 1741 701 1777 propter
728 1745 767 1768 ea
790 1746 866 1777 quae
889 1740 988 1767 notat
1010 1736 1155 1768 Quintil.
1171 1735 1289 1767 Instit.
1306 1744 1385 1767 vm.
1398 1737 1430 1768 3.
1449 1740 1483 1767 et
1494 1735 1670 1777 Sosipater

205 1779 382 1811 Charisius
398 1778 456 1810 lib.
474 1787 525 1810 1v.
549 1788 583 1820 p.
598 1780 674 1811 242.
719 1779 888 1811 Nimirum
911 1780 1042 1810 ductare
1063 1784 1116 1810 est
1140 1778 1281 1810 verbum
1297 1778 1469 1810 lenonium
1484 1783 1522 1810 et
1535 1779 1668 1811 obscoe-

203 1831 305 1862 num3
327 1821 425 1864 (vide
453 1822 571 1853 Burm.
598 1822 641 1853 ad
669 1821 781 1853 locum
807 1822 955 1855 Quintil.
981 1826 1018 1853 et
1042 1822 1316 1854 MuretumVar.
1334 1820 1666 1862 Leet.v1.⁷)etm

202 1865 378 1897 lasciviori
393 1874 494 1896 sensu
510 1873 550 1896 eo
567 1865 618 1896 usi
633 1870 712 1896 sunt
729 1865 874 1896 Plautus
893 1870 929 1896 et
944 1864 1151 1896 Terentius
1176 1864 1362 1896 honestiori
1386 1863 1522 1895 demum
1538 1865 1667 1897 Sallus-

202 1908 289 1948 tius,
313 1908 452 1940 Catilin.
477 1917 552 1949 cap.
569 1910 620 1940 ll.
638 1914 751 1939 tamen
769 1914 910 1949 propter
925 1907 1182 1949 ambiguitatem
1205 1907 1295 1939 vocis
1310 1906 1441 1939 derisus
1456 1912 1491 1938 et
1506 1907 1595 1939 male
1611 1917 1667 1939 ac-

203 1957 338 1992 ceptus.
384 1951 471 1982 Post
494 1951 597 1990 hunc,
621 1951 757 2000 opinor,
780 1951 846 1982 hoc
877 1951 1016 1982 verbum
1041 1959 1060 1981 a
1085 1950 1200 1991 lingua
1215 1950 1338 1982 Latina
1352 1949 1530 1989 exulavit;
1548 1959 1665 2000 neque

203 1994 301 2034 alibi,
326 1993 444 2032 cr‚edo
466 1993 634 2042 reperies,
659 1992 723 2024 nisi
749 1994 784 2025 in
808 1993 908 2025 unico
936 1994 999 2024 hoc
1024 1993 1128 2025 Statii
1156 1994 1250 2025 loco:
1274 1992 1352 2025 hinc
1374 2002 1510 2050 quoqpe
1525 1992 1666 2034 ejicien-

205 2036 306 2074 dum;
333 2045 411 2068 uam
427 2036 558 2076 optima
575 2036 769 2068 Parmensis
793 2036 902 2068 editio
918 2037 1010 2068 clare
1027 2035 1152 2068 habet:
1174 2035 1297 2068 Dimie
1313 2035 1474 2077 scopulos!
1495 2035 1668 2068 Marini.—

205 2082 247 2111 17
271 2080 386 2111 Parin.
409 2082 513 2118 stupet
528 2080 594 2120 ipse
616 2079 771 2112 laborans.
775 2083 860 2111 -18
883 2079 1012 2111 Eadem
1030 2088 1092 2120 pro
1107 2081 1241 2119 angusto
1257 2077 1371 2111 bisseni
1386 2078 1526 2110 exhibet
1539 2079 1668 2118 augusti

202 2121 420 2154 bissem—19
444 2122 561 2154 Parm.
587 2121 688 2154 Rom.
709 2127 747 2153 et
775 2126 844 2154 vet.
876 2122 1142 2162 Lindenbrogii:
1167 2121 1277 2154 attulit
1297 2131 1407 2159 arca,-
1427 2120 1530 2154 Aldd.
1553 2121 1664 2154 Colin.

203 2165 340 2206 Gryph.
366 2165 472 2197 Basil.
497 2168 562 2196 &m
585 2164 682 2206 afficit
707 2175 816 2203 ames,-
838 2165 914 2197 aliae
940 2169 1027 2197 vett.
1053 2165 1155 2207 affluit
1180 2174 1289 2202 arcem
1311 2169 1349 2196 et
1374 2165 1424 2196 ita
1447 2164 1663 2197 Bernartius.

202 2209 212 2226 ‘
227 2209 322 2241 Male
336 2208 554 2240 doctissimus
568 2207 756 2248 Meursius,
773 2208 831 2250 qui
844 2209 879 2240 in
895 2209 984 2240 notis
1000 2208 1044 2240 ad
1059 2207 1248 2240 Arnobium
1263 2207 1360 2249 affuit
1374 2207 1430 2240 hic
1446 2206 1665 2240 scribendum

863 2300 1010 2333 NOTAE

198 2378 294 2413 mine
321 2375 467 2413 Rustici,
490 2379 528 2408 ut
553 2375 715 2408 discimus
740 2385 784 2407 ex
810 2375 910 2406 Lam·
962 2375 1076 2415 Stupet
1091 2373 1157 2415 ipse
1171 2373 1292 2405 labores
1303 2372 1430 2413 Annus]
1464 2371 1665 2404 Admiratur

201 2428 313 2472 pridio
339 2428 372 2459 in
402 2426 601 2459 Commodo.
645 2426 786 2467 Alcidae]
818 2424 907 2456 Her·
962 2429 1096 2457 tantum
1113 2423 1228 2464 operis
1255 2423 1351 2455 intra
1373 2433 1470 2455 suum
1492 2422 1660 2454 circulum

199 2479 281 2514 culi.
961 2473 1092 2506 factum
1105 2483 1191 2505 esse.

246 2534 288 2564 16
314 2528 411 2570 Tyrio
425 2527 558 2569 plectro]
591 2528 633 2560 Id
651 2532 718 2567 est,
732 2527 909 2568 Thebano,
1006 2527 1047 2556 19
1062 2524 1254 2564 Longaevum
1267 2522 1359 2565 opus]
1381 2522 1472 2557 Quia
1484 2521 1662 2554 absolven-

201 2580 406 2624 Amphionis
422 2580 567 2619 scilicet,
590 2580 648 2621 qui
678 2589 792 2611 muros
818 2580 908 2611 The-
961 2575 1042 2607 dum
1057 2584 1124 2606 non
1147 2578 1223 2606 erat
1238 2573 1465 2615 probabiliter
1479 2577 1549 2604 tam
1566 2572 1664 2604 brevi

197 2634 305 2666 banos
321 2631 363 2663 ad
378 2634 516 2663 cantum
531 2629 612 2670 lyrae
628 2629 823 2662 condidisse
838 2629 908 2662 fer·
961 2632 1129 2668 tempore.

199 2687 269 2715 tur.
1004 2681 1047 2710 22
1073 2676 1262 2718 Novercam]
1304 2674 1476 2708 Junouem
1514 2675 1662 2707 scilicet.

243 2735 284 2765 17
311 2729 442 2772 Getica]
463 2729 506 2763 Id
522 2733 589 2770 est,
602 2730 764 2769 Thracia,
777 2731 907 2773 Orphei
961 2729 1054 2763 Juno
1070 2729 1160 2760 enim
1184 2727 1235 2759 ita
1260 2726 1427 2758 acerrimo
1449 2725 1529 2758 odio
1545 2735 1663 2767 prose-

199 2783 351 2825 scilicet,
366 2783 425 2825 qui
453 2781 599 2814 movisse
614 2781 747 2824 lapides
764 2782 903 2815 dicitur.
959 2779 1128 2822 quebatur
1157 2777 1357 2819 Herculem,
1387 2776 1484 2819 (hinc
1510 2776 1664 2809 immitem
