1800 3060
209 210 295 254 218
710 221 749 251 P.
785 219 977 250 ΡΑΡιΝιι
1011 218 1177 249 srA'rn

212 315 413 357 Flectere
426 314 522 369 Jam
542 313 752 368 cupidum
774 326 967 368 gressuS‚
991 326 1081 367 qua
1099 314 1242 355 limite
1263 319 1368 356 noto

209 381 366 436 Appia
386 382 617 435 longarum
639 381 790 422 teritur
809 381 964 433 regina
979 380 1166 421 viarum.

210 449 300 491 Sed
314 449 471 504 juvere
491 462 642 490 morae.
674 448 867 490 Placido
886 449 1043 489 lunata
1062 460 1244 490 recessu

210 516 333 558 Hinc
355 521 491 570 atque
507 515 610 557 hinc
631 527 792 556 curvas
809 520 1096 568 perrumpunt
1115 528 1300 569 aequora
1318 527 1476 570 rupes:

212 584 306 625 Dat
325 582 501 624 Natura
521 582 695 634 locum;
727 582 962 636 montique
984 581 1219 625 intervenit
1239 583 1375 624 udum
1615 583 1673 624 15

210 715 397 746 transissent
410 715 562 754 gentilem
575 715 680 747 sinum
701 715 742 747 ud
764 714 949 748 Ambracias
971 717 1104 757 palmas.
1149 715 1213 747 Sed
1227 726 1322 747 moroe
1334 716 1530 757 profuerunt.
1576 715 1671 746 Mare

212 758 246 788 in
260 758 425 798 tranquillo
447 757 520 788 sinu
543 758 576 789 in
593 757 733 796 sormam
751 760 833 789 lunoe
859 762 1020 790 curt-ntum
1045 759 1136 790 elidit
1161 758 1234 790 hinc
1258 762 1289 790 et
1310 759 1381 790 hinc
1393 768 1502 790 curvos
1522 758 1669 799 scopulos.

212 800 341 831 Natura
364 799 484 840 proebet
506 801 615 833 locum.
661 801 762 832 lmum
775 801 864 833 littus
878 801 986 833 saluus
999 805 1134 834 montem
1149 805 1291 841 excavat,
1307 805 1337 833 et
1350 804 1495 843 penetrat
1509 801 1543 832 in
1559 803 1672 840 terras,

819 879 837 890 0
841 880 900 892 ‘O‘
905 880 920 892 θ
924 880 1064 892 ON‘ON

211 957 305 999 quies.
349 957 448 998 Virg.
472 956 549 988 AEn.
575 965 633 988 ιιι.
651 959 726 988 495.
749 965 817 989 vn.
847 959 921 989 598.
947 956 1024 988 &c.’
1046 956 1256 988 Markl.—12
1279 956 1290 974 ‘
1307 955 1488 997 Ineptinnt
1512 956 1570 998 qui
1593 965 1673 988 con-

211 1006 266 1032 tra
291 999 408 1040 libros,
433 1004 473 1031 ut
499 1004 596 1040 puto,
620 1004 770 1039 veteres,
787 1005 883 1031 certe
909 999 1078 1031 editiones
1104 1005 1140 1031 et
1155 998 1329 1039 Aldinam,
1351 999 1488 1038 legunt:
1520 1002 1674 1031 terem-um

211 1047 235 1075 t.
256 1053 285 1075 r.
306 1043 440 1075 viarum.
485 1043 576 1076 Quid
600 1043 688 1074 enim
716 1043 758 1073 ad
786 1047 838 1074 tot
862 1042 992 1074 dierum
1023 1043 1112 1073 viam
1139 1046 1291 1073 ter-sarum
1316 1042 1436 1073 viarum
1465 1041 1674 1082 praeeipuam

211 1096 287 1118 esse
300 1085 324 1117 ?'
353 1085 552 1117 Barth.—-15
578 1085 668 1117 Edd.
686 1089 772 1117 vett.
798 1085 955 1126 montique
979 1085 1151 1116 intervenit
1174 1094 1279 1116 unum.
1324 1085 1371 1116 N.
1387 1083 1508 1116 Heius.
1531 1083 1675 1116 Advers-

212 1129 271 1160 lib.
285 1137 311 1160 1.
333 1137 410 1168 cap.
427 1131 478 1159 10.
501 1128 677 1160 correxit:
700 1128 856 1168 montique
879 1127 1049 1159 intervenit
1073 1129 1179 1166 udum,
1200 1128 1274 1159 haec
1302 1131 1417 1158 tamen
1442 1126 1672 1167 snbjungens:

212 1173 223 1190 ⁴
239 1170 309 1203 Sed
336 1170 430 1202 nefas
466 1180 486 1202 a
521 1170 697 1203 Gronovio
720 1171 916 1209 dissentire,
936 1170 994 1212 qui
1018 1170 1133 1202 verius
1157 1170 1227 1202 illic
1255 1169 1402 1201 reddidit
1429 1170 1527 1200 imum
1541 1169 1675 1201 Linus?

213 1214 317 1247 Nunc
335 1214 414 1245 audi
430 1213 686 1253 Marklandum,
709 1214 765 1255 qni
778 1214 864 1245 hane
879 1213 1100 1245 Heinsianam
1116 1212 1379 1249 correctionem,
1391 1217 1551 1253 tanquam
1567 1221 1675 1251 suam,

214 1257 395 1289 venditat:
431 1257 441 1274 ⁸
459 1256 654 1288 Gronovius
684 1257 798 1288 Diatr.
824 1265 901 1296 cap.
918 1258 971 1287 15.
1003 1254 1196 1296 frigiditate
1220 1255 1363 1296 epitheti
1392 1265 1487 1286 unum
1514 1253 1676 1295 offensus,

214 1301 327 1341 primo
342 1298 482 1340 legebat
502 1308 611 1331 uncum
628 1298 749 1339 Linus,
773 1309 836 1340 pro
858 1308 978 1336 unum‚·
999 1308 1099 1340 quam
1127 1298 1332 1330 senteutiam
1359 1303 1481 1339 postea
1506 1298 1675 1336 mutavit;

214 1348 250 1375 et
266 1341 415 1375 affirmat
427 1342 576 1375 Statium
594 1342 772 1383 scripsisse
787 1342 883 1374 imum
897 1341 1028 1380 Liuus;
1051 1341 1240 1383 praesertim
1257 1351 1332 1372 cum
1354 1341 1404 1373 ita
1427 1339 1552 1372 habeat
1571 1340 1674 1372 etiam

867 1438 1008 1471 NOTAE

213 1503 403 1546 splendidae
416 1503 516 1536 vitae:
532 1503 624 1536 unde
635 1504 645 1522 ⁴
657 1503 785 1536 nitidus
795 1503 804 1517 '
813 1513 917 1545 oppo-

213 1556 311 1587 nitur
326 1555 369 1587 ab
386 1554 548 1594 Horatio,
563 1555 702 1587 rustico.

257 1609 297 1638 12
312 1605 434 1648 Appia]
458 1606 584 1648 Appia,
597 1606 719 1648 supple
734 1605 811 1646 Via,
827 1604 918 1638 dicta

213 1656 282 1689 fuit
308 1657 351 1688 ab
377 1656 493 1698 Appio
516 1656 661 1689 Claudio
684 1664 839 1694 censore,
862 1655 916 1687 cui

213 1711 334 1748 postea
349 1707 450 1738 Caeco
465 1715 652 1747 cognomen
665 1705 743 1745 fuit,
757 1706 812 1748 qui
829 1705 918 1738 hanc

212 1757 303 1789 viam
316 1767 337 1788 a
352 1761 451 1798 porta
460 1757 611 1799 Capena,
621 1766 729 1798 usque
742 1756 783 1788 ad
798 1757 917 1788 urbem

212 1809 365 1849 Capuam
381 1807 595 1840 muniendam
610 1807 754 1840 curavit.
783 1807 818 1839 Is
833 1807 916 1838 mul-

216 1858 264 1890 tis
279 1858 621 1900 tergiversationibus
642 1858 769 1890 dicitur
780 1862 917 1890 extrax-

213 1908 281 1941 isse
309 1918 463 1941 censurae
492 1913 641 1950 tempus,
678 1909 789 1941 donec
829 1909 916 1940 hauc

212 1960 318 2000 viam,
347 1965 383 1992 et
407 1969 504 2001 aquae
530 1959 655 2001 Appiae
681 1959 785 1991 etiam
812 1959 917 1991 dictae

214 2010 357 2042 ductum
385 2009 585 2051 perficeret.
630 2010 728 2042 Illam
746 2009 836 2041 viam
862 2019 917 2041 us-

215 2070 285 2102 que
299 2060 453 2102 Capuam
468 2059 575 2092 solum
601 2060 726 2092 stravit
747 2059 917 2101 lapidibus

218 2112 364 2154 Appius.
409 2112 526 2144 caesar
544 2121 640 2152 vero,
667 2116 756 2144 teste
781 2111 920 2143 Plutar-

214 2164 291 2204 cho,
320 2163 354 2195 ei
382 2163 544 2195 curandae
561 2162 703 2194 multum
732 2162 859 2194 laboris
883 2166 919 2194 et

214 2219 385 2246 sumtuum
400 2211 579 2254 impendit.
620 2211 773 2243 Tandem
796 2211 918 2253 Traja-

217 2273 280 2295 nus
302 2262 346 2294 ad
364 2262 596 2294 Brundusium
613 2271 720 2304 usque
746 2262 918 2303 perduxit.

214 2314 356 2346 Dicitur
371 2313 483 2353 regina
497 2312 655 2354 Papinio,
678 2313 733 2344 vel
755 2313 833 2355 quia
847 2313 918 2344 lon-

214 2365 291 2406 gior
322 2363 418 2403 aliis;
443 2362 637 2404 Procopius
666 2362 756 2394 enim
787 2366 918 2395 tantam

211 2414 314 2456 hujus
330 2414 394 2445 viae
409 2413 657 2454 longitudinem
671 2422 749 2445 esse
771 2413 867 2455 dicit,
882 2417 920 2445 ut

213 2474 290 2497 eam
309 2464 459 2507 quinque
472 2463 603 2495 dierum
619 2464 733 2505 spatio
749 2464 801 2496 vir
813 2473 918 2506 expe·

212 2516 306 2548 ditus
332 2514 390 2546 vix
419 2517 537 2555 posset
560 2513 710 2547 emetiri.
754 2514 818 2547 Vel
838 2515 919 2557 quia

212 2568 223 2586 ‘
237 2563 480 2607 triumphalis,’
504 2563 583 2605 quia
597 2564 659 2595 hac
676 2564 732 2595 via
747 2569 916 2607 portaque

215 2617 355 2658 Capena
370 2613 531 2655 triumphi
548 2614 753 2646 transibant.
788 2615 915 2656 Longa-

214 2666 302 2708 mm]
334 2664 406 2697 Alii
441 2663 591 2703 codices,
626 2666 794 2698 ursarum.
838 2667 916 2700 Nec

213 2717 327 2756 male3
350 2723 426 2746 nam
442 2713 601 2746 discimus
625 2722 669 2744 ex
690 2714 809 2747 eodeni
831 2717 918 2750 Pro.

215 2766 329 2808 cupio,
353 2765 440 2798 hanc
462 2764 550 2796 viam
572 2767 700 2796 ternam
725 2774 812 2798 esse.
857 2766 919 2800 Ait

972 1503 1061 1536 enim
1077 1502 1210 1545 lapides
1222 1503 1255 1534 in
1266 1511 1308 1534 ea
1319 1502 1368 1534 ita
1380 1501 1486 1533 fuisse
1500 1510 1673 1533 connexos

971 1558 1007 1585 et
1024 1553 1138 1585 valide
1150 1553 1241 1585 inter
1255 1563 1292 1584 se
1306 1553 1531 1592 cohaerentes,
1543 1556 1582 1584 nt
1597 1561 1677 1593 spe-

970 1604 1057 1635 ciem
1074 1603 1264 1636 visentibus
1281 1603 1492 1644 praeberent,
1511 1611 1577 1633 non
1593 1611 1674 1633 con-

965 1653 1105 1695 junctos
1120 1654 1183 1695 ita,
1197 1653 1258 1685 sed
1273 1652 1475 1693 congenitos
1497 1661 1583 1684 esse.
1627 1652 1675 1684 Et

972 1705 1139 1746 quamvis,
1152 1704 1276 1746 inquit,
1293 1708 1344 1735 tot
1352 1704 1423 1745 jam
1439 1702 1573 1734 saeculis
1586 1706 1676 1734 atte-

973 1760 1091 1787 rantur
1118 1755 1264 1786 assiduis
1300 1754 1465 1796 plaustris
1493 1754 1676 1795 jumentis-

971 1816 1059 1848 que3
1083 1811 1196 1837 tamen
1211 1815 1322 1848 neque
1339 1805 1428 1837 serie
1437 1815 1499 1837 sua
1511 1806 1564 1836 vel
1576 1806 1674 1837 mini·

971 1865 1062 1887 mum
1080 1861 1220 1896 exeunt,
1243 1861 1302 1887 aut
1317 1855 1544 1895 dimoventur,
1561 1865 1673 1897 neque

971 1905 1187 1947 franguntur,
1199 1910 1259 1938 aut
1278 1907 1440 1938 laevorem
1461 1915 1560 1937 suum
1575 1905 1674 1938 amit-

972 1961 1062 1989 tunt.

1016 2009 1055 2038 13
1079 2006 1213 2038 Placido
1233 2006 1342 2037 lunata
1355 2005 1488 2047 recma]
1519 2006 1672 2039 Seneca:

973 2060 983 2077 ‘
995 2059 1183 2101 Quousque
1199 2059 1312 2091 nullus
1327 2059 1392 2091 erit
1407 2059 1517 2098 lacus,
1530 2059 1586 2092 eui
1605 2068 1673 2091 non

973 2110 1130 2142 villarum
1167 2116 1358 2143 vestrarum
1390 2110 1530 2152 fastigia
1564 2110 1675 2142 immi-

973 2165 1089 2202 neant,
1113 2162 1241 2193 nullum
1266 2160 1406 2201 flumen,
1433 2162 1532 2203 cujus
1547 2170 1614 2193 non
1630 2161 1674 2193 ri-

972 2221 1035 2254 pas
1051 2211 1199 2244 aedificia
1213 2216 1329 2244 vestra
1345 2215 1551 2253 praetexant.
1588 2211 1673 2243 Ubi-

974 2272 1122 2304 cumque
1146 2262 1180 2293 in
1197 2261 1343 2303 aliquem
1359 2261 1467 2293 sinum
1483 2261 1582 2293 littus
1596 2271 1674 2293 cur·

974 2312 1127 2353 vabitur,
1142 2322 1201 2344 vos
1217 2313 1368 2354 protinus
1383 2311 1608 2344 fundamenta
1620 2312 1675 2353 ja·

973 2363 1088 2400 ciens,
1115 2372 1178 2395 nec
1205 2363 1359 2395 contenti
1384 2363 1467 2403 solo,
1491 2362 1555 2393 nisi
1581 2361 1674 2403 quod

972 2423 1075 2445 manu
1091 2412 1247 2445 feceritis
1270 2414 1374 2445 maria
1398 2412 1530 2454 cogetis
1552 2412 1673 2444 intror-

972 2462 1054 2495 sus!

1015 2516 1054 2545 15
1077 2513 1147 2545 Dat
1168 2516 1286 2545 natura
1308 2513 1422 2555 locum]
1450 2512 1673 2546 Commodum

969 2563 1103 2596 scilicet
1132 2563 1373 2596 construendae
1403 2563 1507 2596 vinae.
1548 2564 1673 2596 Monti-

967 2623 1026 2656 que
1039 2614 1207 2645 intervenit
1219 2615 1314 2645 udum
1328 2613 1454 2656 [imum]
1464 2614 1584 2655 Littue,
1595 2618 1627 2647 et
1639 2615 1675 2647 in

969 2667 1082 2705 terras,
1094 2664 1227 2705 scopulis
1234 2665 1452 2706 pendentibus,
1466 2664 1550 2706 exit]
1571 2665 1673 2698 Dicit

970 2714 1152 2757 Papinius,
1166 2715 1264 2746 littus
1279 2713 1370 2756 quod
1395 2714 1476 2747 olim
1502 2714 1584 2746 nihil
1606 2714 1672 2747 nisi

971 2765 1132 2808 scopulus
1145 2769 1234 2807 erut,
1248 2774 1326 2798 cum
1341 2763 1482 2807 rupibus
1494 2773 1588 2797 mare
1599 2764 1672 2797 ulli-
