1800 3060
591 188 634 219 P.
668 185 855 218 PAPmn
890 185 1059 217 STA'rn
1095 186 1231 218 VlTA.
1586 180 1644 222 27

186 294 318 346 idem,
337 293 414 348 qui
442 291 714 348 Argumenta
740 292 915 348 reliquit
946 292 1184 335 Ovidianae
1216 291 1646 348 Metamorphoseos.

186 362 284 406 Etsi
301 375 386 404 non
406 361 603 416 ignorem
622 375 651 404 a
677 361 944 416 quibusdam
972 361 1201 403 Lutatium
1235 360 1339 402 dici.
1398 361 1532 403 Prius
1563 375 1643 404 no-

185 443 284 473 men
316 430 521 484 agnoscit
550 434 595 472 et
618 430 873 472 Boccacius
893 429 948 471 de
968 428 1245 483 Genealogia
1278 428 1490 480 Deorum,
1508 429 1585 472 lib.
1608 441 1645 472 1.

184 511 285 554 pag.
311 497 355 540 8.
385 501 399 520 ‘
414 497 692 548 Lactantius,
711 497 896 551 insignis
915 497 1064 548 homo,
1084 496 1350 552 doctusque,
1374 510 1512 552 super
1542 498 1645 542 Sta-

184 566 292 608 tium
328 563 557 608 scribens!
613 565 660 608 N
663 578 717 608 ec
750 565 960 620 displicet
986 564 1110 620 quod
1138 565 1427 620 suspicantur
1458 566 1643 609 easdem

184 633 322 676 videri
340 633 527 687 glossas,
549 645 652 688 quae
673 633 848 675 Placidi
870 633 1089 676 dicuntur.
1149 633 1319 675 Mirum
1329 646 1436 676 vero
1455 633 1643 677 Martia-

183 700 287 753 lem,
321 713 420 744 cum
454 701 567 744 adeo
596 702 791 744 celebret
820 701 1005 744 Stellam
1036 700 1240 751 Poetam‚
1271 701 1327 743 de
1346 715 1437 756 quo
1456 702 1644 744 inferius

186 768 345 819 dicam,
362 781 454 811 non
467 768 724 811 meminisse
740 769 889 819 Statii,
910 769 1021 811 tanti
1040 769 1175 811 amici
1194 769 1367 821 Stellae,
1383 773 1432 812 ut
1448 771 1491 812 ei
1508 771 1643 812 mise-

183 837 243 878 rit
277 837 468 890 primum
506 837 754 891 Sylvarum.
815 836 990 892 Nempe
1020 837 1080 879 ab
1107 837 1280 879 invidia
1310 836 1355 879 id
1391 838 1642 892 profectum

184 903 374 946 videtur.
433 903 539 947 Non
577 904 746 946 serebat
782 903 1008 948 Martialis
1046 904 1288 959 Papininm
1324 909 1558 962 tantopere
1596 909 1642 949 in

184 973 324 1025 gratia
343 985 446 1014 esse
466 972 590 1028 apud
621 972 944 1024 Domitianum,
974 973 1105 1028 idque
1136 974 1194 1015 ob
1213 975 1567 1028 extemporalem
1597 975 1643 1017 in

185 1041 379 1082 carmine
388 1040 658 1092 felicitatem,
678 1053 770 1095 qua
783 1039 1010 1082 Martialis
1027 1040 1155 1095 longe
1171 1041 1443 1083 vincebatur.
1473 1040 1641 1085 Parum

185 1107 374 1151 amicum
410 1107 602 1162 Papinio
637 1107 777 1149 fuisse
809 1107 1062 1149 Martialem
1091 1120 1150 1149 ex
1175 1121 1230 1149 eo
1250 1108 1488 1162 colligitur,
1518 1109 1641 1165 quod

184 1188 407 1229 nunquam
427 1175 616 1230 aequalis
635 1175 706 1216 sui
723 1176 992 1219 meminerit:
1014 1180 1104 1220 tum
1122 1176 1239 1228 aliis,
1260 1189 1363 1231 quae
1380 1177 1501 1232 legas
1520 1174 1640 1233 apud

185 1241 442 1285 Gevartium
462 1241 519 1285 ad
540 1241 786 1298 Sylvarum,
807 1243 883 1286 lib.
906 1254 938 1285 ι.
