1800 3060
246 211 331 253 166

745 221 783 251 P.
817 220 1008 251 PAPlNll
1042 221 1204 252 STATn

247 316 466 367 Flumina,
486 321 530 358 et
552 316 762 358 Herculei
784 317 1025 372 praedatrix
1046 319 1178 360 cedat
1198 318 1379 360 alumni.
1550 369 1554 374 ¹

245 385 344 428 Vos
365 385 486 435 mihi,
507 399 609 438 quae
630 385 822 436 Latium,
843 391 1113 440 septenaque
1134 387 1327 429 culmina
1347 387 1573 442 Nymphae

244 453 465 503 Incolitis,
487 453 756 507 Tybrimque
778 454 904 496 novis
925 455 1126 496 attollitis
1146 455 1293 505 undis,

245 520 373 572 Quas
394 534 596 575 praeceps
618 519 774 570 Anien,
792 524 926 575 atque
946 526 1189 576 exceptura
1207 527 1386 564 natatus

1641 522 1700 564 25

243 586 384 641 Virgo
397 587 540 641 juvat,
561 586 825 641 Marsasque
844 588 969 629 nives
986 593 1031 630 et
1049 590 1209 642 frigora
1229 590 1393 631 ducens

244 655 433 705 Marcia,
454 654 679 708 praecelsis
701 668 888 708 quarum
907 668 1021 709 vaga
1041 657 1232 698 molibus
1253 658 1369 699 unda

243 722 407 772 Cessit,
427 726 471 764 et
488 723 716 763 innumero
736 724 932 777 pendens
949 725 1255 766 transmittitur
1277 739 1396 776 arcu,

239 846 331 885 pater
345 844 447 875 viduae
461 844 653 884 menendus,
668 845 771 876 dolore
786 845 929 882 siccatus,
944 847 975 876 et
990 845 1152 886 Nympha,
1166 856 1235 888 quoe
1245 847 1353 887 rapuit
1365 846 1512 878 Herculis
1526 847 1695 877 alumnum.

241 886 331 918 Mihi
355 897 409 917 vos
430 887 546 926 adeste,
568 888 736 929 Nymplrae,
761 898 828 928 quae
848 887 1001 919 habitatis
1024 888 1163 929 Latium,
1188 893 1218 921 et
1242 894 1356 931 septem
1379 893 1508 928 montes,
1529 888 1697 928 clangetis

241 930 329 961 novio
342 929 432 970 aquis
449 930 596 969 Tiberim,
611 933 640 960 et
653 940 718 966 vos,
733 941 809 971 quas
823 931 957 962 delectat
968 941 1106 972 praeceps
1120 931 1237 971 Anien,
1255 943 1293 964 ac
1310 933 1409 971 Virgo
1423 935 1567 964 natantes
1580 930 1695 963 admis-

238 981 324 1011 sura,
338 976 367 1003 et
383 973 507 1004 Martia
521 974 647 1004 trahens
662 973 788 1004 Marsas
809 973 895 1004 nives
920 976 952 1004 et
969 973 1109 1015 frigora,
1130 985 1259 1015 quarum
1279 975 1413 1008 omnium
1434 986 1514 1016 aqua
1539 974 1696 1007 attollitur

240 1015 318 1046 altis
331 1016 486 1058 (edificiis,
508 1019 538 1047 et
563 1026 708 1057 suspensa
730 1016 837 1048 multis
854 1016 1033 1055 fornicibus
1056 1018 1280 1051 transvehitur.
1325 1018 1516 1059 Suscipimua
1528 1026 1696 1049 memoran-

849 1101 908 1114 ‘O‘

1070 1101 1091 1114 0

240 1155 382 1189 Gevart.
397 1157 550 1189 Gronov.
567 1161 603 1189 et
618 1159 837 1189 κοπῇ-24
856 1158 1060 1200 Thybrimque
1073 1157 1262 1190 Aldd.—2⁷
1284 1157 1408 1189 Martia
1418 1158 1560 1189 Venett.
1574 1157 1692 1188 Parm.

239 1199 338 1231 Rom.
364 1199 469 1232 Aldd.
494 1201 605 1233 Colin.
629 1200 761 1242 Gryph.
784 1203 848 1234 διο.
869 1202 1014 1233 mutavit
1040 1201 1364 1234 Marklandus.—28
1385 1202 1396 1219 ⁴
1411 1201 1479 1232 Diu
1495 1204 1691 1241 suspectum

897 1288 927 1320 N
934 1287 1040 1319 OTAE

278 1361 321 1390 22
338 1357 381 1389 Et
395 1357 543 1389 Herculei
551 1357 731 1398 proedatrix
738 1358 827 1389 cedat
837 1358 937 1389 alum-

233 1408 283 1450 ni]
309 1408 480 1449 Intelligit
496 1407 677 1439 Ascanium
693 1407 831 1440 fluvium
858 1409 935 1449 My-

235 1459 306 1499 siae,
328 1459 360 1490 in
385 1468 486 1500 quem
513 1458 645 1490 decidit
671 1459 792 1500 Hylas,
818 1460 935 1500 (quem

233 1509 290 1541 hic
317 1509 429 1541 Poeta
445 1513 547 1540 vocat
566 1510 735 1540 alumnum
761 1509 935 1550 Herculis,

233 1559 438 1601 Propertius
457 1561 467 1577 ‘
481 1559 642 1591 comitem
659 1559 779 1590 invicti
796 1559 935 1600 herois,'

234 1611 357 1644 Strabo
372 1609 426 1643 ἕνα
438 1612 500 1642 τῶν
518 1609 708 1652 Ἡρακλέους
724 1610 862 1652 ἑταίρων,
886 1609 933 1643 Α·

231 1662 428 1704 pollodorus
465 1661 642 1703 ἐρώμενοι)
674 1662 862 1694 hauriendo
899 1672 934 1693 a-

232 1722 352 1756 quam;
375 1723 451 1744 cnm
476 1713 564 1744 enim
592 1713 767 1754 delapsam
793 1722 813 1744 e
834 1722 933 1744 manu

230 1763 389 1805 hydriam
401 1763 551 1795 retinere
561 1764 677 1802 vellet,
691 1764 764 1805 ejus
782 1763 932 1804 pondere

229 1814 408 1846 immersus
423 1818 486 1846 est.
511 1814 612 1846 Unde
628 1814 746 1845 Poe'tae
761 1813 935 1846 finxerunt

231 1864 358 1906 Hylam
390 1869 525 1905 raptum
563 1863 668 1896 fuisse
705 1875 726 1897 a
762 1866 931 1907 Nymphis

228 1919 375 1956 propter
389 1914 687 1955 pulchritudinem.

283 1967 325 1996 23
351 1965 431 2002 Quoe
457 1964 601 2005 Latium]
656 1964 805 2006 Latium,
836 1966 931 2007 regio

228 2015 356 2055 Italiae,
379 2015 413 2046 in
430 2025 498 2057 qua
525 2016 633 2046 Roma
649 2015 713 2046 sita
729 2022 817 2048 erat.
853 2017 931 2058 Sep-

226 2071 299 2099 tena
328 2066 479 2107 culmina]
516 2067 632 2098 Romae
671 2067 816 2106 scilicet,
854 2077 932 2110 quae

228 2118 239 2136 ‘
265 2117 536 2159 septemgemina
557 2116 568 2131 '
605 2117 753 2158 Papinio
789 2118 928 2158 dicitur,

226 2169 316 2212 quod
340 2169 432 2200 intra
462 2177 558 2199 suum
586 2167 766 2200 circuitum
795 2173 926 2210 septem

226 2223 360 2251 montes
375 2218 585 2250 contineret.

265 2272 309 2302 24
331 2268 468 2308 Tibrim]
491 2268 627 2300 Tiberis
643 2267 766 2300 fluvius
782 2274 927 2310 praeter·

222 2319 331 2352 fluens
349 2321 490 2351 Romam
505 2319 714 2351 notissimus.
761 2320 859 2351 Novis
871 2329 928 2351 un-

225 2371 291 2411 dis]
315 2370 357 2402 Id
374 2375 437 2410 est,
467 2370 588 2410 quibus
614 2373 756 2409 angetur
778 2369 926 2411 Tiberis,

225 2431 369 2463 quaeque
386 2421 419 2451 in
435 2420 588 2452 Tiberim
605 2418 761 2451 influunt.

264 2475 305 2504 25
333 2473 477 2512 Proeceps
490 2471 611 2511 Anien]
643 2471 830 2503 Horatius:
855 2472 925 2503 ‘Et

221 2532 376 2565 praeceps
387 2521 488 2562 Anio,
505 2526 541 2552 et
556 2521 689 2553 Tiburti
704 2521 822 2554 lucus!
837 2522 924 2553 Vide

219 2574 336 2606 libello
351 2572 519 2613 superiori
538 2582 588 2604 vs.
603 2575 634 2604 2.

261 2629 307 2658 26
333 2624 447 2665 Virgo]
474 2624 656 2655 Frontinus
672 2623 714 2656 de
729 2623 922 2666 Aquaeduc-

218 2676 310 2709 tibus
341 2676 398 2707 lib.
422 2684 447 2708 1.
469 2674 544 2705 haec
563 2675 615 2705 sie
645 2674 788 2714 Virgine
812 2675 919 2707 dicit:

214 2728 227 2746 ‘
243 2727 339 2759 Idem
353 2725 512 2767 Agrippa
524 2725 563 2756 C.
573 2724 704 2763 Senti0‚
718 2725 778 2765 Sp.
794 2725 921 2756 Lucre-

218 2777 269 2811 tio
282 2778 378 2810 Coss.
397 2779 476 2818 post
503 2784 626 2807 annum
644 2777 696 2807 13.
719 2784 819 2816 quam
834 2775 922 2808 Juli-

994 1367 1048 1389 am
1073 1358 1278 1398 deduxerat,
1288 1357 1464 1398 Virginem
1491 1365 1625 1398 qnoque
1655 1356 1689 1388 in

994 1419 1075 1450 agro
1102 1410 1291 1441 Lucullano
1318 1409 1510 1448 collectam,
1546 1407 1690 1440 Romam

992 1459 1166 1500 perduxit.
1225 1459 1332 1500 Virgo
1368 1459 1557 1499 appellata,
1594 1457 1687 1499 quod

992 1511 1225 1552 quaerentibus
1242 1521 1361 1553 aquam
1377 1510 1553 1550 militibus,
1575 1510 1691 1551 pueua

990 1561 1187 1602 virguncula
1201 1561 1364 1603 quasdam
1391 1570 1492 1592 venas
1520 1563 1686 1592 monstra·

987 1612 1048 1648 vit,
1065 1622 1148 1652 quas
1163 1611 1286 1647 secuti,
1310 1611 1366 1653 qui
1382 1609 1552 1650 foderant,
1569 1610 1689 1651 ingen·

988 1666 1056 1693 tem
1072 1671 1169 1703 aquae
1186 1661 1320 1693 modum
1336 1661 1550 1692 invenerunt.
1594 1659 1687 1692 AEdi-

986 1713 1063 1744 cula
1091 1711 1177 1744 fonti
1210 1712 1370 1753 apposita
1399 1711 1487 1743 hanc
1519 1710 1685 1752 virginem

985 1762 1120 1803 pictura
1136 1762 1298 1793 ostendit.
1321 1761 1520 1802 Concipitur
1534 1770 1616 1802 ergo
1632 1761 1687 1792 via

986 1813 1132 1844 Collatia
1153 1813 1196 1844 ad
1218 1812 1407 1843 milliarium
1430 1816 1604 1852 octavum,
1625 1821 1685 1852 pa-

986 1863 1150 1895 lustribus
1173 1863 1267 1903 locis,
1293 1863 1426 1904 signino
1448 1862 1684 1903 circumjecto,

985 1914 1267 1947 continendarum
1292 1913 1538 1954 scaturiginum
1561 1912 1688 1945 causa!

985 1965 1164 1997 Hactenus
1179 1965 1376 1996 Frontinus.
1399 1964 1533 1995 Plinius
1549 1963 1609 1996 lib.
1625 1972 1683 1996 ιιι.

984 2025 1059 2056 cap.
1072 2018 1104 2046 3.
1127 2015 1137 2032 ‘
1150 2014 1247 2046 Idem
1270 2013 1427 2056 Agrippa
1447 2019 1484 2046 et
1508 2014 1683 2054 Virginem

985 2065 1128 2096 adduxit
1152 2065 1194 2097 ab
1209 2065 1321 2097 octavi
1336 2065 1459 2106 lapidis
1475 2064 1684 2096 diverticulo

983 2116 1052 2148 duo
1068 2117 1172 2148 millia
1188 2126 1358 2157 passuum,
1373 2116 1590 2149 Praenestina
1605 2116 1658 2148 via
1671 2126 1682 2148 z

975 2167 1077 2208 juxta
1099 2170 1150 2198 est
1171 2167 1366 2199 Herculeus
1382 2167 1487 2207 rivus,
1507 2176 1606 2208 quem
1629 2175 1681 2198 re-

981 2217 1128 2259 fugiens,
1165 2219 1316 2260 Virginis
1352 2227 1475 2250 nomen
1509 2217 1684 2250 obtinuit!

981 2269 1164 2310 Exceptum
1185 2269 1326 2310 natum]
1347 2269 1436 2303 Quia
1459 2278 1546 2311 aqna
1567 2262 1681 2309 Virgi-

981 2318 1034 2349 nis
1050 2319 1239 2359 praestabat
1255 2323 1362 2359 tactu,
1378 2325 1414 2351 et
1430 2320 1527 2351 sicin
1540 2329 1583 2351 ea
1592 2319 1678 2351 sole-

980 2369 1062 2401 bant
1087 2369 1188 2407 ablui,
1216 2370 1342 2401 Martia
1371 2379 1452 2401 vero
1476 2371 1610 2410 haustu,
1635 2374 1678 2401 ut

980 2420 1028 2451 ait
1044 2420 1190 2451 Plinius.
1213 2421 1394 2460 Marsaeque
1407 2421 1494 2452 nives
1508 2423 1540 2451 et
1546 2419 1678 2459 frigora

978 2472 1089 2502 ducens
1105 2469 1241 2510 Martio]
1257 2470 1310 2501 De
1327 2470 1454 2502 Mania
1468 2470 1606 2502 consule
1619 2471 1679 2502 Ti-

978 2521 1152 2552 burtinum
1169 2519 1290 2551 Manlii
1307 2530 1358 2551 vs.
1374 2523 1427 2552 67.
1467 2521 1603 2552 Dicitur
1616 2523 1674 2553 dn·

975 2581 1044 2603 cere
1072 2571 1199 2602 Marsas
1219 2570 1317 2610 nives,
1346 2570 1425 2611 quia
1450 2580 1513 2612 per
1538 2571 1674 2604 Marsos

975 2621 1100 2653 transit
1114 2622 1255 2662 populos
1270 2621 1394 2652 ltaliae.

1016 2675 1058 2704 27
1073 2671 1237 2703 Praecelsis
1245 2671 1388 2711 molibus]
1410 2671 1591 2704 Describit
1606 2671 1675 2704 for-

971 2723 1066 2755 nices
1080 2721 1255 2753 ductuum.
1657 2723 1668 2730 '

1019 2777 1061 2806 28
1086 2774 1129 2806 Et
1144 2773 1303 2805 innumero
1322 2773 1459 2813 pendens
1482 2773 1675 2806 tramitti·
