1800 3060
569 255 844 288 svmmnura
881 254 976 285 mn.
1003 254 1073 284 ιιι.
1103 243 1145 284 3,

1489 241 1575 283 347

126 359 254 401 Laeta
270 355 425 398 dehinc
447 353 600 404 series,
622 353 847 406 variisque
867 364 924 392 ex
945 350 1094 392 ordine
1116 350 1234 391 curis

126 426 298 468 Auctus
316 424 480 474 honos;
512 433 774 475 semperque
793 418 954 472 gradus
975 430 1118 472 prope
1139 416 1336 468 numina,
1358 427 1533 470 semper

125 493 380 536 Caesareum
397 491 589 533 coluisse
609 489 741 538 latus,
764 487 991 540 sacrisque
1009 486 1204 527 Deorum

1521 482 1579 524 65

125 560 315 603 Arcanis
333 559 496 600 haerere
518 557 692 599 datum:
722 555 932 597 Tibereia
950 554 1139 609 primum

123 626 244 670 Aula
260 627 357 679 tibi,
387 627 467 668 vix
486 625 590 667 dum
611 637 691 666 ora
710 636 828 665 nova
848 625 1047 664 mutante
1075 621 1271 676 juventa,

125 695 341 739 Panditur
359 708 370 737 z
400 693 489 745 hic,
511 692 639 735 annis
660 691 800 732 multa
820 703 959 745 super
974 689 1121 731 indole
1142 689 1292 740 victis,

125 763 331 806 Libertas
352 761 503 804 oblata
522 759 670 817 venit:
700 770 781 799 nec
802 758 1031 812 proximus
1052 756 1212 806 haeres,

126 830 314 874 Immitis
333 840 588 884 quanquam
607 829 654 868 et
672 824 802 866 furiis
822 824 1032 878 agitatus,
1053 823 1214 875 abegit.

126 897 264 939 Hunc
283 900 327 938 et
345 896 393 938 in
410 895 604 937 Arctoas
626 894 770 935 tenuis
790 905 942 935 comes
964 905 1105 947 usque
1122 891 1306 946 pruinas

123 963 383 1006 Terribilem
403 962 537 1006 affatu
557 974 720 1017 passus
741 961 932 1016 visuque
953 965 1184 1016 tyrannum

117 1104 238 1146 floren
253 1104 329 1137 vita
343 1107 406 1136 ξω
420 1102 615 1143 mmsuit,
628 1103 797 1142 etsortima
816 1101 977 1143 gradatim
990 1102 1089 1133 crevit
1102 1101 1235 1133 diversis
1248 1100 1437 1137 muneribus,
1457 1110 1493 1131 ac
1509 1109 1579 1131 cou-

123 1158 241 1180 cemnn
264 1151 312 1180 eet
326 1147 384 1180 tibi
408 1146 525 1178 haerere
538 1146 629 1186 Diis,
654 1150 685 1177 et
709 1147 826 1187 stipare
850 1147 933 1177 latus
950 1146 1119 1184 Caesarum,
1137 1148 1168 1176 et
1182 1145 1330 1176 interesse
1343 1144 1441 1175 sacris
1461 1143 1584 1174 arcanis

124 1191 293 1223 murinam.
335 1190 440 1229 Regia
458 1189 576 1220 Tiberii
593 1189 729 1230 primum
745 1189 803 1220 tibi
815 1188 932 1229 patuit,
952 1197 1020 1218 cum
1042 1188 1098 1218 rix
1113 1187 1264 1226 juventae
1285 1187 1431 1226 lanugine
1446 1188 1582 1216 mutaret

123 1243 222 1273 genae
234 1236 316 1265 tuae.
360 1233 441 1272 Hic,
459 1231 589 1272 egregia
602 1233 704 1263 indole
727 1240 824 1262 annos
844 1234 1021 1272 superante,
1042 1230 1102 1261 tibi
1116 1230 1232 1269 obtigit
1245 1229 1383 1261 libertas.
1430 1229 1497 1260 Nec
1509 1238 1581 1268 pro·

122 1276 259 1317 pinques
279 1276 344 1314 eju·
368 1283 534 1313 succensor,
558 1284 731 1315 quanquam
757 1283 846 1315 asper
871 1278 903 1305 et
919 1272 1075 1312 surio-rue,
1096 1276 1128 1304 te
1147 1272 1314 1312 ablegavit.
1361 1271 1455 1303 Hunc
1481 1270 1583 1302 tenuis

124 1328 225 1351 coi-ee
247 1328 342 1360 usqne
364 1319 406 1350 ad
430 1317 687 1359 Septentrionem
712 1318 863 1358 gelidam,
887 1316 990 1348 tulisti
1012 1318 1180 1357 tyrannum
1201 1314 1370 1348 terribilem
1394 1314 1526 1356 alloquio
1550 1316 1582 1346 et

734 1420 870 1435 ‘omn
874 1421 975 1434 ‘ecee

125 1501 328 1534 Pam.—oe
349 1499 464 1533 Parni.
479 1503 516 1531 et
531 1500 631 1531 Rom.
646 1508 819 1540 semperque
829 1499 933 1539 gradu
942 1508 955 1536 ‚·
975 1497 1011 1531 J.
1025 1497 1196 1529 Meurnius
1219 1505 1397 1538 semperque
1419 1494 1515 1536 gradi
1532 1495 1582 1527 le-

126 1543 274 1585 gendum
288 1545 507 1575 censen-68
528 1542 753 1574 Markaaudus
769 1542 856 1581 conj.
870 1551 985 1581 magna
998 1551 1092 1582 super
1105 1541 1230 1578 indole‚·
1253 1540 1319 1576 vel,
1338 1540 1469 1580 pulchra
1490 1547 1583 1579 super

125 1586 240 1618 indole.
282 1586 292 1603 ‘
307 1586 438 1618 Vocula
450 1595 543 1626 super
555 1586 663 1617 otiosa
676 1585 731 1616 hic
747 1584 996 1626 quodammodo
1012 1584 1116 1623 est,si
1128 1593 1196 1615 non
1208 1581 1394 1614 mendosa)
1418 1582 1581 1613 Barth.—

126 1631 167 1660 ‘11
193 1628 280 1660 Hine
293 1633 324 1660 et
338 1628 373 1659 in
387 1628 521 1660 Arctoas
534 1628 646 1659 Parm.
663 1628 760 1659 Rom.
785 1632 822 1659 et
838 1631 908 1658 vet.
922 1626 1182 1667 Lindenbrogii‚
1202 1625 1292 1668 quod
1313 1625 1371 1656 ille
1391 1628 1583 1665 receperat.

128 1673 214 1703 -72
235 1671 419 1703 Terribilem
443 1670 543 1713 effatu
570 1671 753 1703 Rom—75
792 1669 1068 1711 Lindeubrogius
1095 1669 1317 1711 conjecerat:
1350 1669 1448 1699 multa
1478 1667 1582 1699 vivere

765 1770 907 1804 NOTAE

129 1858 167 1881 se
195 1846 324 1880 forma:
348 1846 563 1889 posterisque
593 1844 826 1878 transmissum

126 1899 218 1932 huuc
233 1907 339 1940 parva
349 1907 476 1930 cornua
488 1897 628 1929 habere.

169 1953 214 1984 ⁶4
235 1950 420 1991 Semperque
431 1948 568 1990 gradu]
593 1948 734 1988 Gradus,
749 1951 827 1984 βατ-

127 2001 186 2041 μδς
197 2001 335 2041 Graece,
349 2000 509 2042 dignitas,
522 2000 645 2041 supple
656 1999 735 2032 fuit.
760 2001 829 2031 Nu-

129 2051 230 2093 mina]
252 2051 499 2092 Imperatores,
521 2051 577 2092 qui
593 2055 672 2091 post
685 2054 828 2081 mortem

129 2102 165 2134 in
180 2102 294 2134 album
313 2101 466 2133 Deorum
481 2101 765 2132 inscribebantur.

171 2155 213 2185 65
228 2152 406 2193 Sao-ime]
423 2151 612 2183 SicTiberii
626 2156 662 2182 et
675 2150 829 2191 Impera·

131 2207 243 2236 torum
256 2204 267 2221 ‘
280 2211 385 2234 sacrae
394 2201 660 2242 occupationes:
673 2201 829 2242 Deorum]

129 2253 397 2295 Imperatorum,
410 2251 455 2283 ob
483 2252 649 2283 rationem
664 2261 768 2293 snpra
781 2252 828 2283 al-

132 2305 251 2336 latam.

173 2358 218 2388 66
240 2355 381 2387 Tibereia
403 2353 501 2394 Aula]
527 2353 570 2385 Id
592 2357 659 2394 est,
680 2354 758 2385 aula
774 2352 830 2384 Ti-

131 2405 222 2439 berii
244 2404 402 2446 Caesaris,
425 2404 484 2447 qui
510 2403 667 2446 Augusto
693 2413 827 2436 sncces-

130 2455 197 2490 sit-⁴

172 2510 216 2541 6⁷
235 2506 400 2549 Mutum]
421 2507 598 2548 Lanugine
622 2505 757 2538 scilicet
771 2514 828 2548 ge-

131 2558 186 2590 nis
220 2557 407 2600 irrepente,
442 2567 483 2590 ac
516 2561 673 2590 mutante
705 2556 829 2589 faciem

132 2618 218 2651 qus.

174 2662 218 2693 69
238 2659 382 2691 Liber-m
393 2658 496 2690 oblata
508 2657 610 2699 venit]
622 2657 664 2689 Id
680 2661 746 2698 est,
761 2667 830 2689 ma-

132 2709 298 2742 numissus
311 2708 378 2741 fuit
392 2708 559 2740 a'riberio
570 2709 746 2741 Etruscus.
763 2708 832 2741 Nec

131 2758 415 2800 promimltoeres]
438 2758 604 2798 Caligula.

176 2811 219 2840 70
235 2809 417 2849 Quanquam
429 2807 565 2845 etsta-iis
574 2807 731 2848 agilam]
746 2807 830 2840 Sue-

880 1844 993 1877 tonius
1017 1845 1173 1886 Caligula
1193 1854 1271 1885 cap.
1298 1848 1354 1877 50.
1398 1844 1585 1878 ‘Creditur

880 1894 1070 1937 (Caligula)
1087 1896 1282 1936 potionatus
1299 1905 1319 1927 a
1336 1895 1489 1927 Caesonia
1502 1905 1586 1927 uxo-

881 1955 932 1987 re,
965 1946 1129 1978 amatorio
1158 1945 1295 1988 quidem
1324 1946 1587 1988 medicamento,

882 1997 940 2029 sed
956 1997 1046 2040 quod
1062 1997 1096 2028 in
1114 1995 1263 2029 furorem
1278 1995 1457 2028 verteret?

924 2051 966 2080 ⁷1
989 2048 1031 2079 In
1045 2047 1180 2080 Arctoas
1204 2047 1349 2089 pruinas]
1378 2047 1504 2088 Tangit
1527 2057 1587 2080 ex-

882 2098 1097 2140 peditionem
1121 2098 1375 2138 Germanicam,
1397 2107 1498 2139 quam
1522 2098 1585 2130 Ca-

882 2149 989 2190 ligula
1016 2149 1167 2190 suscepit
1197 2147 1240 2179 de
1262 2148 1459 2188 improviso,
1473 2157 1586 2189 neque

884 2199 1028 2239 distulit,
1043 2198 1104 2231 sed
1119 2199 1178 2230 illo
1193 2198 1384 2239 contendit,
1400 2198 1586 2230 dilectibus

884 2251 1103 2283 acerbissime
1118 2251 1243 2292 ubique
1259 2250 1359 2282 actis.
1398 2249 1488 2281 vide
1502 2250 1586 2282 Sue-

885 2302 1016 2333 tonium
1029 2301 1063 2332 in
1081 2301 1249 2342 Caligula.

927 2354 970 2383 ⁷2
996 2351 1179 2384 Terribilem
1204 2350 1306 2392 affatu
1318 2350 1443 2392 passus]
1464 2351 1515 2384 Ut
1529 2353 1586 2384 cui

880 2411 1017 2442 semper
1029 2401 1149 2433 eadem
1165 2401 1332 2433 factorum
1347 2401 1585 2444 dictorumque

882 2452 1017 2484 saevitia
1042 2451 1185 2483 aderat:
1208 2459 1286 2482 nam
1308 2451 1392 2482 illud
1415 2452 1585 2493 tragicum

882 2501 1025 2534 subinde
1034 2501 1217 2543 jactabat:
1234 2501 1244 2519 ‘
1255 2499 1405 2541 oderint,
1419 2502 1500 2534 dum
1514 2512 1586 2534 me·

883 2551 1007 2584 tuant.’
1055 2550 1251 2593 Tyrannum]
1281 2551 1465 2583 Suetonius
1495 2552 1586 2584 Cali-

883 2603 987 2643 gula:
1027 2602 1197 2633 ‘Vultum
1221 2611 1303 2633 vero
1328 2606 1452 2633 natura
1478 2602 1588 2634 horri-

883 2653 963 2684 dum
986 2662 1027 2685 ac
1059 2657 1187 2685 tetrum
1214 2653 1317 2685 etiam
1350 2662 1393 2684 ex
1418 2652 1588 2685 industria

884 2701 1063 2743 efferabat,
1078 2711 1284 2744 componens
1300 2701 1343 2734 ad
1358 2703 1533 2742 speculum
1550 2703 1586 2734 in

885 2765 1017 2787 omnem
1033 2760 1198 2787 terrorem
1215 2763 1255 2785 ac
1271 2752 1508 2786 formidinem:
1535 2746 1538 2747 ⁷
