1800 3060
204 185 290 228 128
702 194 751 230 r.
785 198 978 229 PAP1N11
1012 198 1178 230 STA‘rn

204 292 390 342 Balnea,
411 297 457 334 et
477 292 735 346 impositum
750 293 861 348 ripis
880 294 1131 347 algentibus
1152 296 1325 349 ignem?

206 359 389 414 Quique
410 361 677 414 vaporiferis
691 361 876 415 junctus
899 361 1160 404 fornacibus
1181 365 1324 406 amnis

202 427 342 469 Ridet
363 427 622 469 anhelantes
643 429 791 470 vicino
812 429 992 470 flumine
1013 430 1233 484 nymphas
1248 433 1267 472 ’ῑ

199 495 311 536 Vidi
329 499 463 544 artes,
484 500 772 550 veterumque
795 509 969 546 manus,
992 497 1216 552 variisque
1237 501 1420 542 metalla

198 562 321 604 Viva
341 563 509 604 modis:
541 563 666 604 labor
684 567 753 605 est
775 564 869 604 auri
891 577 1138 606 memorare
1158 565 1336 620 figuras,

197 631 294 673 Aut
313 632 434 681 ebur,
454 634 533 672 aut
548 631 702 684 dignas
723 632 876 685 digitis
897 633 1152 686 contingere
1174 646 1386 687 gemmas.

199 696 429 753 Quicquid
449 703 495 740 et
515 704 698 752 argento
719 699 909 754 primum
930 700 1003 742 vel
1024 702 1069 741 in
1089 714 1176 743 aere
1202 701 1406 757 Myronis
1612 708 1668 749 50

199 821 380 871 impositum
406 821 523 861 gelidis
543 819 651 862 ripis?
676 821 805 871 Quaque
820 821 946 862 fluvius
968 822 1191 862 praeterlabens
1209 822 1350 862 fumosos
1377 824 1524 861 caminos,
1557 825 1669 857 irridet

198 865 373 907 nymphas'
361 875 395 895 ιη
410 865 452 895 iis
465 864 739 903 oescuantesjuxta
754 865 869 905 ipsum.
903 864 1025 905 Aspexi
1038 869 1124 896 artes
1144 869 1174 897 et
1190 875 1301 897 manus
1314 866 1488 906 priscorum
1501 868 1671 910 artificum,

197 917 234 938 ac
249 909 374 939 metalla
387 908 474 939 varie
493 908 701 948 exprimentia
717 908 803 938 vivos
815 909 930 939 vultus.
980 909 1085 949 Opera
1100 911 1146 939 est
1167 917 1331 940 numerare
1345 919 1456 941 aureas
1475 914 1504 942 el
1521 910 1669 943 eburneas

197 950 363 992 imagines,
379 954 435 982 aut
445 961 597 992 gemmas,
610 961 679 991 quoe
694 954 887 982 mererentur
899 952 1022 991 gestari
1035 951 1162 993 digitis,
1179 954 1210 983 et
1223 952 1371 994 quicquid
1384 963 1494 985 manus
1508 954 1667 996 Myronis,

810 1055 1050 1069 eeeeeeeeeeee

195 1135 280 1166 —45
305 1134 396 1175 Qaaq
397 1143 434 1166 ue
449 1143 566 1166 omnes
583 1133 682 1166 codd.
699 1137 734 1165 ct
750 1132 829 1165 edd.
852 1136 938 1165 vett.
963 1133 1109 1165 mutavit
1134 1131 1260 1166 Markl.
1304 1133 1376 1166 Pro
1391 1133 1524 1174 junctus
1538 1137 1665 1170 venet.

196 1178 226 1209 1.
244 1178 356 1209 unctis.
359 1180 447 1209 -46
471 1178 516 1210 Ν.
541 1177 663 1208 Heins.
693 1177 794 1208 vicino
810 1176 938 1217 frigore
965 1187 1007 1207 ex
1035 1176 1155 1208 codice
1184 1178 1430 1219 manuscripto.
1433 1181 1518 1211 —47
1543 1179 1666 1215 Quidve

194 1220 416 1252 artesHeins.
434 1221 519 1251 etin
545 1220 686 1251 ineditis
703 1220 793 1251 Adde
818 1224 913 1251 artes.
917 1222 1003 1251 -49
1024 1219 1214 1251 Sabellicus
1242 1220 1283 1251 ad
1310 1221 1401 1253 Plin.
1420 1219 1532 1263 affert,
1553 1223 1666 1262 digitis

192 1263 430 1304 constringere;
453 1264 517 1295 Vir
533 1263 676 1294 doctus
669 1273 702 1294 m
719 1264 869 1304 exempl.
887 1262 987 1294 Gott.
1009 1264 1124 1302 dignas
1138 1263 1258 1303 digitos
1280 1265 1459 1304 contingere
1471 1275 1620 1304 gemmas.
1623 1284 1666 1290 ——-

193 1307 237 1337 50
260 1307 389 1337 Markl.
406 1306 495 1347 conj.
515 1307 672 1347 Quicquid
687 1309 717 1338 et
731 1310 863 1345 argento
875 1306 1071 1346 Phradmon‚
1086 1306 1139 1337 vel
1153 1306 1320 1356 Quicquid
1323 1310 1353 1338 et
1369 1311 1500 1346 argento
1513 1308 1665 1346 Mentor,-

194 1355 231 1381 et
247 1358 326 1380 mox
340 1349 496 1381 Zeuxidis
521 1352 575 1380 aut
600 1350 687 1380 vario
712 1359 833 1388 manus,
859 1350 912 1390 ἔμ’.
960 1349 1082 1381 Heins.
1110 1350 1200 1391 conj.
1224 1349 1320 1390 primi
1338 1372 1346 1381 .
1361 1373 1390 1382 ..
1407 1350 1564 1392 Myronis.
1609 1351 1665 1384 Cf.

193 1392 357 1433 Propert.
375 1401 398 1423 1
413 1393 445 1424 ⁷.
463 1395 495 1424 3.
541 1391 639 1424 Idem
654 1392 687 1423 in
705 1391 853 1423 Advers.
870 1402 905 1433 p.
922 1394 995 1424 606.
1013 1397 1049 1423 et
1066 1392 1177 1433 Epist.
1192 1392 1320 1433 Syllog.
1342 1393 1438 1425 Tom.
1456 1402 1508 1425 ιν.
1531 1404 1563 1435 p.
1586 1397 1664 1427 429.

192 1436 322 1467 voluit:
346 1440 476 1475 argento
490 1435 585 1477 primi
599 1436 704 1476 Myos,
726 1439 784 1466 aut
800 1435 897 1476 prisci
912 1435 1025 1476 Myon
1046 1438 1082 1466 et
1095 1445 1142 1466 vs.
1164 1445 1236 1477 seq.
1258 1436 1392 1477 Lysippi
1414 1437 1532 1468 enormi
1554 1447 1664 1470 manus

192 1482 240 1510 est
255 1482 385 1519 experta
400 1480 525 1517 colosso,
549 1479 601 1509 vel
618 1478 810 1528 Lindeqque,
831 1480 883 1518 ᾅτ.
929 1478 970 1509 In
984 1478 1124 1518 scriptis
1149 1478 1245 1509 libris
1268 1479 1362 1510 nulla
1389 1479 1533 1511 varietas
1549 1485 1662 1522 extat,

192 1521 257 1553 nisi
274 1522 365 1564 quod
382 1521 601 1553 Urat.11abet
618 1521 746 1552 minoris
762 1531 827 1571 pro
840 1520 995 1562 Myronis.
1042 1522 1167 1553 Venet.
1185 1525 1222 1552 et
1239 1522 1354 1553 Parm.
1371 1523 1488 1553 enormi
1513 1533 1555 1554 m.
1583 1533 1610 1555 e.
1635 1532 1662 1555 e.

193 1566 319 1597 colosso.
367 1565 531 1598 Heinsius
559 1564 684 1597 etiam:
708 1564 828 1596 enormi
851 1574 962 1596 manus
989 1565 1152 1606 explorata
1176 1565 1301 1596 colosso.
1349 1565 1469 1596 Malim
1493 1566 1661 1608 superiori

853 1663 884 1695 N
891 1661 995 1695 0⁷1¹AE

233 1740 275 1772 45
302 1739 424 1781 Quique
438 1738 625 1780 vaporiferis
636 1739 768 1779 junctus
787 1738 899 1779 sorna-

189 1791 277 1823 cibus
298 1790 399 1822 amnis
413 1790 511 1822 Ridet
525 1790 704 1821 anhelantes
722 1790 823 1821 vicino
830 1789 897 1830 flu-

189 1844 274 1874 mine
287 1840 452 1884 nymphas]
477 1841 666 1880 Domitius,
677 1851 739 1882 per
748 1841 896 1873 anhelan-

188 1896 236 1924 tes
260 1892 424 1935 nymphas,
447 1892 612 1933 intelligit
638 1891 794 1932 Albulas,
818 1901 895 1933 quae

186 1953 284 1985 aquae
310 1947 392 1974 sunt
415 1943 523 1984 ipsius
548 1942 690 1974 Anienis
715 1947 810 1974 terra
835 1942 894 1974 ab·

188 1993 300 2034 sorpti
315 1997 350 2025 et
366 1993 400 2025 in
424 1993 566 2034 planitie
586 1993 765 2024 Tiburtina
781 2002 895 2024 rursus

188 2044 408 2086 emergentis.
451 2043 500 2076 At
516 2044 627 2076 male:
652 2054 730 2075 nam
750 2044 803 2076 11ae
827 2044 896 2075 dis-

188 2096 264 2128 sitae
295 2106 316 2127 a
346 2096 428 2127 villa
453 2095 588 2134 Manlii,
614 2105 678 2127 nec
702 2095 896 2136 junguntur

186 2145 375 2188 vaporiferis
380 2146 566 2186 fornacibus
578 2146 790 2177 balneorum.
825 2146 893 2177 Sed

186 2198 262 2229 haec
276 2197 321 2229 de
337 2196 471 2229 Aniene
500 2197 575 2238 ipso
592 2196 722 2228 debent
737 2196 893 2236 intelligi.

186 2248 269 2290 Ipse
293 2248 397 2288 Anio,
412 2247 536 2289 inquit,
551 2247 587 2279 in
612 2247 710 2288 cnjus
734 2247 817 2288 ripis
842 2246 894 2278 fu-

185 2303 282 2331 mant
296 2298 434 2339 balnea,
444 2297 533 2330 ridet
544 2297 814 2340 nymphas,(hoc
828 2302 894 2339 est,

186 2359 293 2391 aquas
317 2348 526 2391 balneares‚)
541 2349 739 2381 anhelantes
749 2358 820 2390 prae
843 2349 894 2380 ni-

185 2400 255 2432 mio
278 2399 427 2440 fervore,
444 2400 477 2431 in
499 2399 622 2432 balneo
639 2404 734 2440 puta,
749 2409 824 2430 cum
841 2403 892 2430 ta-

185 2460 263 2482 men
279 2453 348 2482 tam
363 2450 509 2482 vicinum
528 2449 676 2482 habeant
690 2448 816 2481 flumen
833 2458 891 2491 ge-

185 2501 305 2542 lidum,
321 2500 355 2532 id
375 2505 442 2541 est,
456 2501 638 2542 ipsummet
653 2501 834 2542 Anienem,
847 2499 891 2532 ad

185 2551 286 2592 cujus
316 2551 424 2592 ripam
447 2555 634 2583 exstructae
651 2551 797 2592 balneae,
823 2560 890 2593 quo

185 2606 307 2633 aestum
322 2602 438 2633 levare
455 2601 598 2642 possint.

227 2653 269 2683 47
298 2650 372 2683 Vidi
406 2653 503 2692 artes,
536 2654 733 2693 veterumque
768 2661 890 2694 manus,

184 2701 255 2743 asa]
278 2702 416 2734 Transit
431 2711 523 2734 nunc
538 2701 650 2733 Poe'ta
671 2702 713 2734 ad
736 2702 889 2744 descrip-

185 2754 312 2785 tionem
328 2753 500 2794 signorum
516 2757 552 2785 et
566 2753 750 2794 imaginum
767 2763 887 2794 argen-

952 1742 1083 1769 tearum
1110 1742 1147 1770 et
1178 1738 1420 1777 eburnearum,
1453 1747 1530 1780 quae
1558 1745 1662 1770 erant

949 1788 984 1820 in
999 1789 1181 1820 Tiburtino
1198 1790 1332 1820 Manlii.
1378 1789 1521 1821 Veterum
1535 1790 1661 1831 manus]

949 1839 1052 1880 Signa
1069 1840 1211 1881 antiqua
1230 1843 1266 1871 et
1282 1839 1491 1881 Archetypa.
1540 1839 1661 1871 Variis-

950 1899 1008 1931 que
1032 1891 1160 1922 metalla
1191 1890 1274 1923 Viva
1297 1890 1413 1932 modis]
1439 1892 1450 1908 ‘
1464 1890 1659 1931 Spirantia'

950 1940 1083 1972 scilicet
1095 1941 1105 1957 ⁴
1123 1940 1272 1972 molliter
1285 1951 1355 1972 aera
1370 1945 1406 1972 et
1420 1941 1487 1973 vivi
1503 1941 1597 1973 ducti
1615 1941 1659 1974 de

947 2001 1119 2023 marmore
1134 1993 1247 2024 vultus
1265 1991 1287 2024 :’
1327 1991 1444 2031 ἔμπνοα
1470 1991 1660 2034 Antipatro

949 2042 983 2073 in
999 2042 1156 2074 buculam
1173 2042 1330 2084 Myronis
1344 2054 1352 2073 ε
1375 2041 1525 2075 πλάττεις
1540 2041 1659 2082 ἔμπνοα

948 2091 1056 2124 καὶσὺ
1072 2092 1192 2134 Μύρων.
1237 2094 1369 2125 Formas
1391 2092 1546 2134 spirantia
1568 2097 1599 2125 et
1620 2097 1658 2126 tu

948 2153 1064 2185 quoque
1093 2145 1223 2185 Myron.
1269 2144 1415 2175 Noster:
1451 2145 1461 2160 ‘
1476 2144 1523 2174 Et
1552 2142 1657 2184 Poly-

949 2196 1070 2227 cletaeo
1080 2196 1215 2237 jussum
1228 2195 1319 2237 quod
1337 2196 1453 2227 vivere
1468 2194 1579 2226 coelo.'

991 2250 1034 2278 50
1056 2246 1220 2288 Myronis]
1243 2247 1298 2278 De
1313 2246 1462 2287 Myrone
1478 2246 1551 2278 haec
1568 2245 1656 2278 dicit

948 2297 1084 2328 Plinius
1112 2297 1172 2329 lib.
1197 2306 1333 2329 xxx1v.
1349 2306 1425 2337 cap.
1439 2299 1471 2329 8.
1514 2297 1524 2313 ‘
1539 2297 1655 2338 Myro-

921 2376 923 2378 ,
948 2355 1027 2378 nem
1043 2347 1240 2379 Eleutheris
1252 2352 1383 2386 natum,
1397 2351 1433 2378 et
1443 2346 1553 2386 ipsum
1563 2346 1655 2387 Age·

945 2398 1033 2429 ludis
1050 2397 1268 2438 discipulum,
1284 2397 1406 2428 bucula
1426 2397 1574 2428 maxime
1595 2406 1655 2428 no-

945 2449 1110 2488 bilitavit,
1126 2447 1310 2480 celebratis
1325 2447 1479 2478 versibus
1499 2446 1654 2485 laudata,

944 2499 1080 2541 quando
1105 2498 1216 2530 alieno
1240 2498 1398 2540 plerique
1419 2498 1558 2539 ingenio
1581 2507 1651 2529 ma-

945 2551 1008 2592 gis,
1022 2560 1123 2593 quam
1149 2560 1210 2582 suo
1234 2550 1541 2582 commendantur:
1564 2548 1652 2581 fecit

945 2605 981 2632 et
1003 2609 1137 2641 canem,
1163 2604 1200 2632 et
1224 2600 1435 2640 discobolon,
1459 2604 1496 2632 et
1520 2600 1652 2631 Persea

946 2655 983 2684 et
1012 2651 1147 2692 pristas,
1170 2655 1207 2683 et
1235 2651 1395 2694 Satyrum
1424 2650 1651 2682 admirantem

943 2702 1058 2742 tibias,
1073 2707 1110 2734 et
1122 2701 1328 2742 Minervam,
1341 2700 1547 2743 Delphicum
1559 2700 1651 2732 Pen-

944 2752 1082 2796 tatblos,
1127 2753 1403 2786 Pancratiasm:
1461 2751 1649 2784 Herculem
