1800 3060
242 189 330 236 336
745 203 785 234 P.
818 202 1010 234 ΡΑΡιΝιι
1044 202 1208 234 srArn

244 301 536 355 Prosequere,
551 302 595 340 et
617 298 756 341 Marti
771 299 996 353 juvenem,
1019 299 1136 350 Dea,
1156 299 1277 342 trade
1294 300 1470 343 Latino.

244 368 344 411 Nec
365 382 508 411 novus
527 368 692 422 hospes
714 369 823 410 erit:
851 381 962 423 puer
981 368 1050 410 his
1070 367 1251 411 sudavit
1270 369 1314 411 in
1331 371 1450 411 arvis

245 437 393 479 Notus
414 436 556 477 adhuc
577 439 745 477 tantum
763 436 950 492 majoris
970 450 1144 478 munere
1167 437 1312 480 clavi:

241 504 271 547 J
276 518 346 546 am
368 510 517 545 tamen
539 507 585 545 et
603 507 769 545 turmas
789 503 911 545 facili
932 511 1197 558 praevertere
1217 518 1324 560 gyro

244 572 404 623 Fortis,
427 575 471 613 et
492 571 614 612 ans
629 571 779 627 jaculo
795 571 1000 613 damnare
1019 572 1220 625 sagittas.

243 641 360 695 Ergo
383 640 468 682 erit
489 640 569 681 illa
589 639 704 689 dies,
723 652 814 693 qua
830 643 874 680 te
894 639 1064 694 majora
1084 639 1269 681 daturus

245 709 400 752 Caesar
419 709 475 749 ab
498 707 684 750 emerito
694 706 851 762 jubeat
871 706 1105 749 discedere
1124 706 1277 749 bello?

1623 505 1708 547 125

242 842 327 877 sunt,
341 841 373 870 et
388 838 459 870 Dea
473 838 562 868 trade
568 836 716 876 juvarem
730 833 884 867 exercitui
899 833 1026 865 Latino.
1072 833 1140 865 Nec
1154 843 1252 866 novus
1264 833 1327 866 erit
1346 835 1482 867 adum:
1514 844 1590 867 nam
1608 835 1708 868 his-in

242 882 317 914 locis
331 882 506 913 adolescens
521 880 646 918 meruit,
662 881 785 910 tantum
797 877 900 909 adhuc
915 876 1096 917 conspicuus
1110 877 1188 908 dono
1202 877 1260 909 lati
1274 878 1376 917 cluui3
1398 881 1429 910 et
1445 882 1548 910 tumen
1562 888 1599 910 ea
1612 882 1709 910 oetate

241 925 404 966 superabat
411 925 508 963 facili
521 933 601 964 gyro
616 931 721 954 omnes
734 921 866 962 equites,
881 923 912 951 et
928 920 1065 951 vincebat
1071 919 1178 959 jaculo
1191 920 1377 960 sagittarios
1395 921 1584 954 Orientale&
1618 922 1708 961 Ergo

241 968 322 1001 iliud
337 971 459 1009 tempus
473 967 590 1007 veniet,
604 975 665 1008 quo
682 966 789 996 Caesur
803 962 959 995 revocabit
974 966 1006 994 te
1020 964 1182 995 emeritum
1197 973 1217 995 α
1228 963 1318 1005 bello,
1337 964 1507 996 collatum
1523 964 1585 997 tibi
1597 965 1707 1007 aupli-

855 1036 1095 1050 OWOOOOOO‘OO

241 1098 276 1129 in
292 1096 452 1128 fecerunt
469 1096 627 1127 M.—125
644 1095 759 1126 Parm.
770 1097 948 1135 pervertere
956 1103 969 1131 ,·
982 1097 1110 1126 ceterae
1122 1102 1238 1125 omnes
1249 1096 1427 1134 prevertere
1438 1093 1492 1124 vel
1509 1096 1707 1134 prevertere.

243 1143 350 1172 -127
374 1140 456 1172 Vet.
480 1137 736 1179 Lindeubrogii,
761 1138 881 1179 majora
904 1137 1158 1169 daturam—129
1179 1136 1252 1168 Hoc
1274 1146 1330 1168 nos
1354 1136 1389 1168 in
1415 1135 1537 1169 eadem
1553 1141 1590 1169 et
1605 1135 1707 1170 Rom.

906 1233 1047 1267 NOTAE

288 1302 352 1335 122
377 1301 423 1333 Et
441 1300 547 1332 Marti
561 1301 653 1332 trade
668 1298 800 1340 Latino]
824 1298 874 1330 Eo
900 1298 949 1330 lo-

245 1352 373 1396 quendi
389 1351 503 1392 modo,
525 1350 637 1382 innuit
654 1349 823 1391 Papinius
846 1349 953 1381 Meti-

243 1413 300 1436 um
327 1402 466 1434 missum
496 1400 614 1440 fuisse,
641 1404 678 1432 ut
714 1398 953 1440 praeficeretur

246 1458 410 1495 tanquam
437 1451 595 1484 tribunus
620 1450 815 1483 laticlavius
843 1450 950 1491 legio-

243 1503 280 1536 ni
296 1504 472 1543 Romanae,
487 1511 563 1544 quae
577 1502 651 1533 haec
666 1500 743 1533 loca
757 1500 931 1532 servabat.

289 1557 352 1586 123
377 1554 447 1586 Nec
469 1563 566 1585 novus
589 1553 698 1594 hospes
722 1551 798 1592 erit]
830 1552 874 1584 In
898 1551 951 1583 his

245 1605 337 1637 enim
361 1605 444 1637 iocis
478 1604 690 1636 militaverat
713 1612 754 1635 ac
782 1608 954 1635 meruerat

244 1657 389 1689 Metius.
434 1655 500 1687 His
514 1655 596 1698 [hic]
618 1655 660 1686 In
678 1655 726 1686 his
741 1654 838 1687 locis.

290 1710 352 1740 124
375 1707 514 1746 Major-is
527 1707 622 1748 clavi]
658 1706 870 1737 Tunicarum
884 1704 952 1737 duo

244 1766 375 1799 genera
391 1762 504 1797 erant,
521 1767 598 1789 cum
615 1757 720 1789 clavis
737 1765 854 1797 uuum,
877 1756 954 1787 sim-

247 1809 330 1850 plex
361 1808 525 1840 aiterum:
550 1808 692 1850 baecque
716 1806 835 1839 tunica
859 1810 952 1838 ‘ase-

245 1858 322 1890 ma'
347 1863 492 1891 vocatur
518 1857 717 1898 Lampridio
741 1857 775 1888 in
804 1857 954 1888 Alexan-

244 1910 308 1942 dro
333 1910 475 1942 Severo.
537 1909 637 1942 Clavi
667 1914 781 1939 autem
809 1908 864 1939 vel
890 1907 954 1939 lati

244 1961 301 1992 vel
331 1961 469 2002 angusti
498 1964 617 1991 erant:
655 1959 764 1990 latum
792 1957 955 1990 ferebant

245 2020 378 2051 omnes,
405 2011 463 2053 qui
490 2011 545 2042 vel
576 2014 675 2050 patre
707 2014 867 2041 senatore
899 2009 954 2040 vel

242 2062 364 2104 equite
379 2061 451 2093 nati
462 2066 574 2100 erant,
590 2060 693 2101 idque
709 2060 752 2092 ab
769 2069 858 2092 anno
874 2065 955 2091 aeta-

246 2113 292 2145 tis
323 2115 377 2144 17.
400 2121 470 2154 quo
498 2111 607 2143 virilis
633 2115 715 2152 toga
745 2110 956 2150 sumebatur,

246 2161 605 2205 curiaequeinteresse
629 2167 794 2202 poterant
815 2170 859 2192 ex
883 2161 956 2192 Au-

246 2216 340 2257 gusti
355 2215 530 2256 instituto,
546 2214 603 2257 qui
613 2215 732 2246 liberis
747 2219 956 2254 senatorum,

246 2272 286 2300 ut
302 2266 413 2299 refert
426 2266 610 2299 Suetonius
627 2266 784 2307 Augusto
808 2275 885 2307 cap.
901 2267 955 2297 38.

246 2321 256 2338 ‘
271 2321 349 2353 Quo
370 2320 516 2352 celerius
542 2318 756 2360 Reipublicae
782 2326 955 2350 assuesce-

247 2376 338 2412 rent,
365 2371 523 2412 protinus
543 2370 677 2402 virilem
704 2374 820 2410 togam
849 2369 956 2400 iatum

231 2422 385 2454 ‘clavum
408 2421 554 2453 induere
584 2425 620 2452 et
651 2419 759 2452 curiae
788 2420 956 2451 interesse

251 2472 434 2514 permisit.’
468 2471 500 2504 A
515 2480 581 2513 qua
596 2469 848 2503 consuetudine
872 2469 957 2502 Ovi-

250 2523 328 2556 dius
344 2534 353 2556 z
371 2525 382 2541 ‘
396 2523 552 2555 Liberior
566 2522 671 2554 fratri
686 2526 799 2554 sumta
807 2522 958 2564 mihique

250 2579 332 2616 toga
345 2577 409 2606 est.
456 2573 687 2614 Induiturque
707 2572 854 2604 humeris
879 2581 957 2604 cum

251 2625 326 2657 lato
341 2632 496 2666 purpura
512 2623 633 2655 clavo:
677 2623 782 2655 Hunc
798 2622 960 2655 ferebant

252 2684 362 2717 usque
376 2674 419 2706 ad
434 2678 575 2706 aetatem
592 2674 820 2706 Senator-iam.
847 2673 959 2705 Iidem

252 2735 339 2766 ergo
361 2726 370 2743 ‘
385 2724 592 2765 Laticiavii‚'
620 2723 725 2756 iidem
746 2725 756 2742 ‘
771 2733 959 2766 capescen-

254 2774 306 2808 dis
327 2775 511 2809 honoribus
541 2774 733 2808 destinati.'
788 2775 951 2808 Tacitus:

1005 1302 1015 1316 ‘
1044 1298 1214 1331 Fabianus
1263 1298 1491 1340 capescendis
1525 1298 1708 1331 honoribus

1007 1350 1221 1384 destinatus!
1275 1351 1336 1383 Sin
1359 1355 1474 1383 autem
1495 1351 1709 1384 Senatorium

1006 1401 1207 1442 dignitatem
1235 1410 1304 1433 nou
1341 1401 1627 1443 adipiscerentur,
1655 1403 1711 1435 vel

1006 1452 1087 1495 quia
1109 1453 1255 1494 nolient,
1277 1452 1385 1485 otium
1414 1453 1598 1485 honoribus
1621 1463 1711 1495 prae-

1005 1504 1173 1545 ferentes,
1203 1508 1262 1536 aut
1286 1503 1367 1546 qnia
1384 1512 1452 1535 non
1476 1506 1637 1545 possent,
1660 1502 1710 1535 fs-

1008 1565 1091 1588 vore
1117 1555 1290 1595 destituti,
1315 1555 1387 1587 lato
1412 1554 1510 1587 clavo
1540 1554 1711 1595 deposito,

1007 1611 1191 1648 angustum
1219 1605 1409 1638 sumebant.
1452 1604 1610 1637 Instituit
1635 1610 1709 1637 tau-

1007 1657 1087 1690 dem
1118 1656 1317 1689 Alexander
1346 1657 1509 1696 Severus,
1543 1660 1584 1688 ut
1604 1656 1710 1689 Sena-

1007 1713 1120 1741 torum
1150 1707 1290 1749 propria
1319 1712 1411 1740 esset
1438 1707 1555 1740 tunica
1579 1707 1713 1740 laticla-

1007 1760 1084 1791 via:
1123 1759 1288 1801 Equitum
1324 1758 1584 1800 angusticlavia.
1609 1763 1614 1766 '
1642 1758 1713 1790 An-

1007 1815 1066 1843 tea
1082 1811 1173 1842 enim
1187 1809 1347 1841 sumsisse
1363 1809 1494 1851 equites
1515 1809 1623 1841 latum
1639 1809 1709 1842 cla-

1007 1870 1087 1892 vum
1104 1864 1240 1892 certum
1255 1863 1309 1891 est
1333 1868 1377 1891 ex
1403 1859 1468 1891 hoc
1490 1859 1609 1891 Ovidii
1622 1859 1711 1892 loco.

1010 1913 1117 1944 Erant
1133 1915 1169 1942 et
1185 1910 1315 1942 tribuni
1331 1910 1490 1950 militum,
1503 1910 1561 1941 alii
1580 1909 1713 1943 laticla-

1009 1963 1067 2002 vii,
1090 1962 1147 1994 alii
1170 1960 1422 2003 angusticlavii‚
1442 1960 1544 2003 bique
1572 1960 1712 1992 minoris

1009 2012 1199 2054 dignitatis,
1214 2012 1272 2044 alii
1284 2011 1432 2053 majoris,
1445 2015 1482 2043 et
1497 2019 1540 2042 ex
1555 2011 1621 2042 hoc
1635 2011 1714 2043 loco

1010 2068 1149 2096 constat
1177 2062 1325 2095 Metium
1350 2061 1541 2094 Tribunum
1570 2060 1714 2104 legionis

1010 2114 1131 2147 fuisse.
1594 2123 1599 2128 '
1725 2111 1729 2114 ’

1054 2167 1117 2198 126
1131 2166 1176 2197 Et
1191 2165 1275 2196 ans
1279 2164 1388 2205 jaculo
1403 2165 1552 2196 damnare
1560 2162 1714 2205 sag-itta]

1010 2216 1053 2248 Id
1071 2219 1134 2257 est,
1141 2216 1259 2258 jaculo
1276 2220 1488 2258 praevertere
1501 2215 1638 2256 sagittas
1656 2216 1715 2246 Eo·

1010 2277 1057 2308 as,
1071 2277 1132 2298 seu
1148 2266 1360 2298 Orientales·
1405 2267 1451 2298 Et
1473 2267 1538 2298 hoc
1559 2270 1636 2298 erat
1649 2266 1716 2307 sig-

1010 2327 1090 2350 num
1107 2327 1245 2350 summae
1261 2317 1490 2359 dexteritatis,
1512 2326 1552 2349 ac
1567 2317 1716 2359 ingentis

1011 2368 1141 2400 roboris
1171 2368 1207 2399 iu
1231 2367 1383 2408 brachio,
1420 2368 1558 2400 vincere
1581 2367 1713 2408 jaculo,

1011 2418 1100 2460 quod
1113 2427 1215 2450 manu
1228 2418 1465 2459 emittebatur,
1475 2419 1623 2459 saginas,
1636 2428 1713 2460 quae

1010 2479 1092 2502 arcu
1121 2469 1367 2501 emittebantur
1394 2479 1414 2501 a
1448 2469 1582 2511 populis
1609 2469 1713 2510 sagit-

1013 2520 1107 2552 tandi
1134 2519 1366 2562 peritissimis,
1395 2524 1435 2552 ut
1461 2523 1561 2552 eraut
1587 2519 1713 2551 Orien·
1764 2529 1768 2533 ‘

1013 2571 1120 2654 tal1322
1143 2620 1302 2662 Emerita]
1338 2620 1484 2653 Emeriti
1509 2619 1715 2653 dicebantur

1011 2672 1150 2712 milites,
1167 2672 1225 2714 qui
1245 2676 1399 2712 tempore
1426 2670 1559 2714 iegibus
1582 2671 1717 2714 pra-,sti-

1012 2726 1088 2757 tuto
1102 2731 1198 2756 arma
1211 2722 1373 2755 tulerant.
