1800 3060
231 199 317 240 448
730 212 770 241 P.
808 211 998 243 PAPmn
1034 213 1198 242 S‘rATn

406 308 436 350 J
441 321 511 350 am
532 310 711 362 pontuS,
731 320 784 349 ac
804 306 939 349 tellus
961 308 1174 359 renident,

462 376 566 418 Jam
590 376 813 431 Zephyris
833 375 1002 431 Aquilo
1023 378 1255 420 refractus.

353 444 483 486 Nunc
503 448 661 486 cuncta
687 457 876 485 vernans
896 444 1133 486 frondibus
1155 447 1311 488 annuis

351 512 541 554 Crinitur
560 514 717 565 arbos;
749 526 867 554 nunc
889 513 1120 555 volucrum
1143 514 1249 555 novi

409 580 628 631 Questus,
648 581 1022 635 inexpertumque
1044 595 1235 633 carmen,

465 648 596 699 Quod
617 650 758 691 tacita
776 653 968 691 statuere
987 650 1156 692 bruma.

351 715 456 758 Non
477 729 616 771 parca
634 717 781 768 tellus,
801 717 991 772 pervigil
1009 723 1054 759 et
1071 717 1214 768 focus,

350 783 627 840 Culmenque
649 786 789 827 multo
810 785 977 827 lumine
999 786 1223 828 sordidum

410 852 634 904 Solantur,
656 859 955 908 exemtusque
975 857 1104 904 testa,

467 920 569 972 Qua
589 922 724 964 modo
745 922 968 964 ferbuerat
989 922 1172 977 Lyaeus.

355 989 463 1032 Non
483 989 603 1031 mille
623 990 779 1032 balant
797 989 984 1044 lanigeri
1005 1002 1174 1044 greges,

351 1057 453 1100 Nec
477 1070 614 1099 vacca
635 1058 756 1100 dulci
777 1059 915 1111 mugit
935 1058 1158 1100 adultero:

407 1125 586 1180 Unique
605 1127 644 1168 si
667 1126 846 1180 quando
866 1126 1043 1168 canenti

471 1194 627 1236 Mutus
649 1207 753 1248 ager
773 1194 959 1236 domino
983 1194 1206 1237 reclamat.

1648 516 1703 558 10

1648 854 1704 897 15

1649 1195 1707 1237 20

235 1318 268 1347 et
294 1318 381 1347 terra
402 1314 518 1347 rident.
561 1315 638 1346 Jam
661 1314 777 1355 Aquilo
801 1317 924 1346 renisus
951 1318 998 1346 est
1022 1314 1182 1346 Favoniis.
1229 1314 1324 1346 Nunc
1349 1313 1448 1345 omnis
1471 1310 1563 1346 arbor
1576 1313 1710 1346 vestitur

235 1358 351 1390 annuis
365 1359 446 1390 eem's
457 1357 638 1397 frondibus.
688 1358 788 1389 Novae
803 1368 884 1390 nunc
897 1358 1030 1399 querelae
1043 1358 1148 1389 avium
1161 1361 1318 1397 resonavit,
1339 1359 1371 1388 et
1395 1356 1466 1388 novi
1490 1359 1612 1395 cunm,
1634 1365 1710 1397 quos

235 1402 396 1433 meditatae
406 1405 479 1433 sunt
493 1401 618 1433 silentes
628 1411 685 1442 per
700 1401 848 1442 hyemem.
893 1401 1033 1432 Parvum
1053 1410 1126 1432 vero
1149 1401 1313 1442 praedium,
1334 1400 1478 1440 ignisque
1501 1400 1657 1438 assiduus,
1677 1402 1709 1430 et

237 1445 346 1476 domus
362 1445 457 1476 multo
474 1443 565 1483 fumo
581 1446 688 1484 nigra,
709 1447 741 1476 et
762 1443 869 1475 vinum
891 1447 1085 1484 expromtum
1107 1444 1268 1485 amphora,
1290 1444 1325 1475 in
1349 1453 1411 1484 qua
1432 1443 1520 1475 modo
1533 1442 1710 1482 ferbuerat,

237 1497 294 1518 nos
307 1488 460 1519 solantur.
506 1487 598 1518 Mille
613 1488 730 1518 lanatae
745 1497 815 1518 oves
835 1497 896 1518 non
911 1487 1017 1519 balant
1037 1486 1128 1526 mihi,
1149 1496 1204 1518 nec
1219 1486 1354 1526 juvenca
1375 1486 1479 1527 mugit
1500 1486 1541 1517 ad
1562 1485 1709 1517 blandum

237 1534 428 1568 amatorem5
451 1533 482 1562 et
498 1530 553 1562 uni
566 1530 658 1570 mihi,
679 1531 708 1562 si
722 1540 797 1561 cano
811 1530 990 1572 aliquando,
1013 1530 1130 1562 tacitus
1144 1538 1270 1571 campus
1282 1528 1405 1562 domino
1425 1529 1601 1571 respondet.
1646 1526 1711 1560 Sed

852 1625 1090 1639 OOOOO‘OOOOOO

239 1690 436 1724 Gronovius
452 1691 487 1722 in
505 1691 613 1724 Obss.
629 1701 687 1723 ιιι.
703 1694 801 1724 6.-8
824 1692 940 1724 Parm.
955 1698 991 1724 et
1008 1693 1105 1725 Rom.
1129 1692 1206 1725 Jam
1223 1693 1386 1735 Zephyrus
1403 1690 1558 1732 Aquilone
1571 1691 1710 1730 fractus.

239 1737 305 1765 —9
330 1735 426 1766 Num.-
449 1739 561 1767 cuncta
581 1736 664 1766 veris
678 1735 822 1767 Venett.
839 1739 870 1768 1.
887 1738 919 1767 2.
937 1738 968 1767 3.
990 1738 1022 1768 4.
1050 1736 1169 1768 Parm.
1194 1736 1292 1768 Rom.
1319 1736 1457 1767 Vicent.
1484 1734 1582 1766 Brix.
1604 1733 1709 1766 Aldd.

239 1777 349 1808 Colin.
367 1777 503 1819 Gryph.
520 1779 628 1810 Basil.
644 1778 758 1810 Plant.
773 1781 839 1810 ὅτε.
885 1778 1038 1810 Mutavit
1049 1778 1372 1811 Markiandus.—15
1397 1777 1527 1810 Solatur
1552 1775 1608 1809 ed.
1636 1781 1707 1809 vet.

238 1820 586 1862 Lindenbrogii.—16
611 1822 769 1857 Quomodo
787 1820 925 1859 ferverit
941 1822 1059 1853 Parm.
1105 1822 1170 1858 Qui
1193 1823 1282 1853 modo
1298 1821 1446 1861 sert-erut
1467 1821 1566 1852 Rom.
1589 1825 1626 1851 et
1639 1818 1710 1851 vet.

238 1863 586 1901 Lindenbrogii.—1·1
614 1865 686 1896 Nam
706 1864 792 1896 mille
814 1864 918 1896 balant
944 1864 1086 1905 Iapigeri
1113 1866 1228 1897 Parm.
1255 1870 1293 1896 et
1319 1865 1503 1897 Rom—18
1526 1863 1597 1894 Nec
1619 1871 1711 1894 vacca

236 1907 326 1938 dulce
342 1907 508 1939 Romana.
552 1907 716 1939 Heinsius
733 1907 777 1939 ad
793 1907 898 1940 Ovid.
922 1908 1014 1940 Fast.
1030 1917 1065 1940 v.
1080 1911 1157 1940 400.
1180 1908 1246 1949 legi
1274 1908 1368 1940 vult:
1391 1907 1538 1946 afflugit
1559 1906 1711 1938 adultero.

907 2005 937 2037 N
945 2005 1048 2037 OTAE

283 2070 304 2099 8
320 2067 492 2110 Zephyris]
508 2068 689 2109 Zephyrus
702 2078 763 2100 seu
779 2069 950 2101 Favonius

240 2118 332 2150 veris
348 2118 445 2156 initio
457 2117 540 2150 flare
557 2119 692 2161 incipit.
714 2120 843 2161 Aquilo]
858 2121 950 2152 Ven-

1050 2072 1090 2102 14
1121 2071 1311 2111 Culmenque
1337 2069 1435 2101 nucleo
1464 2067 1582 2099 lumine
1609 2064 1711 2097 :offii-

1004 2120 1094 2161 dum]
1111 2121 1216 2152 Multo
1228 2120 1357 2161 lumine,
1372 2120 1621 2159 interpretatur
1635 2115 1710 2146 Mo·

243 2173 299 2200 tus
320 2169 636 2210 Septemtrioualis‚
661 2170 719 2212 qui
740 2171 862 2212 hyeme
878 2170 949 2203 flat.

242 2220 308 2252 His
326 2226 440 2252 antem
457 2220 619 2262 loquendi
635 2221 743 2253 modis
757 2222 869 2253 innuit
883 2222 949 2254 Pa-

242 2271 368 2311 pinius,
392 2271 551 2312 hyemem
579 2277 801 2313 transactam,
821 2282 950 2315 verque

243 2330 392 2352 venisse.

288 2375 324 2403 11
352 2372 571 2414 [inexpertum]
596 2373 686 2406 Quia
700 2373 786 2406 illud
799 2374 948 2406 nondum

242 2421 460 2454 cecinerant.

288 2474 329 2502 13
357 2472 464 2504 Parca
493 2473 600 2515 tellus]
639 2474 754 2514 Supra
780 2474 791 2492 ‘
809 2485 951 2516 parvum

243 2522 326 2554 rus!
353 2522 499 2562 Pervigil
509 2528 540 2555 et
545 2523 653 2565 focus]
669 2524 837 2556 Perennis
847 2526 952 2557 etiam

242 2572 341 2605 focus
365 2574 498 2606 solatur
512 2575 704 2607 Tibunum:
727 2577 738 2594 ‘
750 2576 841 2608 Dum
858 2586 952 2608 meus

244 2623 384 2656 assiduo
398 2625 515 2657 luceat
531 2626 611 2666 igne
627 2625 749 2660 focus!
794 2628 951 2660 Martiali

242 2675 253 2692 ‘
269 2675 451 2716 perennis!
497 2676 599 2718 Apud
626 2678 814 2710 Homerum
835 2680 950 2713 enim:

244 2725 422 2765 Αἶθομένοιο
437 2726 531 2767 πυρὸς
554 2728 761 2770 ’γεραρώτερος
776 2728 857 2762 οἶκος
873 2729 952 2761 ἰδέσ-

244 2778 304 2809 Θαι.
340 2778 478 2810 Lucente
491 2778 566 2816 foco
579 2780 686 2811 domus
698 2781 858 2820 pulchrior·
872 2781 951 2813 visu.

1006 2172 1110 2204 renus
1131 2172 1143 2190 ⁴
1156 2172 1271 2204 multis
1293 2169 1470 2203 fenestris’
1492 2172 1649 2210 apertum
1669 2175 1710 2197 ac

1007 2227 1128 2264 patens
1151 2224 1298 2256 culmen.
1341 2221 1411 2254 Sed
1436 2219 1591 2258 sallitat-3
1614 2216 1713 2249 intel·

1006 2273 1180 2313 ligendnm
1193 2279 1248 2306 est
1265 2273 1369 2314 enim,
1380 2272 1486 2303 multo
1501 2270 1590 2311 ignis
1605 2267 1709 2307 frumo,

1005 2333 1066 2355 seu
1092 2323 1238 2366 fuligine
1265 2325 1410 2366 nigrum.
1462 2321 1520 2354 Sic
1547 2318 1711 2360 Virgilius

1005 2376 1082 2408 AEn.
1099 2385 1184 2408 vrn-
1207 2375 1299 2407 ‘Hic
1322 2374 1430 2415 focus,
1456 2379 1492 2406 et
1514 2373 1615 2405 taedae
1636 2373 1711 2414 pin·

1005 2437 1102 2468 gnes,
1129 2428 1182 2459 hic
1209 2427 1375 2468 plurimus
1390 2426 1479 2467 ignis
1493 2425 1650 2464 Semper,
1673 2428 1710 2454 et

1005 2478 1143 2510 assidua
1158 2483 1278 2519 postes
1293 2477 1439 2519 fuligine
1454 2475 1567 2518 nigri!

1052 2532 1090 2560 17
1117 2529 1189 2560 Non
1214 2528 1299 2560 mille
1314 2528 1420 2559 balant
1433 2527 1567 2568 lanigeri
1579 2526 1709 2567 greges]

1005 2579 1162 2611 Imitatio
1184 2578 1396 2620 virgiliana:
1418 2580 1428 2596 ‘
1442 2578 1539 2609 Mine
1554 2586 1641 2610 meae
1657 2578 1710 2610 Si-

1006 2629 1092 2662 culis
1108 2634 1224 2661 errant
1239 2629 1272 2660 in
1288 2628 1455 2661 montibu·
1471 2631 1590 2668 agnae-²

1051 2683 1091 2711 18
1115 2679 1282 2720 Adultero]
1306 2678 1527 2712 Admissario.

1051 2733 1092 2761 19
1118 2729 1256 2771 Unique]
1281 2730 1365 2761 Mihi
1379 2730 1526 2763 scilicet.

1050 2783 1093 2812 20
1121 2781 1234 2812 Mutus
1255 2779 1349 2821 ager]
1380 2780 1470 2814 Quia
1497 2781 1530 2812 in
1558 2791 1600 2813 eo
1625 2780 1707 2812 nulii
