1800 3060
240 203 298 246 6ss

741 212 779 242 Ρ.
817 211 1007 242 PAPINH
1042 211 1208 242 STATH

242 309 504 351 Innumeros
527 306 629 350 aeris
649 307 838 358 sonitus,
861 311 904 348 et
924 307 1100 349 verbere
1119 307 1271 349 crebro

243 377 306 418 Ut
325 377 463 419 sensit
482 376 647 430 mugire
667 375 827 427 forum,
848 381 1000 417 movet
1019 376 1200 418 horrida
1219 378 1374 418 sancto

243 444 338 486 Ora
356 445 456 495 situ,
478 445 721 498 meritaque
742 447 876 498 caput
895 445 1146 487 venerabile
1166 457 1348 498 quercu.

1646 445 1703 488 ’70

241 511 312 554 Ac
331 513 520 567 primum
542 512 740 565 ingentes
759 513 957 563 habitus,
978 513 1211 567 lucemque
1233 525 1469 555 coruscam

243 580 443 634 Expavit
461 580 646 634 majoris
668 580 798 634 equi3
829 583 983 634 terque
1003 579 1143 622 ardua
1162 580 1314 622 mersit

244 647 375 689 Colla
395 648 496 689 lacu
518 646 750 700 trepidus:
781 646 916 689 laetus
929 659 1039 689 mox
1060 648 1249 702 praeside
1268 648 1381 698 viso,

244 715 392 765 Salve,
413 728 671 768 magnorum
692 715 838 769 proles
858 716 1115 770 genitorque
1137 716 1351 766 Deorum,

241 781 459 825 Auditum
479 783 604 837 longe
624 796 783 824 numen
799 783 930 826 mihi!
959 797 1075 826 nunc
1095 797 1196 826 mea
1214 783 1345 835 felix,

1644 785 1703 828 75

243 851 378 893 Nunc
399 850 652 893 veneranda
669 850 820 905 paluS,
844 863 947 893 cum
968 854 1011 893 te
1032 864 1174 906 prope
1194 864 1345 903 nosse,
1365 854 1577 907 tuumque

242 919 503 961 Immortale
517 919 652 973 jubar
671 919 826 960 vicina
846 918 949 960 sede
971 919 1086 960 tueri

243 987 515 1030 Concessum
534 1000 544 1027 z
577 986 715 1027 semel
736 989 890 1027 auctor
909 999 1006 1040 ego,
1027 986 1319 1042 inventorque
1338 987 1499 1029 salutis

241 1114 328 1154 ‹er-is,
343 1115 490 1154 etsorum
505 1125 650 1148 resonare
664 1115 752 1148 duris
765 1115 890 1156 ictibus,
902 1116 1018 1149 extulit
1024 1116 1145 1156 faciem
1159 1117 1318 1150 horridam
1331 1128 1418 1150 sacro
1431 1118 1553 1159 pedore,
1568 1121 1599 1149 et
1610 1120 1703 1158 caput

240 1160 449 1190 venerandum
463 1160 577 1191 merita
590 1169 713 1200 quercu.
757 1158 807 1191 Ac
824 1159 963 1200 primum
976 1161 1141 1193 exhorruit
1161 1160 1312 1193 immanes
1335 1161 1478 1203 amictus,
1503 1165 1534 1194 et
1540 1161 1706 1201 fulgentes

240 1200 348 1232 radios
358 1202 488 1233 maximi
502 1202 587 1242 equi,
606 1205 638 1233 et
649 1205 783 1234 tremens
796 1205 845 1234 ter
859 1202 1000 1234 condidit
1014 1206 1108 1244 caput
1128 1203 1164 1235 in
1183 1204 1295 1243 laeum,
1307 1204 1418 1236 deinde
1428 1203 1570 1244 gaudens
1582 1206 1704 1245 aspecto

238 1243 380 1284 principe
391 1254 403 1276 .·
424 1244 529 1279 Salve,
546 1245 606 1284 ait,
619 1245 745 1285 soboles,
759 1248 791 1276 et
802 1247 896 1286 pater
910 1245 1086 1285 ingentium
1101 1245 1259 1280 Deomn:
1284 1246 1384 1279 Titum
1398 1257 1510 1279 numen
1524 1248 1615 1287 longe
1625 1245 1705 1278 mihi

241 1287 402 1324 cognitum
414 1291 471 1319 est.
518 1288 612 1319 Nunc
623 1288 707 1319 lacus
721 1298 808 1319 meus
825 1287 1013 1326 fortunatus
1027 1291 1076 1320 est
1089 1299 1126 1320 nc
1138 1285 1336 1326 reverendus,
1350 1300 1420 1321 cum
1434 1289 1512 1322 milii
1524 1290 1632 1321 datum
1645 1291 1705 1329 est,

242 1331 272 1360 te
287 1328 386 1368 Juxta
400 1334 553 1372 spectare,
569 1333 598 1362 et
614 1330 818 1372 contemplari
838 1341 855 1364 e
869 1330 970 1363 vicino
985 1331 1049 1363 loco
1064 1334 1151 1364 tuum
1163 1331 1372 1365 immortalem
1385 1332 1588 1374 splendorem.
1633 1331 1704 1372 Ego

242 1516 277 1544 et
287 1512 440 1545 GronoV.
452 1516 579 1545 servant
588 1512 686 1546 Urat.
698 1517 737 1545 ut
748 1513 839 1554 conj.
853 1513 973 1546 Heius.
984 1519 1019 1547 et
1031 1515 1130 1557 quasi
1140 1525 1234 1547 suam
1245 1515 1381 1548 emend.
1396 1516 1431 1548 in
1444 1519 1577 1547 textum
1588 1515 1706 1548 intulit

242 1555 456 1588 MarkL—GS
480 1556 567 1587 Edd.
589 1556 698 1598 antiq.
719 1565 796 1588 cum
822 1555 927 1590 Aldd.
948 1558 1061 1591 colia.
1084 1556 1217 1600 Gryph.
1240 1558 1340 1591 Lind.
1366 1563 1402 1590 et
1426 1559 1572 1591 Gevart.
1596 1558 1703 1596 aeris,-

243 1599 365 1631 Editor
381 1598 523 1631 Amstel.
547 1599 701 1631 Gronov.
722 1600 848 1632 Daum.
875 1604 912 1632 et
932 1600 1061 1632 Markl.
1083 1601 1169 1632 oeris.
1190 1601 1302 1634 Codd.
1319 1600 1399 1635 Seu.
1414 1601 1512 1633 vait.
1530 1604 1560 1633 1.
1574 1604 1606 1633 2.
1620 1603 1653 1633 3.
1668 1603 1703 1633 4.

242 1641 392 1674 Merseb.
417 1641 512 1674 Leid.
531 1642 680 1674 Vindob.
707 1642 790 1674 Par.
813 1642 992 1676 Drakenb.
1014 1644 1112 1676 Urat.
1135 1644 1246 1685 Capii.
1264 1644 1391 1676 Venet.
1410 1646 1442 1676 1.
1464 1644 1580 1675 Parni.
1603 1644 1704 1675 Rom.

242 1684 340 1716 Brix.
363 1684 501 1716 Vicent.
515 1685 654 1716 Venett.
676 1687 708 1715 2.
725 1687 757 1716 3.
773 1687 806 1717 11.
828 1684 935 1717 Aldd.
955 1686 1064 1718 Colin.
1092 1687 1198 1718 Basil.
1220 1687 1354 1728 Gryph.
1375 1688 1440 1719 διο.
1462 1687 1586 1718 verbere
1597 1687 1705 1727 crudo,

242 1727 330 1768 quod
345 1727 500 1767 reposuit
510 1727 612 1759 etiam
627 1726 805 1759 Handins:
829 1728 954 1760 verbere
968 1729 1074 1760 crebro
1089 1733 1142 1761 est
1155 1729 1355 1770 conjectura
1368 1729 1578 1761 Marklandi.
1621 1729 1703 1760 Sca-

243 1771 330 1810 liger
344 1771 434 1811 conj.
446 1771 554 1810 surdo,
570 1776 608 1802 ut
619 1775 716 1802 notat
733 1771 850 1802 Burm.
864 1771 1009 1803 cuicum
1023 1772 1150 1804 Markl.
1165 1781 1233 1803 uon
1244 1777 1340 1804 recte
1355 1771 1554 1804 emendasse
1570 1771 1702 1803 videre-

244 1818 312 1852 tur,
335 1813 409 1852 ipse
428 1813 567 1854 scripsit
591 1815 680 1845 duro.
702 1812 758 1845 Cf.
779 1813 889 1846 Theb.
915 1823 939 1845 ι.
961 1817 1038 1846 422.
1061 1823 1144 1846 vin.
1163 1817 1240 1846 432.
1264 1824 1302 1847 x.
1323 1817 1488 1846 swa—69
1510 1814 1642 1854 Magire
1654 1823 1702 1845 so-

241 1858 306 1888 lum
329 1855 426 1887 Leid.
451 1865 472 1886 a
496 1866 540 1887 m.
565 1859 706 1896 [πη-70
728 1856 848 1888 Barth.
871 1857 906 1888 in
927 1856 1067 1888 ineditis
1091 1857 1179 1898 conj.
1203 1858 1272 1889 Ora
1298 1858 1381 1890 nina.
1425 1856 1515 1888 Vide
1537 1856 1704 1898 Speuce’s

242 1899 433 1939 Polymetis
449 1908 483 1939 p.
506 1901 666 1931 233.—71
690 1898 738 1930 At
751 1898 887 1940 primum
909 1900 1034 1931 Venet.
1051 1902 1169 1932 1.-72
1184 1901 1311 1933 venet.
1329 1903 1360 1932 1.
1378 1899 1495 1941 tibique
1506 1901 1702 1932 ardum—⁷³

242 1942 368 1973 Venet.
381 1944 410 1973 l.
423 1942 566 1982 tepidum
590 1941 712 1973 Heius.
728 1942 820 1983 conj.
835 1942 1009 1982 trepidum:
1023 1943 1122 1974 Urat.
1138 1943 1308 1984 trepidans,
1318 1942 1410 1985 qnod
1421 1943 1575 1984 reposuit
1587 1942 1702 1974 Hand.

243 1984 370 2017 Ulitius
391 1985 426 2016 in
443 1984 530 2016 libro
544 1993 603 2016 suo
619 1985 790 2017 correxit:
806 1983 900 2023 fotus
911 1995 985 2017 nwx
997 1985 1130 2027 proeside
1141 1986 1308 2018 visa—¹78
1329 1986 1456 2018 Venet.
1472 1987 1503 2018 1.
1514 1990 1551 2017 et
1564 1985 1704 2017 Vicent.

899 2078 1046 2120 NOTAE

998 2158 1120 2190 latum.
1165 2157 1357 2199 Genitor-que
1375 2155 1532 2205 Deorum]
1551 2155 1703 2207 Propter

999 2207 1226 2250 filium,quem
1242 2213 1285 2239 ex
1296 2206 1454 2239 Domitia
1465 2212 1573 2238 uxore
1588 2206 1702 2237 snsce-

242 2168 305 2200 pro
320 2157 437 2190 infami
451 2161 486 2190 et
502 2157 607 2199 turpi.
651 2156 721 2190 Hic
735 2157 859 2189 veroin
873 2157 946 2189 lau-

243 2209 320 2241 dem
337 2209 518 2250 accipitur,
530 2218 591 2250 pro
602 2207 725 2250 insigni
742 2211 778 2240 et
793 2207 947 2240 celeber-

243 2261 344 2300 rimo,
359 2270 427 2302 quo
441 2258 635 2301 significatu
647 2258 738 2300 apud
751 2257 948 2300 Apuleium,

241 2312 410 2352 Tacitum,
432 2311 597 2352 Plinium,
613 2309 767 2352 aliosque
789 2313 946 2341 auctores

241 2360 382 2402 legitur.

285 2413 327 2442 70
349 2411 471 2443 Merita
497 2409 625 2453 quercu]
662 2409 704 2442 Id
729 2413 796 2450 est,
820 2419 947 2442 corona

243 2461 365 2501 civica,
395 2473 469 2504 quae
496 2473 625 2505 quercu
651 2460 849 2500 texebatur,
878 2470 947 2503 qua

243 2511 365 2544 donari
379 2512 533 2544 solebant
545 2513 580 2554 ii,
591 2511 647 2555 qui
664 2515 886 2544 servaverant
900 2510 947 2543 ci-

243 2572 304 2595 ves
331 2563 367 2594 in
403 2563 488 2595 acie.
533 2563 624 2594 Vide
655 2562 881 2595 Plutarchum
911 2562 947 2594 in

245 2613 377 2645 Quaest.
422 2612 547 2645 Auium
571 2613 721 2645 Gellium
735 2612 795 2646 lib.
819 2621 855 2644 v.
871 2621 948 2653 cap.

245 2666 276 2694 C».
293 2664 442 2695 Plinium
454 2663 514 2696 lib.
531 2673 608 2696 xvi.
624 2674 699 2704 cap.
715 2667 747 2696 4.

287 2716 328 2744 74
351 2715 542 2754 Magnorum
568 2713 684 2755 proles]
719 2712 875 2754 Scilicet,
904 2712 948 2745 ob

245 2769 379 2805 patrem
393 2764 642 2807 Vespasianum
667 2764 757 2797 inter
779 2764 872 2797 Deos
895 2773 949 2797 re-

1000 2262 1113 2299 petat,
1123 2258 1180 2300 qui
1194 2257 1384 2290 infantulus
1399 2260 1479 2299 post
1491 2252 1637 2289 mortem
1652 2255 1703 2287 in-

1001 2312 1055 2340 ter
1070 2309 1163 2340 Deos
1187 2308 1315 2340 relatus
1330 2311 1396 2348 est,
1412 2311 1451 2340 ut
1472 2304 1644 2348 colligitur
1659 2315 1703 2339 ex

1000 2363 1163 2400 argenteo
1178 2367 1326 2391 nummo-

1042 2412 1085 2441 78
1108 2409 1210 2441 Semel
1233 2411 1342 2440 auctor
1364 2406 1437 2448 ego]
1456 2405 1548 2441 Quia
1561 2405 1702 2439 Curtius

1000 2459 1034 2491 in
1049 2458 1350 2501 profundissimum
1360 2456 1490 2490 hiatum
1502 2466 1538 2490 se
1554 2456 1705 2499 projecit

1001 2507 1046 2541 ob
1075 2509 1220 2541 salutem
1254 2508 1374 2550 populi
1402 2508 1557 2547 Romani,
1583 2513 1624 2540 nt
1655 2507 1704 2539 ait

1003 2559 1136 2591 Festus.
1168 2559 1376 2600 Inventor-que
1390 2557 1519 2599 salutis]
1537 2557 1702 2590 Barthius

1003 2609 1150 2642 Advers.
1164 2609 1223 2641 lib.
1238 2618 1346 2641 xxxi.
1368 2618 1446 2650 cap.
1462 2610 1496 2641 8.
1510 2607 1704 2649 suspicatur

1001 2659 1160 2692 mendum
1191 2659 1331 2691 subesse
1351 2657 1422 2700 iric,
1453 2665 1490 2690 et
1516 2657 1703 2699 legendum

1003 2719 1091 2750 esse,
1117 2710 1268 2751 invector,
1292 2714 1355 2742 aut
1381 2708 1452 2742 tale
1479 2708 1562 2751 quid
1596 2704 1705 2749 magis

1002 2762 1079 2805 πρὸς
1099 2760 1259 2795 Διόνυσον.
1302 2760 1350 2795 Et
1370 2760 1420 2794 ait
1434 2769 1503 2794 non
1521 2759 1704 2793 admodum
