1800 3060
199 179 287 221 324

678 187 718 218 P.
753 186 941 218 PAPlNll
976 186 1141 218 STATH

200 286 360 328 Saevus
381 288 426 327 et
448 298 472 326 e
494 283 637 339 puppi
658 282 791 337 longo
812 282 1005 325 clamore
1034 281 1250 336 magister

202 353 415 407 Dissipat
438 353 691 407 amplexus,
713 355 846 405 atque
865 350 1023 392 oscula
1042 349 1133 392 fida
1151 348 1336 400 revellit,

202 422 248 464 Ν
250 435 301 464 ec
322 422 500 475 longum
523 433 626 462 cara
645 420 750 461 licet
769 419 815 460 in
837 419 1012 460 cervice
1033 417 1209 459 morari.

199 489 409 532 Attamen
430 490 475 530 in
498 493 637 530 terras
658 500 682 528 e
702 487 831 542 plebe
852 483 1118 528 novissimus
1139 485 1258 527 omni

201 557 303 608 Ibo,
324 570 404 599 nec
426 556 629 610 egrediar
649 555 735 597 nisi
749 555 846 610 jam
868 554 1047 597 cedente
1069 554 1236 596 carina.
1513 560 1517 565 '
1610 554 1666 596 60

205 625 322 677 Quis
346 625 466 675 rude,
487 629 531 666 et
552 624 804 666 abscissum
824 623 1000 664 miseris
1021 621 1316 664 animantibus
1337 633 1490 676 aequor

211 694 338 736 Fecit
359 694 476 735 iter?
509 692 759 746 solidaeque
778 692 884 746 pios
906 690 1079 734 telluris
1100 690 1304 732 alumnos

208 762 398 816 Expulit
416 762 459 802 in
479 761 657 811 fluctus,
679 761 930 815 pelagoque
946 759 1131 800 immisit
1148 758 1353 800 hiantes?

204 829 375 871 Audax
395 829 584 883 ingenii3
614 841 696 870 nec
717 828 831 869 enim
853 827 1085 869 temeraria
1102 826 1247 868 virtus

203 897 293 939 Illa
312 897 470 950 magis,
493 909 679 938 summae
702 895 900 949 gelidum
922 907 1024 949 quae
1048 893 1208 935 Pelion
1230 892 1363 935 Ossae
1609 893 1668 935 65

210 964 388 1015 Junxst,
411 964 782 1018 anhelantemque
795 963 919 1018 jugis
940 963 1010 1004 bis
1031 962 1198 1017 pressit
1220 961 1479 1016 Olympum.

203 1074 325 1103 arctam
338 1071 496 1103 tabulam.-
527 1081 596 1103 cum
611 1071 744 1103 crudelis
770 1071 960 1111 gubernator
974 1071 1110 1102 clamans
1131 1080 1149 1102 e
1170 1080 1272 1112 puppe
1294 1069 1414 1109 disjicit
1438 1069 1613 1111 amplexus,
1633 1077 1672 1099 ac

204 1115 330 1147 dirimit
353 1115 522 1147 amicorum
545 1115 659 1152 oscula,
687 1125 743 1146 nec
767 1116 862 1146 datur
884 1115 1015 1146 multum
1041 1114 1161 1146 haerere
1186 1114 1221 1145 in
1243 1114 1356 1145 dilecto
1379 1113 1467 1145 collo.
1518 1112 1670 1144 Attamen

204 1158 334 1189 ultimus
347 1161 487 1190 revertar
500 1168 541 1190 ex
555 1161 622 1190 tota
643 1158 738 1189 turba
751 1158 792 1188 ad
814 1157 969 1197 tellurem,
990 1167 1045 1189 nec
1069 1158 1234 1197 discedam,
1258 1157 1320 1188 nisi
1337 1156 1408 1196 jam
1428 1156 1567 1198 prosecta
1580 1164 1670 1186 nave.

207 1201 288 1237 Quis
301 1201 417 1233 stravit
433 1201 516 1232 viam
529 1201 734 1241 infortunatis
759 1200 930 1232 homnibus
941 1210 1000 1242 per
1013 1200 1166 1240 ignotum,
1181 1203 1211 1232 et
1232 1201 1416 1242 praeclmm
1430 1209 1515 1230 mare
1525 1196 1542 1230 :1
1564 1200 1596 1230 et
1610 1197 1670 1228 im·

202 1244 288 1285 pulit
303 1244 337 1276 in
343 1244 463 1285 fluctus
483 1244 552 1286 pios
567 1245 708 1276 alumnos
720 1244 830 1276 solidae
843 1244 978 1284 tenuris,
991 1246 1022 1274 et
1045 1253 1096 1275 eos
1111 1243 1191 1274 inari
1205 1243 1358 1274 commisit
1372 1242 1479 1283 opum
1493 1241 1648 1274 inhiantes
1657 1243 1673 1271 ?

205 1286 421 1326 Audacisfuit
437 1286 488 1319 iue
510 1288 619 1326 animi,
643 1297 698 1318 nec
721 1286 879 1318 temeritas
894 1287 966 1326 fuit
990 1286 1100 1326 major,
1121 1296 1188 1327 quae
1214 1286 1361 1327 imposuit
1380 1285 1542 1325 frigidum
1559 1283 1670 1315 Pelion

204 1339 353 1371 suprema-
371 1331 472 1372 Ome,
486 1334 516 1362 et
529 1331 678 1371 gravavit
684 1330 886 1369 fatiscentem
905 1331 1070 1371 Olympum
1083 1330 1218 1371 pondere
1232 1330 1362 1361 duorum
1375 1329 1538 1360 montium.
1566 1327 1671 1367 Usque

818 1412 1059 1426 eeeeeeeeeeee

207 1463 310 1493 monet
326 1471 339 1498 ,·
362 1463 431 1494 vet.
447 1459 691 1501 Lindenbrogii
707 1462 739 1492 et
763 1468 890 1500 nequeo,
915 1458 1055 1499 quamvis
1069 1457 1167 1490 omnis
1185 1460 1286 1490 movet
1299 1457 1509 1489 λοιπῇ-56
1531 1454 1640 1487 δἐι-ἐπε
1654 1465 1671 1488 e

204 1503 303 1545 puppi
326 1503 442 1535 Parm.
477 1503 576 1535 Rom.
600 1508 637 1534 et
667 1507 736 1534 vet.
770 1500 1038 1542 Lindenbrogii;
1061 1501 1172 1533 Soevns
1192 1501 1245 1533 ubi
1266 1510 1282 1532 e
1301 1500 1399 1542 puppi
1420 1498 1526 1532 Aldd.
1559 1498 1671 1530 Colin.

209 1547 342 1589 Gryph.
359 1547 467 1579 Basil.
486 1547 603 1579 Plant.
619 1547 686 1577 διο.
702 1545 810 1577 Soevus
832 1548 862 1576 et
877 1554 894 1577 e
906 1544 1003 1586 puppi
1018 1548 1071 1576 est
1086 1544 1288 1585 conjectura
1307 1542 1516 1581 Marklandi,
1530 1541 1590 1584 qui
1608 1549 1672 1583 pro

209 1590 302 1630 longo
327 1590 459 1622 clamore
480 1589 547 1631 legi
565 1589 669 1631 jussit
689 1598 802 1629 magno
816 1589 1047 1620 clamore—58
1063 1587 1133 1618 Pro
1150 1588 1222 1619 licet
1236 1587 1352 1618 Parm.
1368 1586 1474 1618 babet
1487 1585 1670 1617 valen—61

208 1633 349 1665 Venett.
364 1636 394 1665 1.
409 1636 439 1665 2.
455 1635 486 1665 3.
500 1635 532 1664 4.
551 1633 666 1665 Parin.
683 1632 781 1664 Rom.
795 1631 891 1664 Brix.
906 1630 1046 1662 Vicent.
1062 1629 1165 1662 Aldd.
1182 1628 1440 1671 Colin.Gryph.
1457 1628 1563 1660 Basil.
1581 1631 1672 1660 cete·

210 1684 258 1708 rae
269 1677 435 1708 abscissum
445 1687 458 1714 ;
475 1675 640 1707 Heinsius
655 1684 736 1706 vero
746 1674 788 1706 ad
802 1674 880 1706 Val.
895 1674 989 1705 Flac.
1000 1682 1025 1705 ι.
1037 1675 1111 1705 827.
1122 1673 1207 1705 citat
1217 1673 1381 1713 abscisum,
1395 1672 1524 1714 absque
1540 1671 1606 1702 ulla
1622 1669 1672 1701 di-

210 1721 384 1752 versitatis
397 1723 491 1752 nota.
504 1719 593 1750 Vide
609 1718 787 1750 Drakenb.
798 1717 842 1749 ad
853 1717 916 1749 Sil.
928 1716 1008 1749 Ital.
1025 1725 1090 1748 xv.
1100 1718 1263 1749 473.—-66
1279 1716 1484 1757 ‘Corruptus
1501 1719 1553 1747 est
1566 1714 1673 1750 locus,

879 1804 910 1836 N
917 1802 1020 1836 OTAE

253 1874 298 1903 56
321 1869 445 1911 Saevus]
461 1870 552 1903 Quia
563 1869 573 1888 ‘
586 1869 732 1911 dissipat
741 1869 918 1911 amplexus

211 1925 315 1964 atque
332 1921 449 1952 oscula
464 1920 534 1952 fida
545 1919 704 1953 revellit!

254 1974 296 2003 61
324 1971 403 2007 Quis
417 1971 505 2011 rude,
527 1970 596 2012 lisa]
619 1969 799 2002 Invehitur
820 1969 854 2001 in
877 1969 917 2000 il-

211 2023 294 2063 lum,
319 2022 375 2064 qui
403 2022 531 2063 primus
557 2031 658 2052 ausus
690 2024 741 2053 est
770 2029 807 2051 se
833 2020 917 2051 mari

212 2073 444 2113 committere,
479 2077 548 2104 tam
587 2070 692 2102 infido
733 2071 916 2102 elemento.

211 2123 340 2156 Similis
353 2123 490 2165 querela
506 2122 598 2164 apud
614 2121 792 2153 Horatium
810 2130 835 2153 1.
848 2121 918 2153 Od.

213 2178 244 2207 4.
261 2178 297 2206 et
312 2175 476 2205 Senecam
495 2173 530 2204 in
546 2171 685 2204 Medea.
720 2170 918 2212 Abscissum]

213 2226 419 2257 Desumtum
448 2223 490 2255 ab
509 2223 655 2255 Horatio
676 2223 752 2254 loco
776 2227 917 2254 notato:

214 2276 224 2293 ‘
243 2275 481 2317 Nequicquam
494 2275 590 2306 Deus
601 2272 749 2305 abscidit
765 2272 921 2304 Prudens

214 2335 344 2357 oceano
374 2324 583 2357 dissociabili
608 2325 743 2364 Terras,
759 2323 786 2355 si
806 2327 922 2354 tamen

214 2376 329 2416 impiae
353 2376 431 2408 Non
456 2375 631 2416 tangenda
653 2380 747 2406 rates
774 2373 922 2406 transili-

216 2430 280 2457 unt
309 2424 421 2457 vada.’
466 2426 476 2443 ‘
504 2425 706 2466 Disseptum
740 2423 922 2456 mundum'

217 2481 319 2508 vocat
334 2486 451 2518 aequor
466 2476 601 2508 Seneca
618 2477 655 2508 in
669 2475 808 2508 Medea.

259 2530 302 2560 62
326 2526 459 2567 Solidae]
484 2527 525 2558 Id
543 2531 607 2567 est,
623 2537 700 2569 quae
726 2536 793 2559 non
810 2535 923 2557 move-

218 2583 287 2618 tur,
304 2582 341 2610 et
356 2577 490 2608 stabilis
507 2582 574 2609 est.
601 2577 694 2618 Pios]
714 2577 757 2609 Id
777 2582 841 2618 est,
856 2586 923 2608 non

219 2638 355 2668 avaros,
379 2631 561 2659 contentos
591 2627 700 2663 bonis,
726 2637 802 2669 quae
831 2633 924 2659 terra

219 2681 366 2723 praebet.
410 2680 542 2711 Seneca
553 2679 700 2711 Medea:
722 2681 731 2697 ‘
749 2680 862 2711 Parvo
875 2679 923 2711 di-

219 2741 292 2771 νος,
314 2732 378 2763 nisi
397 2740 480 2773 quas
502 2730 630 2762 tulerat
647 2731 775 2762 Natale
801 2730 922 2770 solum,

972 1877 1038 1899 non
1056 1871 1156 1898 norat
1171 1865 1280 1907 opes.’

1014 1920 1055 1949 63
1080 1916 1236 1957 Hiantes]
1273 1915 1424 1956 Cupidos
1461 1922 1498 1947 et
1533 1915 1673 1947 nimium

971 1977 1105 2000 avaros.
1150 1968 1204 1998 Sic
1234 1965 1458 2008 Propertius:
1496 1966 1506 1983 ‘
1541 1966 1676 1998 Natura

973 2018 1136 2051 insidians
1162 2022 1307 2059 pontum
1329 2016 1519 2048 substravit
1542 2016 1677 2049 avaris!

972 2071 1063 2102 Vide
1079 2075 1114 2102 et
1132 2070 1287 2101 Persium
1303 2069 1375 2101 Sat.
1392 2072 1423 2100 5.

1015 2124 1058 2152 64
1080 2122 1198 2152 Audax
1225 2119 1362 2160 ingenii]
1397 2118 1576 2160 Loquendi
1607 2129 1676 2151 mo-

974 2172 1037 2203 dus
1049 2171 1223 2203 familiaris
1238 2171 1398 2212 Papinio,
1409 2177 1446 2202 ut
1461 2170 1471 2188 ‘
1482 2170 1597 2202 miseri
1607 2180 1677 2202 mo-

977 2222 1073 2262 rum,’
1088 2228 1125 2253 et
1149 2222 1230 2253 Silio
1257 2221 1392 2262 Italico,
1406 2226 1446 2253 ut
1461 2225 1471 2239 ⁴
1484 2219 1567 2252 felix
1585 2220 1680 2260 voti,'

976 2275 986 2292 ‘
1002 2273 1084 2305 felix
1095 2272 1190 2305 ausi.’
1227 2273 1260 2303 N
1263 2283 1297 2305 ec
1308 2273 1390 2305 enim
1400 2274 1566 2305 temeraria
1577 2273 1679 2304 virtus

978 2324 1038 2356 Illa
1062 2324 1176 2364 magis,
1197 2324 1270 2365 ssa]
1294 2324 1480 2365 Comparat
1506 2324 1679 2356 temerita-

978 2381 1046 2406 tem
1063 2375 1165 2414 iuius,
1182 2375 1237 2416 qui
1255 2375 1384 2416 primus
1408 2375 1558 2407 tentavit
1571 2384 1678 2415 mare,

977 2435 1052 2457 cum
1064 2425 1120 2456 iila
1129 2425 1327 2467 Gigantum,
1338 2425 1396 2457 ubi
1408 2425 1576 2467 impositis
1584 2434 1679 2456 mon-

979 2476 1071 2507 tibus
1087 2485 1190 2517 supra
1205 2481 1338 2507 montes
1354 2477 1540 2508 ascendere
1556 2475 1589 2507 in
1612 2485 1663 2507 coe
1677 2493 1680 2495 -

978 2525 1059 2567 lum,
1075 2531 1111 2558 et
1125 2526 1266 2566 Superis
1282 2526 1410 2558 bellum
1424 2525 1551 2557 inferre
1567 2530 1679 2558 tenta—

980 2581 1114 2608 verunt.
1165 2579 1257 2609 Nota
1272 2576 1390 2608 fabula
1401 2576 1605 2617 Gigantum.

1021 2631 1062 2660 65
1087 2628 1213 2669 Pelion]
1229 2629 1385 2660 Montem
1395 2627 1597 2660 Thessaliae.
1622 2629 1683 2660 0³-

977 2678 1038 2720 soe]
1062 2679 1150 2710 Ossa
1164 2688 1259 2710 mons
1274 2679 1304 2720 ej
1311 2678 1428 2710 usdem
1442 2679 1638 2711 Thessaliae.

1021 2733 1064 2762 66
1089 2729 1271 2771 Olympum]
1293 2730 1452 2763 Quatuor
1462 2734 1593 2762 montes
1603 2733 1683 2762 suut

1791 847 1800 871 ΔΙ.
1795 834 1800 838 ι
1792 783 1800 805 -ι
1786 385 1800 773 ιὺκιτκὲὶὴιεᾼ-ἰ-*ἠ-ι-ὴὼ
1795 360 1800 374 ,ι
1797 302 1800 306 Α
