1800 3060
571 173 848 207 SYLVARUM
886 173 983 203 mu.
1008 172 1039 202 1.
1069 161 1113 202 1.

117 273 379 325 Romuleae3
409 276 457 314 tu
477 272 594 314 bella
611 270 757 320 Jovis,
777 274 824 312 tu
843 268 997 324 praelia
1018 268 1181 318 Rheni,

115 341 187 384 Tu
205 341 337 383 civile
355 341 490 391 nefas,
511 345 559 382 tu
577 340 752 382 tardum
771 339 819 380 in
838 337 1011 379 foedera
1024 342 1236 386 montem,

1513 160 1569 201 67

1512 302 1570 378 'so

108 462 165 502 sui
176 462 269 495 semel
289 465 398 493 metor
411 465 442 492 et
456 461 600 492 inventor
613 460 723 492 salutis
739 459 903 498 Romonoe,
919 461 953 488 (a
968 456 1133 496 defendisti
1157 457 1280 495 Jorem,
1303 460 1339 488 tu
1354 458 1460 488 vicisti
1486 458 1572 490 Rhe.

115 516 203 547 nau,
216 509 253 538 ta
263 503 438 546 repr-mim·
450 504 559 535 civiles
570 506 684 544 notus,
698 506 734 534 ea
747 502 840 542 longo
855 500 931 532 bello
945 500 1103 540 subjecisti
1124 503 1258 532 mntem
1271 500 1389 532 [επέκιη
1401 501 1442 532 od
1455 501 1569 542 recipi-

725 596 967 610 mmo„

115 653 218 686 sin-uz.
233 652 355 686 Barth.
369 651 461 686 Adv.
478 661 588 685 xxxi.
603 655 636 684 8.
651 652 744 694 conj.
758 653 955 694 invector-que
967 651 1177 683 salatia—so
1191 650 1278 682 Post
1290 652 1423 681 montem
1439 656 1573 680 comma

116 696 256 729 sustulit
275 694 389 729 Hand.
411 705 491 728 nam
514 694 763 738 longitudinem
789 695 870 727 belli
893 695 1014 727 Dacici
1037 703 1099 735 per
1121 693 1271 735 quinque
1295 701 1401 724 annos
1416 691 1506 733 gesti
1521 689 1573 722 his

769 790 801 823 N
806 789 911 822 0¹1*AE

116 871 265 903 congrue
279 860 436 894 Curtium
450 861 522 894 diei
535 862 724 894 {emtor-em
735 861 818 893 salu-

118 912 162 945 tis
174 913 338 950 Rome,
352 921 430 944 eum
446 913 587 944 oraculo
600 912 655 944 vel
678 921 818 953 respon-

117 972 156 995 so
178 962 299 995 datum
319 961 440 999 fatum.
459 971 527 994 uon
553 962 728 994 inventurn
755 962 815 994 illi.

117 1012 188 1045 sed
202 1011 344 1053 fallitur,
359 1021 437 1044 nam
456 1011 576 1044 Livius
598 1011 716 1052 tradit,
730 1012 814 1045 Cur-

117 1063 202 1096 tium
221 1063 352 1096 oraculi
364 1066 514 1096 mentem
530 1062 750 1103 intellexisse,
773 1071 814 1095 ae

115 1114 299 1156 invenisse,
326 1123 394 1157 quo
425 1113 607 1156 plurimum
646 1114 815 1145 Romanus

117 1165 264 1208 populus
292 1169 430 1207 possen
463 1164 498 1197 in
527 1174 594 1206 quo
618 1172 702 1196 saue
726 1164 815 1196 salus

118 1214 332 1257 Reipublieae
354 1214 568 1255 versabatur,
593 1213 672 1246 idco
694 1214 816 1246 merito

116 1267 260 1300 invem
272 1266 396 1306 nutis,
410 1270 450 1299 nt
461 1270 559 1308 patet
568 1274 612 1298 ex
626 1265 718 1298 hisce
728 1265 816 1298 Uvii

118 1317 233 1350 verbis
258 1316 317 1350 lib.
339 1325 405 1350 vu.
449 1316 606 1349 ‘Eodem
635 1326 735 1356 auno,
756 1325 816 1349 seu

119 1372 214 1400 motu
242 1371 358 1408 terrae,
379 1377 440 1399 seu
465 1377 533 1410 qna
555 1367 587 1399 vi
616 1367 684 1398 alia
705 1366 815 1398 forum

120 1417 268 1450 medinm
294 1416 403 1450 ferme
431 1427 537 1460 specu
566 1423 665 1450 vasto
687 1417 815 1458 collap-

120 1476 207 1508 sum,
226 1468 260 1500 in
282 1467 479 1500 immensam
504 1468 718 1500 altitudinem
731 1467 815 1500 dici-

120 1524 198 1551 tur:
219 1527 328 1560 neque
349 1527 427 1551 eam
440 1519 648 1560 voraginem,
661 1528 739 1552 cum
754 1527 816 1560 pro

120 1576 159 1599 se
185 1567 328 1610 quisque
352 1575 501 1610 gereret,
514 1569 646 1610 expleri
665 1569 818 1610 potuisse

120 1617 227 1659 prins,
257 1627 358 1660 quam
395 1619 511 1650 Deum
543 1618 676 1651 monitu
710 1618 819 1661 queri

122 1673 285 1710 coeptnm,
297 1678 365 1711 qno
391 1669 570 1711 plurimum
590 1671 733 1712 populus
749 1671 819 1703 Ro-

121 1726 242 1750 manus
254 1719 398 1759 posset?
438 1719 483 1751 Id
496 1721 588 1752 euim
610 1721 659 1753 illi
672 1721 748 1753 loco
770 1720 821 1753 di-

123 1768 269 1800 candum
294 1773 394 1802 vates
419 1770 602 1812 canebant,
630 1771 661 1803 si
697 1771 820 1813 Remp.

122 1818 307 1852 Romanam
337 1824 540 1862 perpetuam
574 1830 650 1853 esse
684 1822 821 1854 vellent.

120 1869 206 1901 'l'um
219 1869 272 1903 Μ.
281 1869 435 1902 Curtium
443 1871 607 1912 juvenem
619 1872 711 1903 bello
724 1881 821 1914 egre-

123 1918 228 1960 giem,
249 1919 439 1961 castigasse
466 1919 586 1954 ferunt
613 1920 823 1963 dubitantes,

123 1978 168 2000 an
196 1968 303 2001 ullum
329 1969 437 2011 magis
464 1971 655 2003 Romanum
684 1971 823 2012 bonum,

124 2028 225 2060 quam
239 2028 334 2052 arma
346 2020 521 2064 virtusque
535 2027 638 2054 esset.
678 2023 824 2056 Silentio

123 2068 231 2111 facto,
254 2071 384 2112 templa
403 2071 559 2104 Deorum
583 2072 823 2106 immortalium

125 2129 203 2162 quae
225 2118 300 2152 foro
328 2120 518 2163 imminent,
548 2122 823 2166 Capitoliumque

125 2170 330 2212 intuentem,
346 2175 384 2203 et
397 2180 517 2203 manus
532 2181 622 2204 nnnc
641 2172 677 2204 in
691 2174 824 2216 coelum,

125 2220 262 2252 nuncin
273 2224 432 2262 patentes
443 2224 547 2254 teme
557 2222 668 2254 hiatus
678 2223 721 2255 ad
731 2224 825 2256 Deos

126 2279 244 2302 manes
279 2270 524 2313 porrigentem,
558 2281 597 2304 se
633 2272 824 2308 devovisse.

126 2319 226 2362 Equo
245 2320 372 2353 deinde
390 2331 492 2363 quam
518 2327 655 2364 poterat
678 2325 825 2358 maxime

128 2374 292 2403 exornato
314 2370 533 2413 insidentem,
548 2378 715 2406 armatum
736 2384 775 2407 se
788 2374 824 2407 in

126 2427 267 2463 specum
301 2421 494 2464 immisisse,
528 2423 686 2467 donaque
721 2435 826 2468 super

129 2481 207 2504 cum
218 2481 261 2504 ac
274 2471 392 2515 fruge·
413 2483 438 2505 av
447 2474 664 2508 multitudine
675 2476 824 2509 virorum

129 2527 168 2556 et
190 2524 368 2557 mulierum
404 2531 610 2568 congestas:
644 2529 823 2571 lacumque

130 2574 284 2608 certium
298 2585 366 2608 non
381 2577 425 2609 ab
439 2578 581 2620 antiqno
594 2579 654 2611 illo
666 2580 706 2611 Τ.
728 2580 825 2612 Tatii

129 2624 236 2657 milite
260 2626 381 2659 Curtio
395 2628 520 2669 Metio,
539 2629 598 2661 sed
622 2630 666 2662 ab
685 2631 749 2662 hoc
764 2640 825 2672 ap-

130 2675 316 2716 pellatum!
356 2678 413 2710 Sic
423 2680 434 2698 ‘
447 2679 586 2712 inventa
597 2681 689 2712 salus
699 2681 710 2693 '
726 2681 824 2713 Cice-

130 2725 206 2757 roni
220 2735 283 2767 pro
302 2728 409 2769 Sylla.
454 2731 464 2748 ‘
480 2731 566 2763 Cum
590 2731 723 2773 quoties
738 2732 826 2774 quis·

871 869 969 903 quam
999 864 1054 892 est
1076 859 1111 891 in
1135 859 1200 892 hoe
1224 857 1358 890 scelere
1383 858 1576 898 convictus,

871 911 973 943 toties
991 914 1176 942 renovetur
1198 908 1362 941 memoria
1377 917 1440 950 per
1453 917 1508 940 me
1524 908 1574 940 in-

870 965 984 992 ventoe
1000 960 1132 993 salutis.

911 1014 955 1043 79
979 1011 1027 1043 Ta
1042 1010 1121 1042 bello
1135 1009 1244 1052 donis]
1264 1009 1351 1042 Cum
1373 1008 1574 1052 capitolium

869 1067 989 1094 contra
1001 1060 1205 1093 Vitellianos
1219 1058 1386 1093 defendit.
1421 1060 1530 1092 Theb.
1547 1069 1575 1092 ι.

869 1113 880 1131 ‘
889 1112 960 1145 Aut
972 1111 1117 1144 defensa
1126 1111 1220 1154 prius
1236 1111 1294 1143 vix
1308 1111 1576 1152 pubescentibus

869 1162 964 1196 annis
979 1162 1079 1194 Bella
1092 1161 1213 1196 Jovis!
1258 1161 1306 1194 n·
1317 1163 1431 1203 praelia
1454 1162 1577 1203 Rheni]

870 1213 980 1246 Notat
994 1213 1114 1246 cattos
1130 1211 1245 1245 Rheni
1264 1213 1414 1254 accolas,
1428 1213 1538 1245 victos
1554 1221 1576 1244 a

870 1263 1079 1296 Domitiano.
1124 1263 1233 1296 Theb.
1259 1272 1287 1295 1.
1324 1263 1474 1305 ‘Bisque
1491 1264 1577 1306 Jugo

872 1314 1026 1347 Rhenum
1059 1313 1113 1346 bis
1148 1314 1306 1347 adactum
1349 1314 1481 1356 legibus
1526 1313 1578 1346 Is·

870 1364 985 1398 trum.'

911 1420 955 1449 80
980 1417 1029 1449 Tu
1040 1416 1130 1449 civile
1142 1415 1245 1458 nefas]
1267 1415 1438 1457 Intelligit
1449 1415 1578 1448 bellum

870 1468 971 1500 civile
986 1472 1115 1500 motum
1130 1477 1151 1499 a
1163 1466 1271 1499 Lucio
1286 1466 1452 1499 Antonio.
1493 1465 1579 1498 Sue-

871 1518 983 1550 tonius
1021 1517 1243 1550 Domitiano:
1278 1517 1288 1536 ⁸
1303 1517 1436 1549 Bellum
1474 1516 1578 1549 civile

870 1574 1001 1600 motum
1021 1577 1042 1600 a
1059 1568 1102 1600 1..
1118 1567 1269 1600 Antonio
1283 1565 1467 1609 superioris
1489 1566 1579 1598 Ger·

871 1619 993 1651 maniae
1020 1618 1166 1661 preside
1184 1617 1335 1651 confecit
1348 1618 1486 1659 absens,
1502 1617 1579 1649 feli-

871 1669 978 1702 citate
1004 1669 1108 1701 mirae
1140 1677 1218 1701 cum
1246 1669 1322 1710 ipsu
1347 1667 1579 1700 dimicationis

873 1719 959 1752 hora
971 1720 1138 1752 resolutus
1146 1724 1291 1761 repente
1303 1719 1456 1758 Rhenus,
1470 1723 1580 1750 trans·

875 1771 982 1802 ituras
1005 1770 1050 1803 ad
1074 1769 1262 1803 Antonium
1276 1769 1395 1812 copias
1410 1769 1581 1801 Barbaro-

875 1830 950 1853 rnm
987 1820 1203 1853 inhibuisset.
1245 1821 1305 1852 De
1338 1829 1406 1861 qua
1435 1819 1583 1852 victoria

876 1871 1052 1913 praesugiis
1066 1871 1173 1912 prius,
1188 1880 1290 1913 quam
1303 1870 1433 1902 nuntiis
1445 1877 1583 1911 compc-

874 1921 930 1953 rit.
973 1921 1011 1953 Si
1036 1921 1174 1963 quidem
1198 1921 1274 1962 ipso
1295 1930 1363 1962 quo
1385 1920 1584 1952 dimicatum

874 1975 949 2003 ent
973 1970 1043 2011 die,
1056 1975 1203 2003 statuam
1219 1971 1292 2012 ejus
1307 1970 1425 2003 Romae
1439 1970 1583 2011 insignis

874 2021 987 2064 aquila
1006 2021 1241 2062 circumplexa
1255 2021 1390 2063 pennis,
1402 2021 1583 2062 clangores

874 2073 1070 2106 laetissimos
1085 2072 1216 2105 edidit:
1241 2073 1411 2114 pauloque
1431 2078 1512 2114 post
1527 2082 1584 2104 oc-

876 2123 985 2156 cisum
1009 2122 1197 2155 Antonium
1221 2122 1309 2155 adeo
1324 2123 1500 2165 vulgatum
1517 2127 1584 2163 est,

877 2179 919 2208 nt
930 2178 1039 2216 caput
1051 2174 1127 2216 ejus
1140 2183 1277 2216 quoque
1299 2177 1522 2215 apportatum
1537 2173 1586 2205 vi-

877 2225 968 2257 disse
978 2235 1016 2257 se
1027 2225 1182 2267 plerique
1190 2223 1469 2257 contenderent:
1491 2223 1586 2255 Mon-

877 2275 955 2317 tm]
978 2276 1090 2308 Notat
1104 2275 1222 2308 Dacos
1243 2274 1438 2307 ‘montibus
1452 2274 1586 2307 haeren·

878 2326 958 2367 tes,‘
973 2332 1013 2358 nt
1028 2327 1078 2359 ait
1090 2326 1224 2366 Florus,
1234 2334 1320 2367 quos
1333 2325 1367 2357 in
1377 2324 1585 2358 deditionem

877 2377 1039 2419 aceepit3
1063 2377 1153 2409 unde
1180 2375 1377 2408 ‘Dacicus'
1412 2376 1589 2418 cognomi·

878 2431 976 2460 natus
991 2431 1059 2468 est,
1073 2425 1271 2460 auctoribus
1295 2426 1459 2459 Suetonio
1473 2431 1511 2459 et
1524 2427 1586 2460 Ju-

879 2480 1012 2513 vennli:
1040 2480 1051 2498 ‘
1062 2480 1149 2512 Cum
1177 2478 1276 2511 lance
1303 2478 1410 2511 beata
1435 2478 1586 2511 Dacicus

878 2533 916 2563 et
941 2530 1014 2562 lato
1036 2529 1197 2571 splendet
1221 2529 1449 2562 Germanicus
1478 2528 1587 2560 auro!

878 2581 924 2612 Et
939 2584 1055 2612 tamen
1070 2580 1182 2611 nullus
1204 2589 1373 2619 nummus,
1386 2580 1586 2620 nullumque

878 2635 977 2662 extat
1011 2637 1278 2672 monumentum,
1304 2630 1340 2662 in
1369 2639 1435 2671 qno
1464 2629 1587 2662 Dacici

879 2689 1067 2722 cognomen
1082 2681 1139 2713 sit.
