1800 3060
227 189 287 231 46
729 198 769 228 P.
801 197 995 228 ΡΑΡιΝιι
1027 196 1193 228 s'rA'rn

228 293 441 347 libellos,¹‘
459 294 535 349 qui
555 292 662 335 mihi
682 293 833 335 subito
854 293 1003 335 calore
1016 297 1031 315 ⁰
1063 297 1109 334 et
1138 291 1334 347 quadam
1352 290 1590 335 festinandi
1610 304 1687 334 vo-

228 363 398 417 luptate
431 359 690 412 fluxerunt‚⁶
711 373 811 402 cum
841 359 1001 414 singuli
1031 358 1085 400 de
1116 359 1217 401 sinu
1237 372 1334 401 meo
1354 359 1687 414 prodiissent‚⁷‘¹

231 435 521 485 congregatos
554 430 656 484 ipse
676 429 972 471 dimitterem.e
1031 426 1155 478 Quid
1176 427 1323 469 enim?
1353 425 1441 456 *ἔ*
1472 440 1653 482 quoque
1670 426 1687 451 ⁸

841 549 940 561 O‘m
942 549 1060 562 000000

231 637 310 661 nov.
325 628 446 660 Barth.
461 628 571 659 Veen.
587 630 624 659 et
638 625 762 667 Delph.
807 625 952 666 Epistola
965 626 1006 656 od
1028 625 1158 657 Stellam
1174 624 1207 655 in
1225 623 1428 665 quibusdam
1449 622 1534 655 aliis.
1577 622 1619 654 In
1634 632 1691 655 co-

231 671 309 703 dice
324 670 487 703 Leidensi
502 671 565 701 hoc
581 673 617 701 et
635 669 844 710 reliquorum
860 668 1022 700 librorum
1041 667 1214 700 Prooemia
1229 666 1545 698 desiderantum—3
1566 665 1693 698 Venet.

234 716 266 744 1.
282 723 358 755 quae
375 714 410 745 in
427 713 596 744 Biblioth.
611 711 798 743 Parisiensi
822 715 994 750 servatur,
1009 711 1158 751 cogitavi.
1203 709 1258 742 Cf.
1274 709 1347 741 Cic.
1364 708 1506 741 Orator.
1521 718 1597 749 cap.
1615 711 1694 741 1.-

232 759 253 788 4
275 757 285 774 ‘
302 756 389 788 Haec
405 765 472 788 vox
488 765 554 787 non
571 759 623 787 est
639 755 673 786 in
689 755 766 786 cod.
789 753 1004 794 Mei-seburg.
1049 754 1085 785 Si
1109 752 1279 792 Statiana,
1303 752 1440 783 videtur
1463 751 1690 792 trajicienda:

232 802 264 830 et
278 799 312 830 in
327 799 441 831 studiis
451 799 581 837 nostris,
595 807 655 839 qua
667 801 758 838 porte
772 796 900 828 voluisti
915 797 995 828 emin
1036 794 1178 827 tissime!
1201 795 1386 827 Barth—5
1404 794 1449 826 N.
1464 793 1586 827 Heius.
1603 794 1694 835 conj.

233 852 355 882 quoquo
366 845 458 883 parte
471 841 618 873 voluisti.-
641 840 831 872 Scriverius
846 849 927 871 vero
943 848 1022 871 corr
1044 839 1114 870 xit:
1131 838 1204 879 quia
1217 837 1332 878 patriis
1345 837 1496 875 noluisti‚·
1512 842 1694 878 utrumque

235 884 408 925 improbat
422 884 605 916 Hand.-6
629 883 686 915 Ita
709 883 836 914 venet.
863 885 895 915 1.
919 882 1037 914 Parm.
1053 881 1190 913 vicent.
1206 882 1305 912 Urat.
1322 884 1358 912 et
1374 879 1456 912 Par.
1482 880 1573 921 qnod
1595 879 1695 911 resti-

233 931 376 959 tuerunt
402 927 499 960 Jans.
523 930 561 959 et
582 926 737 958 Gronov.
755 925 924 967 fluxerant
948 925 1047 957 Rom.
1072 924 1195 955 Venet.
1210 926 1241 955 2.
1255 926 1287 955 3.
1301 925 1334 954 4.
1361 922 1458 954 Brix.
1481 922 1588 955 Aldd.
1616 925 1647 954 1.
1662 925 1697 954 2.

234 970 345 1002 Colin.
362 971 498 1012 Gryph.
515 973 546 1001 1.
562 972 595 1001 2.
625 968 730 1001 BasiL
757 969 862 1000 Bern.
891 968 1034 1000 Gevart.
1060 967 1140 998 Till.
1168 966 1271 998 Cruc.
1296 970 1334 997 et
1358 964 1487 997 Markl.
1509 966 1696 1007 effluxerunt

235 1014 465 1052 Burmannus,
486 1017 526 1044 ut
540 1012 623 1043 olim
637 1011 726 1053 conj.
738 1011 931 1043 MarkL--7
955 1010 1044 1042 Haec
1059 1009 1165 1041 lectio
1180 1008 1334 1041 Domitio
1349 1007 1533 1040 Calderino
1548 1007 1696 1040 debetur

234 1056 269 1087 in
286 1057 384 1088 Rom.
408 1061 444 1088 et
458 1056 538 1087 hinc
554 1059 699 1096 recepta
712 1060 765 1086 est
779 1053 813 1084 in
838 1053 914 1085 aliis
939 1052 1019 1086 edd.
1048 1051 1216 1093 probante
1242 1050 1470 1090 Markland03
1493 1052 1531 1083 de
1544 1051 1616 1083 sinu
1628 1061 1696 1083 meo

229 1108 290 1140 pro
461 1101 666 1138 congregatos
679 1097 714 1128 in
727 1096 865 1137 scriptis
877 1095 977 1127 codd.
993 1095 1104 1136 spatio
1116 1095 1238 1126 relicto
1252 1094 1313 1126 ‘ubi
1327 1094 1495 1134 integram
1510 1093 1697 1126 dictionem

235 1150 311 1173 esse
325 1141 502 1182 oportuit3
526 1141 573 1172 ita
587 1140 688 1172 etiam
705 1139 831 1171 Venet.
845 1142 876 1170 l.
892 1142 928 1170 et
943 1139 1057 1170 Parm.
1077 1138 1268 1179 prodiissent
1283 1137 1384 1178 plane
1401 1137 1528 1177 legitur
1541 1137 1577 1168 in
1592 1135 1696 1169 codd.

234 1185 335 1216 Urat.
351 1183 529 1215 Drakenb.
546 1187 584 1215 et
598 1183 711 1215 Paris.
734 1182 909 1222 prodissent
923 1181 988 1212 Til.
1008 1181 1202 1221 prosiluisset
1216 1179 1338 1211 maluit
1354 1179 1593 1211 nannius—8
1610 1179 1698 1216 Quia

234 1227 317 1259 enim
331 1229 451 1267 oportet
465 1226 556 1266 hujus
578 1235 696 1267 quoque
719 1224 820 1257 codd.
837 1224 938 1256 Urat.
954 1223 1135 1255 Drakenb.
1152 1229 1190 1255 et
1204 1223 1287 1254 Par.
1310 1223 1320 1240 ‘
1333 1221 1404 1253 Has
1418 1222 1502 1253 duas
1519 1221 1701 1263 dictiones,

233 1273 356 1310 oportet
381 1269 485 1308 liuius,
511 1269 673 1310 quoniam
699 1267 860 1300 mutilata
885 1266 949 1298 hac
980 1266 1148 1308 particula
1174 1264 1457 1298 desiderabantur
1482 1265 1516 1296 in
1542 1265 1698 1296 omnibus

236 1313 338 1344 codd.
354 1311 592 1352 suggesimus!
617 1312 707 1344 Cald.
753 1309 957 1342 Calderinus
973 1318 1039 1341 non
1057 1318 1124 1340 uno
1139 1309 1173 1340 in
1193 1309 1270 1340 loco
1294 1308 1440 1349 scriptos
1463 1307 1569 1339 libros
1596 1307 1695 1340 bonae

236 1361 328 1387 notae
356 1354 526 1394 adhibuit,
549 1361 585 1386 et
611 1364 686 1396 quae
713 1363 756 1384 ex
778 1353 820 1384 iis
843 1352 1007 1391 hauserit,
1030 1351 1286 1383 emendationes
1303 1361 1363 1382 suo
1377 1350 1511 1382 nomine
1529 1359 1698 1382 commen-

237 1398 339 1429 dasse
354 1397 502 1429 videtur.
549 1397 641 1429 Hinc
667 1395 918 1428 Marklandus:
942 1396 952 1413 ‘
964 1395 1068 1426 Hunc
1084 1395 1196 1427 locum
1219 1404 1261 1425 ex
1285 1393 1422 1435 ingenio
1438 1393 1611 1434 supplevit
1625 1394 1699 1425 Do-

236 1441 352 1472 mitius
380 1439 629 1482 [Calderinus‚]
662 1449 740 1470 cum
766 1439 800 1469 in
828 1436 986 1469 omnibus
1013 1437 1112 1469 codd.
1137 1437 1417 1469 desiderarentur
1442 1445 1558 1476 voceS,
1580 1439 1700 1477 oportet

237 1482 349 1523 hujus!
394 1483 570 1524 Deinceps
595 1486 750 1523 receptae
777 1485 856 1512 sunt
882 1480 918 1512 in
940 1481 1081 1512 Venett.
1097 1482 1129 1512 2.
1146 1482 1178 1512 3.
1193 1482 1224 1515 4.
1248 1479 1345 1511 Brix.
1360 1478 1465 1511 Aldd.
1481 1481 1510 1510 1.
1525 1481 1558 1511 2.
1587 1479 1697 1510 Colin.

237 1527 345 1558 Basil.
361 1526 494 1567 Gryph.
513 1528 544 1556 1.
558 1528 591 1557 2.
607 1526 711 1556 Bern.
725 1524 870 1556 Gevart.
885 1523 951 1555 Til.
965 1522 1088 1554 Heins.
1105 1523 1258 1555 Gronov.
1274 1523 1383 1554 Veen.
1400 1527 1436 1553 et
1454 1521 1581 1562 Delph.
1598 1522 1607 1539 ‘
1623 1531 1698 1562 pes-

239 1569 324 1601 simo
340 1567 525 1610 exemplo,’
546 1567 659 1609 inquit
673 1567 801 1599 Markl.
818 1566 877 1608 qui
893 1575 951 1597 eas
964 1565 1105 1597 delevit.
1149 1566 1277 1597 Denuo
1292 1565 1446 1596 restituit
1462 1564 1579 1596 Hand.
1595 1564 1630 1595 in
1645 1564 1700 1595 ed.

239 1622 295 1643 an.
310 1614 406 1644 1817.
428 1612 437 1628 ‘
451 1612 564 1643 Unum
581 1610 666 1642 illud
682 1620 729 1641 me
743 1609 889 1641 fortasse
905 1607 1145 1640 inserendum:
1169 1617 1217 1640 me
1237 1607 1357 1648 ornari,
1379 1606 1447 1648 &eff
1470 1606 1576 1639 Lenz.
1613 1607 1701 1638 Bar-

241 1655 331 1688 thius
356 1655 527 1687 tentavit:
563 1653 648 1690 Quid
671 1651 779 1685 enim?
812 1651 975 1684 Editionis
998 1660 1114 1692 quoque
1138 1650 1328 1683 auctoritate
1350 1648 1498 1683 onerari?
1540 1649 1639 1682 Idem
1666 1650 1699 1684 in

902 1760 934 1792 N
940 1759 1043 1792 0¹1¹AE

240 1837 299 1870 alii
313 1836 494 1879 Sylvarum
508 1835 769 1878 inscripserunt,
786 1836 843 1868 alii
867 1835 947 1868 Mu·
968 1819 975 1834 Ι
1002 1834 1059 1867 dio
1070 1834 1205 1876 quidem
1215 1843 1352 1876 semper
1365 1836 1522 1876 excepto,
1534 1833 1703 1874 Papinius

240 1888 379 1920 sarum!
1001 1889 1130 1917 noster.
1174 1883 1270 1925 Apte
1287 1887 1403 1916 antem
1426 1883 1524 1915 calori
1540 1883 1702 1925 jungitur

286 1945 300 1974 ‘r
324 1938 471 1980 Stellam]
492 1939 550 1970 De
566 1938 687 1971 Stellae
709 1947 850 1980 genere,
874 1940 944 1970 stu·
999 1936 1098 1967 subiti
1121 1935 1324 1977 epitheton:
1348 1939 1494 1976 utraque
1520 1934 1610 1966 enim
1635 1943 1702 1965 vox

243 1989 323 2030 diis,
333 1994 370 2021 et
381 1989 578 2021 muneribus
593 1999 731 2031 agemus
744 1989 787 2021 ad
804 1988 944 2031 Epitha-

243 2040 369 2072 lamion
385 2040 504 2072 Stellae
519 2044 556 2071 et
570 2040 795 2072 Violantillae.

287 2094 302 2110 ²²
323 2088 447 2120 Studiis
459 2089 591 2130 nostris]
623 2088 665 2120 Id
692 2093 757 2130 est,
781 2088 948 2121 Poeticis.

243 2138 353 2171 Stella
365 2138 456 2170 enim
478 2142 554 2170 erat
579 2138 704 2180 Poeta,
730 2142 770 2171 ut
794 2139 947 2171 videmus

244 2188 490 2230 Epithalamio.

286 2238 301 2260 b
324 2239 474 2280 Libellos]
499 2237 698 2271 Notandum
712 2238 781 2279 hic,
799 2238 948 2270 Statium

244 2289 379 2330 singula
393 2290 558 2331 opuscula
573 2290 735 2330 Libellos,
747 2300 815 2322 non
827 2290 949 2330 Sylvas

245 2348 370 2371 vocare
387 2349 485 2372 secus
509 2350 550 2372 ac
575 2339 734 2372 feceruut
759 2340 950 2372 doctissimi

244 2390 326 2431 viri,
348 2394 387 2421 ut
402 2390 609 2431 Politianus‚
636 2390 850 2431 Parrhasius,
878 2391 949 2423 Do-

246 2441 375 2482 mitius,
399 2441 582 2473 Turnebus
606 2445 642 2473 et
668 2442 739 2483 alii,
761 2442 819 2484 qui
847 2451 951 2473 unum

246 2491 406 2533 quodque
421 2494 458 2522 et
469 2491 640 2531 singulare
656 2492 860 2525 Poemation
876 2492 952 2533 Syl-

247 2551 324 2573 vam
341 2541 514 2582 appellare
530 2551 598 2573 non
613 2542 824 2575 dubitarunt.

290 2596 304 2612 ⁶
327 2590 437 2622 Subito
451 2591 568 2632 calore]
592 2592 668 2625 Quo
685 2593 819 2625 scilicet
832 2592 954 2626 Poetae

250 2641 485 2682 deproperant
514 2642 629 2673 animo
655 2651 786 2680 versus,
811 2652 955 2684 quorum

250 2698 386 2722 cursum
404 2701 498 2732 aegre
514 2701 632 2724 manus
655 2694 836 2734 exceptrix
864 2703 954 2726 asse-

249 2743 385 2783 quatur.
421 2741 589 2783 Princeps
605 2742 640 2774 in
658 2742 800 2783 talibus,
813 2753 854 2775 ne
871 2743 954 2775 Ovi-

999 1987 1217 2020 meditationi
1232 1986 1342 2020 anxiae
1358 1985 1555 2027 opponitur.
1597 1985 1634 2016 Is
1649 1994 1707 2016 ca-

1000 2039 1051 2071 lor
1065 2037 1251 2070 Poetarum
1263 2036 1408 2078 ingeniis
1423 2036 1543 2067 insitus
1558 2040 1625 2075 est,
1637 2045 1704 2077 quo

1000 2091 1143 2130 possunt
1166 2087 1198 2127 ἐξ
1222 2086 1428 2127 αὒτοσχεδίης
1453 2085 1552 2118 καλὸν
1579 2086 1703 2126 ἀείδειν,

1001 2148 1041 2170 ex
1060 2141 1196 2180 tempore
1215 2139 1330 2178 optime
1351 2147 1474 2178 canere,
1495 2141 1535 2169 ut
1550 2137 1594 2169 de
1610 2137 1705 2169 Mer-

1002 2189 1098 2221 curio
1113 2189 1230 2231 prodit
1244 2189 1417 2221 Homerus
1431 2188 1467 2221 in
1481 2188 1596 2230 hymn.
1634 2188 1707 2221 Soli

1002 2239 1139 2272 Vinicio
1167 2240 1256 2271 hanc
1286 2238 1438 2278 laudem,
1469 2239 1642 2281 ingenium
1669 2240 1705 2271 in

1001 2294 1180 2322 numerato
1206 2288 1346 2330 habere,
1371 2288 1549 2321 tribuebat
1574 2288 1707 2331 Augus-

1002 2343 1074 2380 tus,
1089 2344 1178 2371 teste
1192 2339 1326 2371 Seneca
1339 2339 1374 2369 in
1389 2338 1640 2370 controversiis.

1046 2391 1062 2413 ‘¹
1087 2391 1168 2422 Cum
1182 2390 1303 2428 singuli
1325 2390 1364 2420 de
1387 2388 1460 2420 sinu
1481 2398 1547 2420 meo
1572 2388 1705 2429 prodiis-

1006 2440 1090 2481 sent]
1114 2441 1169 2472 lta
1185 2439 1369 2480 Domitius,
1382 2448 1460 2471 cum
1473 2438 1509 2470 in
1525 2439 1636 2470 veteri
1650 2448 1706 2470 co-

1007 2491 1085 2523 dice
1101 2490 1290 2531 reperisset
1305 2501 1312 2519 ε
1335 2491 1373 2520 de
1385 2489 1458 2520 sinu
1471 2498 1538 2521 meo
1559 2498 1619 2530 pro
1634 2499 1706 2521 con-

1005 2544 1168 2582 gregatos,
1196 2542 1248 2581 &c-
1292 2539 1408 2581 Magis
1433 2543 1550 2571 tamen
1572 2544 1708 2570 senten-

1008 2591 1090 2624 tiam
1114 2591 1272 2632 expleret
1298 2599 1366 2622 vox
1387 2589 1523 2630 longior
1546 2589 1709 2630 prosiluis-

1007 2645 1087 2674 sent.

1050 2697 1065 2713 Β
1085 2692 1306 2734 Dimitterem]
1315 2690 1358 2723 Id
1373 2695 1440 2732 est,
1453 2690 1605 2731 ederem,
1622 2690 1707 2732 pub-

1008 2743 1162 2776 licarem.
