1800 3060
203 178 290 221 308

701 188 742 218 P.
775 187 924 218 PAPIN
937 187 968 217 ΙΙ
1003 186 1170 219 STA'ru

207 290 308 332 Nec
330 301 470 338 mora,
492 285 746 340 conscripta
765 283 1008 326 formantur
1034 284 1226 338 imagine
1248 284 1441 340 templa:

207 359 456 400 Innumerae
479 355 626 397 coiere
645 366 828 396 manus:
857 353 928 395 his
949 353 1124 396 caedere
1145 354 1314 408 sylvaS,

207 425 268 468 Et
282 425 428 467 levare
447 423 618 465 trabes:
649 421 740 462 illis
762 422 1014 474 immergere
1035 433 1155 462 curae

208 492 516 535 Fundamenta
535 489 659 531 solo:
691 488 895 543 coquitur
915 500 1020 542 pars
1037 488 1177 530 uvida
1193 493 1321 531 terrae

207 554 475 603 Protectura
493 558 690 612 hyemes,
713 560 846 611 atque
867 556 1104 598 exclusura
1121 557 1306 611 pruinas
1322 571 1333 609 ;

209 628 550 681 Indomitasque
571 623 687 666 silex
711 637 848 665 curva
868 624 1047 665 fornace
1068 624 1293 679 liquescit.

210 697 475 749 Praecipuus
496 693 579 735 sed
598 694 716 734 enim
733 692 862 734 labor
875 697 946 733 est
966 691 1233 734 exscindere
1253 691 1414 739 dextra

210 763 461 818 Oppositas
477 774 626 816 rupes,
646 766 691 802 et
711 774 826 802 saxa
845 761 1058 814 negantia
1075 759 1206 802 ferro.

1586 827 1674 871 125

213 948 334 989 Inquit,
362 951 393 980 et
417 950 550 979 mentem
575 946 711 987 reliquit.
770 946 837 977 Nec
861 955 956 977 nwra.
1001 944 1200 985 Designatur
1213 944 1382 987 edificium
1401 944 1437 975 in
1451 944 1538 986 picta
1558 943 1675 976 tabula.

215 991 377 1023 Innumeri
390 991 513 1032 opifices
526 992 744 1021 convenerunt.
789 989 856 1020 His
873 989 968 1020 datur
991 991 1151 1029 amputare
1174 987 1310 1024 arbores,
1334 990 1366 1019 et
1388 987 1530 1019 dedolare
1550 987 1675 1025 trabes:

213 1035 263 1066 illi
286 1033 445 1072 infodiunt
459 1037 553 1064 terroe
567 1033 786 1071 fundamenta.
832 1031 1004 1063 Humidior
1026 1034 1113 1062 terra
1126 1030 1266 1071 coquitur
1288 1031 1329 1062 ad
1348 1030 1522 1073 efficiendas
1543 1030 1677 1069 tegulas,

213 1087 282 1118 quoe
294 1077 461 1116 defendant
476 1077 573 1108 aedem
586 1075 625 1106 ab
639 1075 758 1114 injuria
772 1075 891 1117 hyemis
905 1078 936 1106 et
950 1077 1076 1106 arceant
1087 1074 1231 1115 pruinas,
1241 1076 1274 1105 et
1286 1073 1385 1105 durus
1397 1073 1480 1104 silex
1493 1073 1677 1104 dissolvitur

211 1121 248 1152 in
262 1130 336 1152 cavo
353 1120 496 1160 samace.
530 1119 595 1151 Sed
608 1118 747 1150 maxima
763 1128 853 1158 opera
866 1121 910 1148 est
922 1117 954 1148 in
966 1116 1181 1148 exscindendis
1194 1116 1343 1157 oppositis
1361 1116 1507 1158 scopulis,
1533 1119 1565 1148 et
1577 1115 1676 1155 saxis,

204 1164 332 1203 ferrum
339 1173 400 1195 non
408 1161 658 1195 admittentibus.
669 1161 741 1203 Ipse
749 1162 842 1193 etiam
848 1160 1032 1202 Tirynthius
1040 1163 1143 1191 custos
1153 1160 1213 1191 loci
1220 1159 1272 1190 hic
1278 1159 1418 1200 insudat,
1426 1158 1676 1200 dimissi-vannis,

212 832 306 874 Hic
324 836 454 887 pater
473 831 572 885 ipse
591 831 697 880 loci,
718 830 882 885 positis
903 828 1162 885 Tirynthius
1183 829 1318 870 armis

822 1254 1066 1269 ΝΜΟ,

214 1326 334 1364 stulte,
364 1325 477 1367 inquit
506 1324 790 1357 Bai-thius.—ll⁷
821 1323 962 1355 Venett.
990 1322 1107 1354 Parm.
1136 1321 1237 1353 Rom.
1266 1319 1370 1353 Aldd.
1395 1321 1509 1354 Colin.
1539 1320 1674 1363 Gryph.

214 1370 322 1401 Basil.
339 1369 457 1401 Plant.
473 1378 591 1400 omnes
607 1367 793 1398 exhibent:
824 1365 1000 1406 conscripta
1018 1364 1181 1403 formatur
1200 1365 1336 1404 imagine
1358 1366 1430 1396 tela.
1476 1364 1675 1396 Lectionem

214 1417 367 1444 nostram
384 1421 427 1443 ex
442 1411 579 1452 ingenio
593 1410 690 1442 dedit
710 1408 1057 1441 Marklaudns.—ll9
1079 1408 1125 1439 Et
1148 1408 1284 1439 relevare
1306 1407 1411 1438 trabes
1434 1406 1539 1439 Aldd.
1563 1407 1674 1439 Colin.

215 1455 348 1496 Gryph.
364 1460 488 1487 ceterae
502 1465 512 1493 ;
537 1455 583 1485 Et
596 1455 699 1485 levare
712 1453 828 1484 Parm.
843 1457 880 1483 et
897 1451 998 1482 Rom.
1015 1450 1105 1491 qnod
1129 1450 1265 1492 recepit
1280 1450 1676 1490 Lindenbrogius.-120

215 1498 435 1530 Iuemendati
449 1497 585 1529 codices
601 1495 745 1528 Domitii
758 1495 867 1526 invida
875 1505 887 1532 ,·
909 1495 1000 1526 unde
1026 1494 1083 1525 ille
1105 1493 1322 1525 uvida—122
1343 1491 1414 1524 Pro
1437 1503 1532 1525 curva
1555 1492 1676 1525 Mark-

216 1541 337 1573 landus
353 1541 451 1572 malit
475 1544 566 1572 vasta
587 1549 606 1571 e
623 1539 747 1579 Virgil.
763 1538 839 1570 AEn.
854 1546 936 1569 vm.
951 1538 1135 1569 446.-123
1157 1535 1390 1576 Lindenbrog.
1413 1536 1519 1568 eruc.
1541 1539 1580 1567 et
1594 1535 1678 1568 Ste-

219 1585 337 1626 phem,
358 1585 394 1616 in
423 1583 479 1616 ed.
507 1583 653 1616 Cantab.
679 1583 802 1613 dextroe
830 1580 1114 1622 Oppositum—124
1144 1579 1259 1611 Parm.
1284 1577 1391 1610 Aldd.
1411 1578 1523 1611 Colin.
1546 1578 1679 1620 Gryph-

217 1628 326 1660 Basil.
351 1631 387 1659 et
408 1628 515 1659 Bern.
542 1626 692 1666 negantia
707 1624 799 1664 ferro
810 1634 822 1662 ,·
845 1624 990 1656 Gevart.
1012 1621 1244 1662 Lindenbrog.
1273 1622 1330 1653 alii
1350 1631 1394 1653 ex
1417 1622 1516 1654 Rom.
1538 1620 1679 1662 rigentia

209 1671 421 1710 ferra—125
445 1670 631 1702 Gevartius
659 1669 787 1710 primus
809 1667 934 1707 edidit,
952 1666 1076 1707 positis,
1100 1675 1162 1707 pro
1185 1665 1318 1707 positus,
1339 1664 1431 1707 quod
1454 1669 1510 1697 est
1536 1664 1572 1696 in
1595 1664 1676 1696 edd.

878 1746 1020 1780 NOTAE

219 1817 419 1856 Mentemque
434 1815 578 1856 reliquit]
601 1814 789 1846 Homerica
811 1811 921 1843 imita-

219 1868 278 1900 tio.
303 1867 432 1907 Odyss.
458 1870 497 1898 A.
541 1866 591 1906 Τῷ
617 1866 642 1896 δ’
669 1864 712 1895 ἐν),
736 1864 817 1903 θυμῷ
840 1864 922 1900 Θῆκε

976 1818 1066 1859 gulae
1083 1816 1125 1848 ad
1147 1816 1312 1849 arcendas
1329 1816 1483 1858 hyemes.
1527 1816 1617 1849 Nam
1633 1825 1677 1848 ex

974 1870 984 1887 ‘
1002 1874 1094 1900 terra
1106 1868 1207 1900 uvida
1219 1868 1227 1882 '
1242 1867 1340 1904 fiunt,
1355 1868 1364 1885 ‘
1377 1867 1595 1898 inenarrabili
1609 1871 1678 1899 ter-

217 1917 308 1958 μένος
322 1916 373 1948 καὶ
386 1915 508 1957 θάρσος.
555 1915 693 1947 Immisit
708 1915 804 1946 menti
829 1914 924 1946 robur

217 1967 422 2010 etfiduciam.

264 2021 325 2052 117
342 2017 565 2058 Conscriptaf.
580 2015 773 2058 [formatur]
786 2016 925 2057 imagine

219 2077 246 2105 t.
270 2071 364 2114 [tela]
384 2070 510 2111 Iden,
525 2070 639 2109 imago
655 2079 715 2101 seu
737 2067 847 2100 forma
869 2067 921 2100 fu-

220 2125 291 2156 turi
307 2122 428 2164 templi
444 2121 648 2168 exprimitur
675 2121 708 2151 in
726 2120 924 2161 conscripta

221 2185 282 2206 seu
303 2164 398 2215 picta
414 2174 514 2205 tela-i
541 2173 587 2204 Et
610 2171 762 2203 innuitur
778 2170 923 2212 ixwypa-

220 2225 289 2267 φία,
304 2224 339 2260 id
355 2229 419 2265 est,
432 2208 544 2263 tenuis
560 2227 597 2255 et
611 2223 722 2264 prima
736 2222 923 2254 delineatio

218 2276 337 2318 operis
351 2285 412 2307 seu
429 2273 566 2309 aediflcii
579 2272 791 2312 exstruendi,
804 2273 838 2305 in
854 2274 924 2305 tela

221 2331 278 2363 vel
293 2330 413 2363 charta
434 2337 611 2370 expressa.
648 2327 658 2345 ‘
671 2327 829 2359 Formam
844 2325 853 2339 ’
867 2336 923 2358 vo-

221 2386 279 2412 cat
298 2380 432 2412 Plinius
458 2379 520 2411 lib.
537 2387 590 2410 xx.
606 2379 672 2419 Ep.
693 2379 747 2410 39.
762 2376 806 2408 ad
827 2376 923 2408 Mus·

222 2431 310 2463 tium
326 2431 554 2462 architectum
570 2439 579 2460 ι
604 2431 613 2447 ‘
631 2429 788 2460 Formam
809 2430 923 2459 autem

221 2480 409 2514 secundum
421 2481 588 2512 rationem
601 2479 667 2512 loci
679 2478 830 2511 scribas!
854 2478 922 2510 Vo-

222 2541 339 2565 camus
353 2530 500 2570 Gallice,
514 2532 608 2563 Plan.

268 2584 333 2614 118
355 2581 489 2622 Manus]
513 2581 554 2612 Id
585 2586 650 2617 est,
684 2580 794 2613 turbae
821 2577 926 2611 artifi-

224 2642 315 2665 cum.
404 2638 407 2641 ‘

270 2685 334 2716 120
358 2682 514 2724 (loquitur
534 2692 608 2723 pars
629 2683 724 2714 uvida
737 2685 832 2714 ιον-ναξ
846 2682 927 2713 Pm-

226 2738 348 2767 tectura
371 2733 511 2776 hyemes]
534 2734 581 2766 Ut
602 2743 644 2766 ex
667 2743 710 2765 ea
728 2733 852 2766 fierent
876 2738 927 2765 te·

977 1930 1024 1951 rae
1047 1919 1272 1960 benignitate,
1287 1918 1316 1950 si
1331 1918 1405 1960 quis
1430 1918 1563 1960 singula
1585 1918 1677 1951 resti-

977 1972 1071 2009 met‚’
1087 1973 1125 2001 ut
1141 1970 1190 2001 ait
1204 1969 1352 2000 Plinius.

1021 2023 1084 2052 122
1107 2019 1279 2062 Εὶᾳιιεισὶι]
1303 2019 1396 2052 Dum
1417 2028 1540 2061 nempe
1560 2019 1678 2062 coqui-

979 2075 1035 2103 tur
1051 2072 1085 2103 in
1100 2072 1243 2104 calcem.

1023 2125 1084 2155 124
1109 2123 1153 2154 Et
1167 2132 1247 2154 saxa
1260 2120 1523 2162 negantiaferro]
1546 2120 1589 2152 Id
1611 2124 1679 2161 est,

977 2183 1043 2205 nou
1072 2172 1245 2213 cedentia,
1269 2172 1550 2213 inexpugnabilia
1572 2169 1679 2211 serto,

978 2231 1013 2256 et
1028 2224 1235 2265 supponitur
1253 2223 1309 2255 hic
1329 2221 1466 2264 ἔλλειψις
1486 2222 1543 2254 τοῦ
1555 2222 1565 2240 ‘
1579 2222 1678 2254 obse-

976 2273 1116 2316 quium:
1134 2275 1188 2305 vel
1205 2273 1294 2306 talis.
1326 2274 1384 2306 Ita
1403 2274 1505 2315 plane
1521 2274 1679 2305 Lucanus

978 2325 1037 2357 lib.
1073 2334 1130 2357 ιιι.
1184 2329 1192 2342 ‘
1212 2324 1441 2366 Cornipedem
1474 2324 1678 2356 exhaustum

977 2386 1079 2409 cursu
1093 2375 1306 2417 stimulisque
1322 2379 1504 2416 negantem
1527 2375 1678 2414 Magnus

978 2437 1083 2468 agens
1116 2427 1249 2458 incerta
1278 2426 1344 2456 viae
1373 2425 1515 2465 vestigia
1541 2423 1678 2456 turbat!

979 2480 1094 2520 Equus
1111 2479 1121 2495 ⁴
1131 2487 1259 2518 negans
1268 2475 1436 2518 stimulis:
1446 2475 1581 2508 scilicet
1595 2476 1606 2492 ‘
1618 2474 1679 2506 ob-

976 2529 1095 2570 sequi!

1022 2582 1083 2611 125
1111 2578 1311 2621 Tirynthius]
1333 2577 1514 2611 Hercules.
1560 2577 1680 2608 Positis

979 2629 1091 2670 armis]
1129 2629 1172 2662 Id
1201 2633 1268 2670 est,
1299 2629 1410 2669 clava,
1438 2628 1615 2670 pharetra,
1642 2633 1678 2659 et

979 2691 1073 2714 arcu.
