1800 3060
200 185 286 228 116

703 194 742 224 P.
776 193 968 224 I’Ai‘lNll
1005 193 1171 224 STATu

201 292 280 334 Me
303 295 421 334 certe
440 304 524 332 non
548 303 665 331 unus
686 302 822 339 amor,
845 290 1128 344 simplexque
1149 291 1338 332 canendi

203 360 354 402 Causa
374 359 532 401 trahit:
555 364 705 400 tecum
727 358 899 399 similes
914 358 1172 412 junctaeque
1193 357 1434 410 Camoenae,

201 428 360 479 Stella,
381 428 506 478 mihi,
529 427 804 480 multumque
825 438 956 480 pares
975 426 1246 467 bacchamur
1267 426 1324 467 ad
1346 439 1460 478 aras,

201 495 261 538 Et
281 496 448 537 sociam
469 495 614 536 doctis
635 493 866 535 haurimus
887 494 943 534 ab
965 494 1168 535 amnibus
1190 493 1366 535 undam.

202 563 266 605 At
286 566 328 604 te
350 566 606 604 nascentem
627 561 793 615 gremio
815 573 913 602 mea
933 561 1077 615 prima
1097 563 1267 616 recepit

1579 560 1668 605 260

202 672 377 711 splendente
391 671 477 711 igne.
525 671 684 706 Quantum
699 671 740 700 ad
754 679 814 708 me,
838 678 897 699 non
920 678 1016 700 unum
1037 669 1187 708 studium,
1209 678 1264 700 nec
1289 668 1422 709 simplex
1442 667 1526 699 ratio
1540 665 1671 699 canendi

202 724 251 745 me
266 715 406 746 advocat.
451 713 563 750 Stella,
577 716 650 744 sunt
664 713 743 744 mihi
759 715 858 743 tecum
872 721 965 752 pares
980 715 1010 743 et
1026 722 1198 743 communes
1219 712 1337 750 Musoe,
1352 715 1384 743 et
1398 713 1530 743 multum
1542 709 1671 742 baccha-

203 766 274 787 mur
293 759 334 788 ad
354 757 472 788 similes
486 766 571 795 aras,
586 759 616 787 et
634 756 794 787 haurimus
808 765 998 786 communem
1022 765 1134 795 aquam
1156 756 1194 786 ab
1220 755 1354 786 eruditis
1363 754 1489 795 fluviis.
1532 754 1579 786 At
1603 762 1672 784 mea

203 799 414 841 Parthenope,
436 810 453 831 ο
478 798 668 839 νὶοιαηίἰίία,
689 798 793 839 prima
818 798 935 838 recepit
963 801 994 829 te
1015 801 1190 830 nascentem
1215 797 1248 829 in
1268 797 1340 829 sinu
1352 807 1419 838 suo,
1434 800 1464 829 et
1480 800 1515 828 tu
1525 797 1669 828 blandum

819 882 939 895 eeeeee

943 881 1062 894 oooooo

203 941 328 973 Venet.
344 943 374 972 1.
388 940 502 971 similis
514 940 784 980 rictceque.—260
797 938 840 968 Et
858 941 888 969 te
904 936 1051 979 Hopfius
1065 948 1074 977 ;
1092 936 1182 979 quod
1200 937 1254 968 vel
1269 946 1337 968 uno
1348 945 1398 968 vs.
1410 938 1487 968 273.
1502 935 1670 977 rejicitur.

868 1025 1012 1058 NOTAE

203 1093 369 1125 Messaiae
395 1092 545 1125 Corvino
574 1091 722 1124 maxime
747 1095 912 1131 acceptus

203 1143 281 1175 fuit.
320 1141 504 1175 Horatium
534 1147 572 1174 et
602 1143 759 1174 Macrum
785 1141 914 1173 Poetas

203 1194 294 1227 inter
311 1194 505 1235 praecipuos
525 1193 651 1225 amicos
667 1192 786 1224 coluit.
822 1192 915 1224 Qua-

207 1249 288 1276 tuor
305 1244 501 1285 Elegiarum
513 1243 618 1275 libros
632 1242 783 1283 scripsit,
795 1242 829 1273 in
843 1242 914 1284 qui-

205 1295 271 1327 bus
299 1295 474 1336 Neaeram,
498 1294 648 1334 Deliam,
669 1303 745 1335 quae
761 1302 843 1324 vero
857 1303 916 1325 no-

204 1347 297 1379 mine
313 1347 455 1379 Plautia
467 1346 670 1387 vocabatur,
686 1345 747 1378 sed
767 1346 915 1378 maxime

204 1398 380 1430 Nemesim
405 1397 604 1429 celebravit.
649 1395 783 1428 Accisis
801 1400 915 1428 autem

206 1449 343 1490 opibus,
374 1449 518 1480 secessit
541 1448 576 1479 in
606 1449 769 1489 agellum,
785 1447 843 1489 qui
865 1447 917 1478 illi

205 1500 360 1542 reliquus
379 1504 456 1532 erat
479 1509 521 1531 ex
545 1499 729 1531 amissione
753 1498 916 1540 patrimo-

203 1550 265 1590 nii,
279 1550 313 1582 in
331 1551 471 1592 regione
485 1550 640 1583 Pedana.
687 1548 789 1581 Unde
805 1548 916 1580 Hora-

208 1603 297 1634 tius:
323 1602 332 1619 ‘
352 1602 431 1634 Non
450 1606 487 1632 tu
504 1611 630 1643 corpus
645 1609 723 1632 eras
739 1600 812 1631 sine
836 1609 916 1641 pec-

204 1658 302 1685 tore:
319 1652 366 1684 Di
382 1652 446 1684 tibi
461 1651 617 1692 formam,
630 1652 678 1684 Di
698 1651 760 1683 tibi
775 1651 916 1682 divitias

207 1701 403 1735 dederant!
447 1703 493 1735 Et
511 1703 584 1744 ipse
600 1703 702 1744 plane
718 1707 754 1733 et
771 1710 918 1743 pauper-

206 1758 317 1785 tatem
334 1763 428 1784 suam
443 1753 615 1793 deplorat,
627 1756 664 1784 et
677 1752 828 1783 dolorem
841 1761 917 1793 pro-

206 1802 328 1836 fitetur
357 1803 392 1835 in
418 1803 640 1845 Panegyrico
665 1803 708 1834 ad
732 1803 917 1834 Messalam

207 1859 242 1886 et
259 1854 293 1885 in
309 1854 368 1885 lib.
386 1863 409 1886 1.
426 1854 522 1894 Eleg.
539 1857 570 1886 l.
607 1854 653 1885 Et
670 1853 837 1885 credibile
851 1858 916 1893 est,

208 1915 286 1937 eum
310 1905 419 1937 avitas
442 1915 524 1946 opes
550 1905 583 1935 in
609 1903 779 1936 amoribus
795 1903 915 1944 dilapi-

208 1957 323 1995 dasse,
339 1961 374 1988 et
386 1965 508 1997 magno
522 1955 727 1996 patrimonio
737 1954 915 1995 exhausto,

207 2007 259 2039 ira
274 2017 314 2039 ac
332 2006 435 2038 animi
462 2005 684 2047 aegritudine,
709 2014 765 2036 rus
784 2014 821 2036 se
837 2014 914 2036 con-

209 2059 341 2099 tulisse,
357 2057 415 2089 nbi
434 2057 570 2089 tandem
587 2065 663 2088 cum
681 2055 919 2097 adhncjunior

211 2113 316 2146 esset,
339 2112 483 2140 mortem
509 2107 608 2147 obiit,
630 2116 698 2138 non
722 2106 795 2137 sine
810 2105 919 2137 maxi-

209 2170 264 2192 mo
295 2159 415 2192 dolore
443 2158 561 2191 Ovidii
585 2156 720 2196 Poetae,
743 2155 834 2198 quod
861 2156 919 2187 ille

210 2215 359 2243 testatus
388 2214 440 2242 est
466 2210 568 2250 longo
594 2208 758 2240 carmine.
818 2206 917 2239 Dives

209 2272 291 2294 vero
308 2261 384 2299 foco
399 2262 530 2300 lucente,
548 2259 628 2301 quia
643 2258 801 2290 Tibullus
816 2257 915 2289 initio

210 2313 329 2354 primae
346 2311 476 2352 Elegiae
492 2309 596 2342 canit.
641 2310 651 2326 ‘
665 2309 726 2340 Me
742 2318 817 2340 mea
834 2316 915 2349 pau-

210 2367 326 2404 pertas
363 2362 445 2393 vitae
482 2360 643 2392 traducat
677 2359 794 2400 inerti,
825 2359 916 2390 Dum

212 2424 308 2446 meus
326 2413 461 2445 assiduo
477 2413 594 2444 luceat
611 2412 689 2452 igne
705 2408 824 2443 focus?
875 2411 920 2442 Et

209 2467 219 2483 ‘
234 2464 348 2496 focum
366 2465 571 2504 perenuem’
593 2462 628 2494 in
652 2466 750 2504 parte
774 2460 920 2492 felicita-

211 2516 256 2547 tis
287 2515 385 2557 ponit
416 2514 588 2545 Martialis
622 2513 726 2554 Epig.
763 2511 806 2544 de
835 2511 920 2542 viia

211 2561 391 2606 Beata,⁴et
408 2564 450 2596 ad
466 2563 726 2597 Quintilianum.

254 2620 319 2649 256
343 2615 542 2658 Simplexque
566 2614 697 2645 canendi
715 2611 834 2652 Causa]
858 2611 920 2642 Di-

211 2669 260 2699 cit
285 2666 410 2705 Poeta,
437 2674 504 2697 nou
535 2664 598 2695 sibi
624 2673 723 2694 uuam
748 2671 837 2702 esse,
861 2671 922 2694 seu

210 2717 402 2758 simplicem
441 2724 576 2748 causam
624 2713 823 2745 celebrandi
865 2713 924 2744 iras

212 2768 350 2810 nuptias
368 2779 377 2807 ;
401 2766 460 2799 sed
475 2766 560 2798 duas
577 2775 585 2804 ;
616 2770 651 2796 et
667 2764 727 2801 tui,
745 2764 879 2796 scilicet
905 2774 925 2795 ο

966 1091 1152 1133 Stella,qui
1164 1090 1243 1122 milii
1255 1089 1399 1122 vinculis
1410 1088 1598 1121 studiorum
1615 1096 1672 1119 eo-

969 1141 1114 1175 rundem
1126 1142 1329 1183 conjunctus
1341 1150 1390 1180 es,
1403 1145 1440 1172 et
1450 1138 1674 1180 Violantillae‚

969 1204 1046 1236 quae
1061 1197 1115 1225 est
1138 1202 1214 1225 mea
1228 1192 1326 1232 civis,
1340 1195 1377 1223 et
1393 1189 1592 1233 popularis:
1619 1194 1674 1222 est

971 1244 1060 1276 enim
1078 1243 1322 1284 Neapolitana.

1012 1298 1076 1326 257
1103 1293 1274 1334 Camoenae]
1299 1293 1424 1324 Musae.
1468 1292 1579 1323 Varro
1594 1300 1675 1323 anc-

971 1348 1026 1377 toi·
1041 1350 1093 1377 est
1117 1345 1236 1376 Musas
1260 1343 1452 1385 antiquitus
1475 1343 1676 1382 Carmonas,

971 1405 1032 1428 seu
1060 1396 1255 1428 casmoenas
1283 1397 1423 1426 vocatas
1463 1392 1582 1431 fuisse,
1611 1391 1675 1424 sed

969 1450 1101 1488 postea,
1115 1445 1282 1478 detractis
1308 1445 1351 1477 R.
1372 1449 1408 1476 et
1421 1444 1455 1475 S.
1472 1443 1597 1485 literis,
1613 1443 1677 1474 Ca-

969 1506 1098 1529 moenas
1114 1497 1238 1528 dictas.

1015 1551 1080 1580 258
1103 1548 1205 1580 Pares
1241 1548 1283 1579 ad
1313 1545 1402 1586 aras]
1439 1543 1611 1586 Apollinis
1640 1547 1678 1576 et
1742 1540 1745 1543 ”

973 1599 1172 1639 Musarum
1194 1596 1303 1631 Stella
1317 1598 1408 1629 euim
1420 1596 1544 1638 Poeta,
1561 1600 1598 1628 ut
1603 1595 1676 1637 jam

972 1649 1131 1681 diximus.
1173 1648 1264 1680 Vide
1291 1652 1328 1680 et
1345 1647 1539 1679 Martialem
1563 1645 1624 1679 lib.
1640 1655 1678 1678 v.

972 1702 1036 1743 Ep.
1062 1704 1115 1734 11.
1132 1704 1168 1732 et
1182 1700 1242 1732 lib.
1260 1706 1330 1732 vn.
1342 1699 1407 1740 Ep.
1424 1700 1476 1730 13.

1014 1755 1080 1784 259
1103 1751 1220 1783 Doctis
1244 1750 1282 1782 ab
1298 1748 1457 1790 amnibus]
1479 1748 1583 1780 Docti
1607 1757 1678 1780 am·

972 1812 1034 1835 nes
1045 1804 1123 1834 sunt
1134 1801 1228 1833 fluvii
1241 1799 1394 1841 Apollini
1404 1803 1441 1831 et
1454 1798 1563 1830 Musis
1575 1798 1679 1839 sacri,

974 1859 1114 1897 quorum
1132 1855 1255 1886 haustu
1267 1851 1391 1884 Poetae
1405 1850 1548 1883 fiebant.
1673 1887 1680 1896 1,

1016 1908 1082 1937 260
1093 1905 1139 1937 At
1150 1904 1196 1945 te]
1208 1903 1278 1935 Hic
1291 1902 1405 1934 Poeta
1419 1900 1594 1933 convertit
1607 1909 1680 1932 ser·

973 1962 1105 1988 monem
1115 1955 1158 1987 ad
1166 1954 1411 1992 Violantillam,
1419 1962 1495 1994 quae
1505 1955 1580 1984 erat
1587 1951 1680 1984 Nea·

974 2006 1146 2048 politana:
1171 2014 1238 2036 non
1264 2003 1355 2035 enirn
1386 2002 1472 2034 illud
1497 2005 1529 2034 te
1556 1998 1680 2034 referri

976 2060 1094 2098 potest
1119 2055 1161 2087 ad
1201 2054 1356 2094 Stellam,
1394 2052 1452 2094 qui
1490 2051 1679 2083 Patavinus

975 2112 1062 2148 erat,
1077 2112 1115 2138 ut
1132 2106 1306 2146 colligitur
1327 2114 1370 2136 ex
1385 2101 1564 2142 Martiale,
1577 2102 1637 2134 lib.
1652 2111 1680 2134 ι.

973 2158 1037 2198 Ep.
1053 2160 1107 2189 62.
1142 2159 1152 2174 ‘
1167 2156 1304 2187 Verona
1318 2153 1411 2186 docti
1425 2152 1573 2195 syllabas
1588 2156 1682 2184 amat

975 2207 1074 2239 vatis.
1090 2208 1235 2239 Marone
1249 2205 1334 2237 felix
1346 2204 1493 2236 Mantua
1508 2207 1574 2234 est.
1591 2202 1681 2234 Cen-

973 2263 1067 2290 setur
1088 2257 1210 2299 Apona
1234 2256 1331 2288 Livio
1358 2263 1419 2286 sno
1447 2253 1560 2293 tellus,
1592 2251 1680 2283 Stel-

973 2309 1086 2350 laque,
1104 2318 1168 2339 nec
1190 2307 1314 2339 Flacco
1335 2302 1469 2336 minus?
1513 2303 1560 2334 Et
1573 2302 1679 2334 Pata-

972 2358 1041 2390 vini
1058 2358 1167 2390 adhuc
1195 2357 1307 2396 hodie,
1328 2355 1420 2386 inter
1436 2356 1555 2384 vetera
1569 2351 1680 2392 Majo-

976 2418 1050 2440 rum
1077 2410 1309 2444 monumenta,
1334 2407 1511 2435 ostentant
1529 2402 1682 2443 peregri-

975 2460 1026 2490 nis
1052 2457 1263 2499 advenisque
1292 2453 1456 2496 imagines
1473 2452 1560 2484 Livii
1575 2452 1682 2484 histo-

975 2509 1052 2549 rici,
1062 2507 1202 2540 Asconii
1218 2506 1373 2538 Paediani
1384 2503 1545 2543 oratoris,
1554 2503 1684 2534 Arrun-

975 2559 1015 2592 tii
1040 2558 1173 2598 Stellae,
1201 2562 1236 2589 et
1254 2556 1384 2588 Valerii
1412 2554 1526 2587 Flacci
1556 2552 1684 2585 Poeta·

976 2619 1063 2650 rum,
1094 2614 1129 2640 et
1157 2607 1243 2641 Julii
1286 2605 1388 2638 Pauli
1426 2603 1685 2638 Jurisconsnlti.

978 2660 1070 2701 Mea]
1100 2660 1188 2692 Nam
1202 2658 1367 2700 Papinius
1384 2660 1460 2688 erat
1473 2654 1577 2687 etiam
1591 2654 1682 2686 Nea—

980 2711 1162 2754 politanus.
