<?xml version="1.0" encoding="UTF-8"?>
<!DOCTYPE html PUBLIC "-//W3C//DTD XHTML 1.0 Transitional//EN"
    "http://www.w3.org/TR/xhtml1/DTD/xhtml1-transitional.dtd">
<html xmlns="http://www.w3.org/1999/xhtml" xml:lang="en" lang="en">
 <head>
  <title>
</title>
<meta http-equiv="Content-Type" content="text/html;charset=utf-8" />
  <meta name='ocr-system' content='tesseract 3.04.00' />
  <meta name='ocr-capabilities' content='ocr_page ocr_carea ocr_par ocr_line ocrx_word'/>
</head>
<body>
  <div class='ocr_page' id='page_1' title='image "./operaomniaexedit01statuoft_0067.png"; bbox 0 0 1800 3060; ppageno 0'>
   <div class='ocr_carea' id='block_1_1' title="bbox 638 162 1625 210">
    <p class='ocr_par' dir='ltr' id='par_1_1' title="bbox 638 162 1625 210">
     <span class='ocr_line' id='line_1_1' title="bbox 638 162 1625 210; baseline -0.006 -1"><span class='ocrx_word' id='word_1_1' title='bbox 638 177 914 210; x_wconf 64' lang='lat' dir='ltr'>sYLvARum</span> <span class='ocrx_word' id='word_1_2' title='bbox 945 176 1039 209; x_wconf 69' lang='lat' dir='ltr'>Lm.</span> <span class='ocrx_word' id='word_1_3' title='bbox 1073 175 1104 206; x_wconf 82' lang='grc' dir='ltr'>ι.</span> <span class='ocrx_word' id='word_1_4' title='bbox 1125 165 1165 205; x_wconf 88' lang='grc'>1.</span> <span class='ocrx_word' id='word_1_5' title='bbox 1570 162 1625 203; x_wconf 82' lang='grc'>57</span> 
     </span>
    </p>
   </div>
   <div class='ocr_carea' id='block_1_2' title="bbox 166 272 1220 329">
    <p class='ocr_par' dir='ltr' id='par_1_2' title="bbox 166 272 1220 329">
     <span class='ocr_line' id='line_1_2' title="bbox 166 272 1220 329; baseline -0.008 -10"><span class='ocrx_word' id='word_1_6' title='bbox 166 277 228 321; x_wconf 85' lang='lat' dir='ltr'>At</span> <span class='ocrx_word' id='word_1_7' title='bbox 246 276 423 318; x_wconf 81' lang='lat' dir='ltr'>laterum</span> <span class='ocrx_word' id='word_1_8' title='bbox 446 286 608 329; x_wconf 83' lang='lat' dir='ltr'>passus</span> <span class='ocrx_word' id='word_1_9' title='bbox 626 273 728 315; x_wconf 90' lang='lat' dir='ltr'>hinc</span> <span class='ocrx_word' id='word_1_10' title='bbox 745 273 777 315; x_wconf 83' lang='lat' dir='ltr'>J</span> <span class='ocrx_word' id='word_1_11' title='bbox 779 272 872 314; x_wconf 87' lang='lat' dir='ltr'>ulia</span> <span class='ocrx_word' id='word_1_12' title='bbox 892 275 1011 314; x_wconf 84' lang='lat' dir='ltr'>tecta</span> <span class='ocrx_word' id='word_1_13' title='bbox 1030 273 1220 320; x_wconf 86' lang='lat' dir='ltr'>tuentur,</span> 
     </span>
    </p>
   </div>
   <div class='ocr_carea' id='block_1_3' title="bbox 166 336 1625 396">
    <p class='ocr_par' dir='ltr' id='par_1_3' title="bbox 166 336 1625 396">
     <span class='ocr_line' id='line_1_3' title="bbox 166 336 1625 396; baseline -0.005 -10"><span class='ocrx_word' id='word_1_14' title='bbox 166 344 295 388; x_wconf 89' lang='lat' dir='ltr'>Illinc</span> <span class='ocrx_word' id='word_1_15' title='bbox 315 342 516 396; x_wconf 84' lang='lat' dir='ltr'>belligeri</span> <span class='ocrx_word' id='word_1_16' title='bbox 536 341 739 383; x_wconf 84' lang='lat' dir='ltr'>sublimis</span> <span class='ocrx_word' id='word_1_17' title='bbox 759 341 880 395; x_wconf 84' lang='lat' dir='ltr'>regia</span> <span class='ocrx_word' id='word_1_18' title='bbox 901 340 1051 382; x_wconf 85' lang='lat' dir='ltr'>Pauli.</span> <span class='ocrx_word' id='word_1_19' title='bbox 1567 336 1625 378; x_wconf 86' lang='lat'>30</span> 
     </span>
    </p>
   </div>
   <div class='ocr_carea' id='block_1_4' title="bbox 162 458 1625 543">
    <p class='ocr_par' dir='ltr' id='par_1_4' title="bbox 162 458 1625 543">
     <span class='ocr_line' id='line_1_4' title="bbox 164 458 1624 505; baseline -0.007 -8"><span class='ocrx_word' id='word_1_20' title='bbox 164 464 257 505; x_wconf 66' lang='lat' dir='ltr'>leges,</span> <span class='ocrx_word' id='word_1_21' title='bbox 269 468 301 496; x_wconf 75' lang='lat' dir='ltr'>et</span> <span class='ocrx_word' id='word_1_22' title='bbox 318 464 399 496; x_wconf 78' lang='lat' dir='ltr'>Cato</span> <span class='ocrx_word' id='word_1_23' title='bbox 413 464 588 496; x_wconf 69' lang='lat' dir='ltr'>transiisset</span> <span class='ocrx_word' id='word_1_24' title='bbox 603 463 637 495; x_wconf 72' lang='lat' dir='ltr'>in</span> <span class='ocrx_word' id='word_1_25' title='bbox 653 466 709 494; x_wconf 73' lang='lat' dir='ltr'>tua</span> <span class='ocrx_word' id='word_1_26' title='bbox 723 465 840 494; x_wconf 67' lang='lat' dir='ltr'>cutm.</span> <span class='ocrx_word' id='word_1_27' title='bbox 874 462 919 494; x_wconf 68' lang='lat' dir='ltr'>As</span> <span class='ocrx_word' id='word_1_28' title='bbox 934 461 1006 492; x_wconf 71' lang='lat' dir='ltr'>him:</span> <span class='ocrx_word' id='word_1_29' title='bbox 1020 461 1111 492; x_wconf 75' lang='lat' dir='ltr'>Julia</span> <span class='ocrx_word' id='word_1_30' title='bbox 1126 460 1242 501; x_wconf 73' lang='lat' dir='ltr'>templa</span> <span class='ocrx_word' id='word_1_31' title='bbox 1257 459 1504 499; x_wconf 72' lang='lat' dir='ltr'>contemplantur</span> <span class='ocrx_word' id='word_1_32' title='bbox 1518 458 1624 498; x_wconf 72' lang='lat' dir='ltr'>spatia</span> 
     </span>
     <span class='ocr_line' id='line_1_5' title="bbox 162 501 1625 543; baseline -0.006 -3"><span class='ocrx_word' id='word_1_33' title='bbox 162 506 295 540; x_wconf 71' lang='lat' dir='ltr'>laterum</span> <span class='ocrx_word' id='word_1_34' title='bbox 309 510 373 539; x_wconf 77' lang='lat' dir='ltr'>tuoe</span> <span class='ocrx_word' id='word_1_35' title='bbox 387 509 502 539; x_wconf 58' lang='grc' dir='ltr'>παίω</span> <span class='ocrx_word' id='word_1_36' title='bbox 515 517 526 538; x_wconf 91' lang='grc'>.·</span> <span class='ocrx_word' id='word_1_37' title='bbox 547 506 633 538; x_wconf 72' lang='lat' dir='ltr'>illinc</span> <span class='ocrx_word' id='word_1_38' title='bbox 647 506 730 537; x_wconf 73' lang='lat' dir='ltr'>celsa</span> <span class='ocrx_word' id='word_1_39' title='bbox 750 505 878 537; x_wconf 74' lang='lat' dir='ltr'>basilica</span> <span class='ocrx_word' id='word_1_40' title='bbox 896 504 1018 536; x_wconf 79' lang='lat' dir='ltr'>strenui</span> <span class='ocrx_word' id='word_1_41' title='bbox 1036 503 1151 536; x_wconf 77' lang='lat' dir='ltr'>Pauli:</span> <span class='ocrx_word' id='word_1_42' title='bbox 1171 503 1298 543; x_wconf 69' lang='lat' dir='ltr'>genitor</span> <span class='ocrx_word' id='word_1_43' title='bbox 1310 505 1384 533; x_wconf 76' lang='lat' dir='ltr'>tuus</span> <span class='ocrx_word' id='word_1_44' title='bbox 1397 512 1433 532; x_wconf 82' lang='lat' dir='ltr'>ac</span> <span class='ocrx_word' id='word_1_45' title='bbox 1452 501 1625 532; x_wconf 75' lang='lat' dir='ltr'><strong><em>Concordia</em></strong></span> 
     </span>
    </p>
   </div>
   <div class='ocr_carea' id='block_1_5' title="bbox 774 598 1010 612">
    <p class='ocr_par' dir='ltr' id='par_1_5' title="bbox 774 598 1010 612">
     <span class='ocr_line' id='line_1_6' title="bbox 774 598 1010 612; baseline -0.004 0"><span class='ocrx_word' id='word_1_46' title='bbox 774 598 1010 612; x_wconf 62' lang='lat' dir='ltr'>‹eeoaeeeeoeao</span> 
     </span>
    </p>
   </div>
   <div class='ocr_carea' id='block_1_6' title="bbox 158 650 1625 996">
    <p class='ocr_par' dir='ltr' id='par_1_6' title="bbox 158 650 1625 996">
     <span class='ocr_line' id='line_1_7' title="bbox 162 650 1624 695; baseline -0.006 -5"><span class='ocrx_word' id='word_1_47' title='bbox 162 657 327 695; x_wconf 75' lang='lat' dir='ltr'>Catonem</span> <span class='ocrx_word' id='word_1_48' title='bbox 343 655 556 688; x_wconf 59' lang='lat' dir='ltr'>referretur?</span> <span class='ocrx_word' id='word_1_49' title='bbox 571 656 770 688; x_wconf 55' lang='lat' dir='ltr'>fluam-29</span> <span class='ocrx_word' id='word_1_50' title='bbox 792 654 968 694; x_wconf 82' lang='lat' dir='ltr'>Barthius,</span> <span class='ocrx_word' id='word_1_51' title='bbox 982 664 1048 686; x_wconf 88' lang='lat' dir='ltr'>non</span> <span class='ocrx_word' id='word_1_52' title='bbox 1063 658 1194 695; x_wconf 87' lang='lat' dir='ltr'>potest,</span> <span class='ocrx_word' id='word_1_53' title='bbox 1210 653 1331 695; x_wconf 87' lang='lat' dir='ltr'>inquit,</span> <span class='ocrx_word' id='word_1_54' title='bbox 1347 652 1448 684; x_wconf 86' lang='lat' dir='ltr'>aliter</span> <span class='ocrx_word' id='word_1_55' title='bbox 1464 650 1624 692; x_wconf 74' lang='lat' dir='ltr'>intelligi,</span> 
     </span>
     <span class='ocr_line' id='line_1_8' title="bbox 163 694 1625 741; baseline -0.005 -10"><span class='ocrx_word' id='word_1_56' title='bbox 163 699 300 741; x_wconf 78' lang='lat' dir='ltr'>quamsi</span> <span class='ocrx_word' id='word_1_57' title='bbox 311 708 428 740; x_wconf 73' lang='lat' dir='ltr'>passus</span> <span class='ocrx_word' id='word_1_58' title='bbox 444 698 635 739; x_wconf 76' lang='lat' dir='ltr'>scripsisset</span> <span class='ocrx_word' id='word_1_59' title='bbox 651 698 794 730; x_wconf 78' lang='lat' dir='ltr'>Statius.</span> <span class='ocrx_word' id='word_1_60' title='bbox 840 697 961 729; x_wconf 80' lang='lat' dir='ltr'>Heius.</span> <span class='ocrx_word' id='word_1_61' title='bbox 982 708 1002 729; x_wconf 87' lang='lat' dir='ltr'>e</span> <span class='ocrx_word' id='word_1_62' title='bbox 1025 698 1133 729; x_wconf 84' lang='lat' dir='ltr'>Theb.</span> <span class='ocrx_word' id='word_1_63' title='bbox 1156 706 1207 728; x_wconf 78' lang='grc' dir='ltr'>ιν.</span> <span class='ocrx_word' id='word_1_64' title='bbox 1231 699 1303 728; x_wconf 82' lang='grc'><strong>173.</strong></span> <span class='ocrx_word' id='word_1_65' title='bbox 1320 694 1548 727; x_wconf 82' lang='lat' dir='ltr'>revocandum</span> <span class='ocrx_word' id='word_1_66' title='bbox 1563 703 1625 734; x_wconf 91' lang='lat' dir='ltr'>pu-</span> 
     </span>
     <span class='ocr_line' id='line_1_9' title="bbox 162 738 1621 781; baseline -0.003 -7"><span class='ocrx_word' id='word_1_67' title='bbox 162 742 266 774; x_wconf 76' lang='lat' dir='ltr'>tavit:</span> <span class='ocrx_word' id='word_1_68' title='bbox 288 741 334 774; x_wconf 66' lang='lat' dir='ltr'>A!</span> <span class='ocrx_word' id='word_1_69' title='bbox 354 742 486 774; x_wconf 77' lang='lat' dir='ltr'>laterum</span> <span class='ocrx_word' id='word_1_70' title='bbox 508 745 630 773; x_wconf 75' lang='lat' dir='ltr'>tractus</span> <span class='ocrx_word' id='word_1_71' title='bbox 652 741 737 778; x_wconf 72' lang='lat' dir='ltr'>hinc.</span> <span class='ocrx_word' id='word_1_72' title='bbox 760 743 814 781; x_wconf 74' lang='lat'>⁸50·</span> <span class='ocrx_word' id='word_1_73' title='bbox 837 740 1052 780; x_wconf 78' lang='lat' dir='ltr'>improbante</span> <span class='ocrx_word' id='word_1_74' title='bbox 1077 740 1226 772; x_wconf 81' lang='lat' dir='ltr'>Handio.</span> <span class='ocrx_word' id='word_1_75' title='bbox 1252 739 1357 780; x_wconf 80' lang='lat' dir='ltr'>Lipsii</span> <span class='ocrx_word' id='word_1_76' title='bbox 1381 738 1506 776; x_wconf 78' lang='lat' dir='ltr'>codex,</span> <span class='ocrx_word' id='word_1_77' title='bbox 1523 738 1621 769; x_wconf 85' lang='lat' dir='ltr'>Urat.</span> 
     </span>
     <span class='ocr_line' id='line_1_10' title="bbox 162 780 1624 825; baseline -0.003 -8"><span class='ocrx_word' id='word_1_78' title='bbox 162 785 243 818; x_wconf 73' lang='lat' dir='ltr'>Par.</span> <span class='ocrx_word' id='word_1_79' title='bbox 255 785 383 816; x_wconf 79' lang='lat' dir='ltr'>venet.</span> <span class='ocrx_word' id='word_1_80' title='bbox 399 787 431 816; x_wconf 91' lang='lat'>1.</span> <span class='ocrx_word' id='word_1_81' title='bbox 447 789 482 816; x_wconf 85' lang='lat' dir='ltr'>et</span> <span class='ocrx_word' id='word_1_82' title='bbox 493 781 607 816; x_wconf 77' lang='lat' dir='ltr'>Parm.</span> <span class='ocrx_word' id='word_1_83' title='bbox 623 787 718 824; x_wconf 74' lang='lat' dir='ltr'>tecla,</span> <span class='ocrx_word' id='word_1_84' title='bbox 730 783 820 825; x_wconf 89' lang='lat' dir='ltr'>quod</span> <span class='ocrx_word' id='word_1_85' title='bbox 834 784 1009 815; x_wconf 77' lang='lat' dir='ltr'>revocavit</span> <span class='ocrx_word' id='word_1_86' title='bbox 1027 783 1264 821; x_wconf 68' lang='lat' dir='ltr'>Marklandms,</span> <span class='ocrx_word' id='word_1_87' title='bbox 1280 780 1504 823; x_wconf 77' lang='lat' dir='ltr'>probantibus</span> <span class='ocrx_word' id='word_1_88' title='bbox 1519 780 1624 812; x_wconf 80' lang='lat' dir='ltr'>Beru-</span> 
     </span>
     <span class='ocr_line' id='line_1_11' title="bbox 160 821 1620 868; baseline -0.004 -8"><span class='ocrx_word' id='word_1_89' title='bbox 160 833 198 860; x_wconf 88' lang='lat' dir='ltr'>et</span> <span class='ocrx_word' id='word_1_90' title='bbox 214 827 328 859; x_wconf 75' lang='lat' dir='ltr'>Hand.</span> <span class='ocrx_word' id='word_1_91' title='bbox 372 827 449 858; x_wconf 88' lang='lat' dir='ltr'>Duo</span> <span class='ocrx_word' id='word_1_92' title='bbox 465 827 520 858; x_wconf 85' lang='lat' dir='ltr'>alii</span> <span class='ocrx_word' id='word_1_93' title='bbox 531 827 699 868; x_wconf 83' lang='lat' dir='ltr'>Lipsiani,</span> <span class='ocrx_word' id='word_1_94' title='bbox 710 826 806 858; x_wconf 87' lang='lat' dir='ltr'>Leid.</span> <span class='ocrx_word' id='word_1_95' title='bbox 824 826 922 857; x_wconf 85' lang='lat' dir='ltr'>Rom.</span> <span class='ocrx_word' id='word_1_96' title='bbox 936 826 1077 858; x_wconf 82' lang='lat' dir='ltr'>vicent.</span> <span class='ocrx_word' id='word_1_97' title='bbox 1093 827 1237 857; x_wconf 81' lang='lat' dir='ltr'>Venett.</span> <span class='ocrx_word' id='word_1_98' title='bbox 1249 828 1281 856; x_wconf 81' lang='lat'>2.</span> <span class='ocrx_word' id='word_1_99' title='bbox 1297 827 1329 856; x_wconf 77' lang='lat'>3.</span> <span class='ocrx_word' id='word_1_100' title='bbox 1346 827 1378 855; x_wconf 74' lang='grc' dir='ltr'>Δ.</span> <span class='ocrx_word' id='word_1_101' title='bbox 1396 823 1503 855; x_wconf 88' lang='lat' dir='ltr'>Petit.</span> <span class='ocrx_word' id='word_1_102' title='bbox 1516 821 1620 854; x_wconf 80' lang='lat' dir='ltr'>Aldd.</span> 
     </span>
     <span class='ocr_line' id='line_1_12' title="bbox 163 865 1625 911; baseline -0.004 -10"><span class='ocrx_word' id='word_1_103' title='bbox 163 869 274 902; x_wconf 84' lang='lat' dir='ltr'>Colin.</span> <span class='ocrx_word' id='word_1_104' title='bbox 290 869 396 901; x_wconf 65' lang='lat' dir='ltr'>Bau.</span> <span class='ocrx_word' id='word_1_105' title='bbox 412 869 548 911; x_wconf 80' lang='lat' dir='ltr'>Grypb.</span> <span class='ocrx_word' id='word_1_106' title='bbox 568 873 596 900; x_wconf 91' lang='grc'>1.</span> <span class='ocrx_word' id='word_1_107' title='bbox 611 872 644 901; x_wconf 82' lang='grc'>2.</span> <span class='ocrx_word' id='word_1_108' title='bbox 669 870 775 901; x_wconf 86' lang='lat' dir='ltr'>Bern.</span> <span class='ocrx_word' id='word_1_109' title='bbox 798 868 945 901; x_wconf 80' lang='lat' dir='ltr'>Gevart.</span> <span class='ocrx_word' id='word_1_110' title='bbox 958 869 1035 900; x_wconf 82' lang='grc' dir='ltr'>ΤὶΙΙ.</span> <span class='ocrx_word' id='word_1_111' title='bbox 1053 869 1177 900; x_wconf 86' lang='lat' dir='ltr'>Heius.</span> <span class='ocrx_word' id='word_1_112' title='bbox 1194 868 1318 899; x_wconf 86' lang='lat' dir='ltr'>Morel.</span> <span class='ocrx_word' id='word_1_113' title='bbox 1333 866 1486 898; x_wconf 83' lang='lat' dir='ltr'>Gronov.</span> <span class='ocrx_word' id='word_1_114' title='bbox 1504 865 1625 896; x_wconf 84' lang='lat' dir='ltr'>Barth.</span> 
     </span>
     <span class='ocr_line' id='line_1_13' title="bbox 158 909 1619 954; baseline -0.003 -10"><span class='ocrx_word' id='word_1_115' title='bbox 158 913 268 945; x_wconf 75' lang='lat' dir='ltr'>Veeu.</span> <span class='ocrx_word' id='word_1_116' title='bbox 282 916 317 943; x_wconf 81' lang='lat' dir='ltr'>et</span> <span class='ocrx_word' id='word_1_117' title='bbox 332 912 461 954; x_wconf 86' lang='lat' dir='ltr'>Delph.</span> <span class='ocrx_word' id='word_1_118' title='bbox 475 914 600 953; x_wconf 75' lang='lat' dir='ltr'>templa.</span> <span class='ocrx_word' id='word_1_119' title='bbox 644 912 747 951; x_wconf 67' lang='lat' dir='ltr'>Saepe</span> <span class='ocrx_word' id='word_1_120' title='bbox 772 911 1030 943; x_wconf 84' lang='lat' dir='ltr'>confunduntur</span> <span class='ocrx_word' id='word_1_121' title='bbox 1056 915 1137 943; x_wconf 74' lang='lat' dir='ltr'>tecta</span> <span class='ocrx_word' id='word_1_122' title='bbox 1164 915 1201 942; x_wconf 90' lang='lat' dir='ltr'>et</span> <span class='ocrx_word' id='word_1_123' title='bbox 1227 911 1351 950; x_wconf 71' lang='lat' dir='ltr'>templa.</span> <span class='ocrx_word' id='word_1_124' title='bbox 1395 909 1483 940; x_wconf 87' lang='lat' dir='ltr'>Vide</span> <span class='ocrx_word' id='word_1_125' title='bbox 1501 909 1619 940; x_wconf 85' lang='lat' dir='ltr'>Burm.</span> 
     </span>
     <span class='ocr_line' id='line_1_14' title="bbox 159 950 1623 996; baseline -0.005 -7"><span class='ocrx_word' id='word_1_126' title='bbox 159 955 202 988; x_wconf 74' lang='lat' dir='ltr'>sd</span> <span class='ocrx_word' id='word_1_127' title='bbox 217 956 346 989; x_wconf 70' lang='lat' dir='ltr'>Lucan.</span> <span class='ocrx_word' id='word_1_128' title='bbox 361 963 394 987; x_wconf 86' lang='lat' dir='ltr'>v.</span> <span class='ocrx_word' id='word_1_129' title='bbox 411 957 551 987; x_wconf 80' lang='grc'><strong>19.-30</strong></span> <span class='ocrx_word' id='word_1_130' title='bbox 574 954 672 986; x_wconf 77' lang='lat' dir='ltr'>Pauli</span> <span class='ocrx_word' id='word_1_131' title='bbox 693 955 726 986; x_wconf 90' lang='lat' dir='ltr'>in</span> <span class='ocrx_word' id='word_1_132' title='bbox 741 955 842 987; x_wconf 82' lang='lat' dir='ltr'>codd.</span> <span class='ocrx_word' id='word_1_133' title='bbox 870 964 938 986; x_wconf 90' lang='lat' dir='ltr'>uon</span> <span class='ocrx_word' id='word_1_134' title='bbox 964 954 1087 995; x_wconf 77' lang='lat' dir='ltr'>Paulli,</span> <span class='ocrx_word' id='word_1_135' title='bbox 1113 954 1204 996; x_wconf 89' lang='lat' dir='ltr'>quod</span> <span class='ocrx_word' id='word_1_136' title='bbox 1228 959 1368 985; x_wconf 85' lang='lat' dir='ltr'>notasse</span> <span class='ocrx_word' id='word_1_137' title='bbox 1396 950 1623 983; x_wconf 52' lang='lat' dir='ltr'>rusticiu—32</span> 
     </span>
    </p>
   </div>
   <div class='ocr_carea' id='block_1_7' title="bbox 817 1045 959 1079">
    <p class='ocr_par' dir='ltr' id='par_1_7' title="bbox 817 1045 959 1079">
     <span class='ocr_line' id='line_1_15' title="bbox 817 1045 959 1079; baseline 0.007 -1"><span class='ocrx_word' id='word_1_138' title='bbox 817 1046 849 1078; x_wconf 88' lang='lat' dir='ltr'>N</span> <span class='ocrx_word' id='word_1_139' title='bbox 855 1045 959 1079; x_wconf 81' lang='lat' dir='ltr'>O&#39;rAE</span> 
     </span>
    </p>
   </div>
   <div class='ocr_carea' id='block_1_8' title="bbox 916 1110 1623 1194">
    <p class='ocr_par' dir='ltr' id='par_1_8' title="bbox 916 1110 1623 1194">
     <span class='ocr_line' id='line_1_16' title="bbox 916 1110 1623 1150; baseline -0.006 -7"><span class='ocrx_word' id='word_1_140' title='bbox 916 1112 996 1143; x_wconf 88' lang='lat' dir='ltr'>dnm</span> <span class='ocrx_word' id='word_1_141' title='bbox 1019 1116 1162 1144; x_wconf 85' lang='lat' dir='ltr'>censet:</span> <span class='ocrx_word' id='word_1_142' title='bbox 1190 1112 1234 1143; x_wconf 76' lang='lat' dir='ltr'>Ec</span> <span class='ocrx_word' id='word_1_143' title='bbox 1261 1110 1407 1143; x_wconf 68' lang='lat' dir='ltr'>minorisa</span> <span class='ocrx_word' id='word_1_144' title='bbox 1426 1110 1510 1149; x_wconf 81' lang='lat' dir='ltr'>leges</span> <span class='ocrx_word' id='word_1_145' title='bbox 1525 1118 1623 1150; x_wconf 77' lang='lat' dir='ltr'>gener</span> 
     </span>
     <span class='ocr_line' id='line_1_17' title="bbox 916 1163 1284 1194; baseline 0 0"><span class='ocrx_word' id='word_1_146' title='bbox 916 1167 945 1194; x_wconf 70' lang='lat' dir='ltr'>et</span> <span class='ocrx_word' id='word_1_147' title='bbox 964 1163 1044 1194; x_wconf 74' lang='lat' dir='ltr'>Cato</span> <span class='ocrx_word' id='word_1_148' title='bbox 1061 1163 1198 1194; x_wconf 78' lang='lat' dir='ltr'>Coesaris</span> <span class='ocrx_word' id='word_1_149' title='bbox 1212 1164 1284 1194; x_wconf 80' lang='lat' dir='ltr'>iret.</span> 
     </span>
    </p>
   </div>
   <div class='ocr_carea' id='block_1_9' title="bbox 161 1112 862 1196">
    <p class='ocr_par' dir='ltr' id='par_1_9' title="bbox 161 1112 862 1196">
     <span class='ocr_line' id='line_1_18' title="bbox 161 1112 862 1154; baseline 0 -10"><span class='ocrx_word' id='word_1_150' title='bbox 161 1121 240 1144; x_wconf 84' lang='lat' dir='ltr'>ense</span> <span class='ocrx_word' id='word_1_151' title='bbox 255 1112 421 1153; x_wconf 74' lang='lat' dir='ltr'>confodit,</span> <span class='ocrx_word' id='word_1_152' title='bbox 435 1122 478 1144; x_wconf 89' lang='lat' dir='ltr'>ne</span> <span class='ocrx_word' id='word_1_153' title='bbox 494 1113 527 1144; x_wconf 89' lang='lat' dir='ltr'>in</span> <span class='ocrx_word' id='word_1_154' title='bbox 544 1112 686 1145; x_wconf 69' lang='lat' dir='ltr'>Caesaris</span> <span class='ocrx_word' id='word_1_155' title='bbox 711 1116 862 1154; x_wconf 82' lang='lat' dir='ltr'>potesta·</span> 
     </span>
     <span class='ocr_line' id='line_1_19' title="bbox 162 1163 862 1196; baseline 0 -2"><span class='ocrx_word' id='word_1_156' title='bbox 162 1167 230 1195; x_wconf 85' lang='lat' dir='ltr'>tem</span> <span class='ocrx_word' id='word_1_157' title='bbox 261 1163 405 1196; x_wconf 81' lang='lat' dir='ltr'>veniret.</span> <span class='ocrx_word' id='word_1_158' title='bbox 447 1164 536 1195; x_wconf 87' lang='lat' dir='ltr'>Vide</span> <span class='ocrx_word' id='word_1_159' title='bbox 575 1164 797 1195; x_wconf 76' lang='lat' dir='ltr'>Plutarchum</span> <span class='ocrx_word' id='word_1_160' title='bbox 828 1163 862 1194; x_wconf 90' lang='lat' dir='ltr'>in</span> 
     </span>
    </p>
   </div>
   <div class='ocr_carea' id='block_1_10' title="bbox 146 1212 864 2767">
    <p class='ocr_par' dir='ltr' id='par_1_10' title="bbox 146 1212 864 2767">
     <span class='ocr_line' id='line_1_20' title="bbox 161 1212 864 1255; baseline -0.001 -11"><span class='ocrx_word' id='word_1_161' title='bbox 161 1213 237 1254; x_wconf 84' lang='lat' dir='ltr'>ejus</span> <span class='ocrx_word' id='word_1_162' title='bbox 252 1214 323 1245; x_wconf 81' lang='lat' dir='ltr'>vita</span> <span class='ocrx_word' id='word_1_163' title='bbox 336 1213 488 1255; x_wconf 85' lang='lat' dir='ltr'>aliosque</span> <span class='ocrx_word' id='word_1_164' title='bbox 502 1213 693 1245; x_wconf 85' lang='lat' dir='ltr'>historicos.</span> <span class='ocrx_word' id='word_1_165' title='bbox 725 1212 864 1254; x_wconf 79' lang='lat' dir='ltr'>Castris]</span> 
     </span>
     <span class='ocr_line' id='line_1_21' title="bbox 163 1263 862 1305; baseline 0 -11"><span class='ocrx_word' id='word_1_166' title='bbox 163 1263 311 1298; x_wconf 77' lang='lat' dir='ltr'>Quidam</span> <span class='ocrx_word' id='word_1_167' title='bbox 347 1264 607 1304; x_wconf 81' lang='lat' dir='ltr'>subintelligunt</span> <span class='ocrx_word' id='word_1_168' title='bbox 649 1264 862 1305; x_wconf 58' lang='lat' dir='ltr'>praepositio·</span> 
     </span>
     <span class='ocr_line' id='line_1_22' title="bbox 160 1313 862 1355; baseline 0 -10"><span class='ocrx_word' id='word_1_169' title='bbox 160 1323 237 1345; x_wconf 80' lang='lat' dir='ltr'>nem</span> <span class='ocrx_word' id='word_1_170' title='bbox 251 1315 262 1332; x_wconf 88' lang='lat'>‘</span> <span class='ocrx_word' id='word_1_171' title='bbox 276 1314 377 1355; x_wconf 89' lang='lat' dir='ltr'>cum,&#39;</span> <span class='ocrx_word' id='word_1_172' title='bbox 391 1319 430 1346; x_wconf 90' lang='lat' dir='ltr'>ut</span> <span class='ocrx_word' id='word_1_173' title='bbox 441 1315 487 1346; x_wconf 87' lang='lat' dir='ltr'>sit</span> <span class='ocrx_word' id='word_1_174' title='bbox 500 1323 634 1346; x_wconf 85' lang='lat' dir='ltr'>sensus:</span> <span class='ocrx_word' id='word_1_175' title='bbox 660 1313 862 1355; x_wconf 83' lang='lat' dir='ltr'>Pompeium</span> 
     </span>
     <span class='ocr_line' id='line_1_23' title="bbox 161 1364 861 1407; baseline -0.003 -10"><span class='ocrx_word' id='word_1_176' title='bbox 161 1369 199 1397; x_wconf 81' lang='lat' dir='ltr'>et</span> <span class='ocrx_word' id='word_1_177' title='bbox 214 1364 377 1397; x_wconf 77' lang='lat' dir='ltr'>Catonem</span> <span class='ocrx_word' id='word_1_178' title='bbox 393 1375 413 1397; x_wconf 72' lang='lat' dir='ltr'>a</span> <span class='ocrx_word' id='word_1_179' title='bbox 426 1365 620 1397; x_wconf 88' lang='lat' dir='ltr'>Domitiano</span> <span class='ocrx_word' id='word_1_180' title='bbox 632 1365 725 1406; x_wconf 83' lang='lat' dir='ltr'>leges</span> <span class='ocrx_word' id='word_1_181' title='bbox 741 1374 861 1407; x_wconf 75' lang='lat' dir='ltr'>accep-</span> 
     </span>
     <span class='ocr_line' id='line_1_24' title="bbox 161 1415 861 1456; baseline 0 -10"><span class='ocrx_word' id='word_1_182' title='bbox 161 1418 254 1446; x_wconf 82' lang='lat' dir='ltr'>turos</span> <span class='ocrx_word' id='word_1_183' title='bbox 279 1425 355 1447; x_wconf 87' lang='lat' dir='ltr'>cum</span> <span class='ocrx_word' id='word_1_184' title='bbox 388 1416 510 1447; x_wconf 82' lang='lat' dir='ltr'>castris</span> <span class='ocrx_word' id='word_1_185' title='bbox 540 1415 608 1447; x_wconf 84' lang='lat' dir='ltr'>suis</span> <span class='ocrx_word' id='word_1_186' title='bbox 645 1424 707 1446; x_wconf 87' lang='lat' dir='ltr'>sen</span> <span class='ocrx_word' id='word_1_187' title='bbox 742 1415 861 1456; x_wconf 82' lang='lat' dir='ltr'>copiis.</span> 
     </span>
     <span class='ocr_line' id='line_1_25' title="bbox 160 1465 860 1508; baseline -0.003 -10"><span class='ocrx_word' id='word_1_188' title='bbox 160 1465 231 1498; x_wconf 85' lang='lat' dir='ltr'>Alii</span> <span class='ocrx_word' id='word_1_189' title='bbox 265 1467 543 1508; x_wconf 72' lang='lat' dir='ltr'>praepositionem</span> <span class='ocrx_word' id='word_1_190' title='bbox 581 1467 591 1484; x_wconf 91' lang='lat'>‘</span> <span class='ocrx_word' id='word_1_191' title='bbox 615 1465 657 1506; x_wconf 85' lang='lat' dir='ltr'>e,&#39;</span> <span class='ocrx_word' id='word_1_192' title='bbox 695 1469 734 1497; x_wconf 87' lang='lat' dir='ltr'>ut</span> <span class='ocrx_word' id='word_1_193' title='bbox 770 1465 860 1506; x_wconf 82' lang='lat' dir='ltr'>apud</span> 
     </span>
     <span class='ocr_line' id='line_1_26' title="bbox 162 1515 864 1557; baseline 0 -10"><span class='ocrx_word' id='word_1_194' title='bbox 162 1515 326 1548; x_wconf 84' lang='lat' dir='ltr'>Nostrum</span> <span class='ocrx_word' id='word_1_195' title='bbox 362 1516 471 1548; x_wconf 84' lang='lat' dir='ltr'>Theb.</span> <span class='ocrx_word' id='word_1_196' title='bbox 504 1525 587 1548; x_wconf 76' lang='lat' dir='ltr'>vni.</span> <span class='ocrx_word' id='word_1_197' title='bbox 630 1520 641 1533; x_wconf 84' lang='grc'><strong><em>’</em></strong></span> <span class='ocrx_word' id='word_1_198' title='bbox 665 1515 810 1557; x_wconf 80' lang='lat' dir='ltr'>Ogygiis</span> <span class='ocrx_word' id='word_1_199' title='bbox 837 1516 864 1547; x_wconf 90' lang='lat' dir='ltr'>it</span> 
     </span>
     <span class='ocr_line' id='line_1_27' title="bbox 162 1565 863 1607; baseline 0 -10"><span class='ocrx_word' id='word_1_200' title='bbox 162 1570 252 1598; x_wconf 81' lang='lat' dir='ltr'>sorte</span> <span class='ocrx_word' id='word_1_201' title='bbox 290 1567 428 1599; x_wconf 68' lang='lat' dir='ltr'>Creon!</span> <span class='ocrx_word' id='word_1_202' title='bbox 480 1566 679 1598; x_wconf 86' lang='lat' dir='ltr'>Imitatione</span> <span class='ocrx_word' id='word_1_203' title='bbox 715 1565 863 1607; x_wconf 80' lang='lat' dir='ltr'>Virgilii,</span> 
     </span>
     <span class='ocr_line' id='line_1_28' title="bbox 162 1615 862 1657; baseline 0 -10"><span class='ocrx_word' id='word_1_204' title='bbox 162 1615 262 1657; x_wconf 89' lang='lat' dir='ltr'>cnjus</span> <span class='ocrx_word' id='word_1_205' title='bbox 291 1616 373 1648; x_wconf 86' lang='lat' dir='ltr'>illud</span> <span class='ocrx_word' id='word_1_206' title='bbox 403 1616 537 1649; x_wconf 83' lang='lat' dir='ltr'>AEneid.</span> <span class='ocrx_word' id='word_1_207' title='bbox 565 1625 616 1648; x_wconf 81' lang='lat' dir='ltr'>iv.</span> <span class='ocrx_word' id='word_1_208' title='bbox 661 1618 671 1634; x_wconf 78' lang='lat'><strong><em>⁶</em></strong></span> <span class='ocrx_word' id='word_1_209' title='bbox 694 1615 728 1647; x_wconf 87' lang='lat' dir='ltr'>It</span> <span class='ocrx_word' id='word_1_210' title='bbox 753 1615 862 1656; x_wconf 90' lang='lat' dir='ltr'>portis</span> 
     </span>
     <span class='ocr_line' id='line_1_29' title="bbox 157 1665 862 1708; baseline 0.001 -11"><span class='ocrx_word' id='word_1_211' title='bbox 157 1665 282 1706; x_wconf 77' lang='lat' dir='ltr'>jubare</span> <span class='ocrx_word' id='word_1_212' title='bbox 296 1671 418 1698; x_wconf 80' lang='lat' dir='ltr'>exorto</span> <span class='ocrx_word' id='word_1_213' title='bbox 432 1666 567 1698; x_wconf 85' lang='lat' dir='ltr'>delecta</span> <span class='ocrx_word' id='word_1_214' title='bbox 581 1665 771 1708; x_wconf 63' lang='lat' dir='ltr'>juventus!</span> <span class='ocrx_word' id='word_1_215' title='bbox 814 1666 862 1698; x_wconf 86' lang='lat' dir='ltr'>Ut</span> 
     </span>
     <span class='ocr_line' id='line_1_30' title="bbox 162 1715 862 1748; baseline 0.001 -1"><span class='ocrx_word' id='word_1_216' title='bbox 162 1715 208 1747; x_wconf 87' lang='lat' dir='ltr'>sit</span> <span class='ocrx_word' id='word_1_217' title='bbox 222 1725 360 1748; x_wconf 82' lang='lat' dir='ltr'>sensus:</span> <span class='ocrx_word' id='word_1_218' title='bbox 383 1716 547 1748; x_wconf 82' lang='lat' dir='ltr'>Catonem</span> <span class='ocrx_word' id='word_1_219' title='bbox 565 1716 737 1748; x_wconf 83' lang='lat' dir='ltr'>exiturum</span> <span class='ocrx_word' id='word_1_220' title='bbox 753 1725 773 1748; x_wconf 88' lang='lat' dir='ltr'>e</span> <span class='ocrx_word' id='word_1_221' title='bbox 788 1725 862 1748; x_wconf 79' lang='lat' dir='ltr'>css-</span> 
     </span>
     <span class='ocr_line' id='line_1_31' title="bbox 161 1765 862 1808; baseline 0.003 -11"><span class='ocrx_word' id='word_1_222' title='bbox 161 1765 224 1798; x_wconf 87' lang='lat' dir='ltr'>tris</span> <span class='ocrx_word' id='word_1_223' title='bbox 238 1769 274 1798; x_wconf 88' lang='lat' dir='ltr'>et</span> <span class='ocrx_word' id='word_1_224' title='bbox 287 1775 379 1798; x_wconf 79' lang='lat' dir='ltr'>arma</span> <span class='ocrx_word' id='word_1_225' title='bbox 402 1767 604 1808; x_wconf 88' lang='lat' dir='ltr'>positurum.</span> <span class='ocrx_word' id='word_1_226' title='bbox 646 1767 715 1800; x_wconf 86' lang='lat' dir='ltr'>Sed</span> <span class='ocrx_word' id='word_1_227' title='bbox 734 1767 782 1799; x_wconf 81' lang='lat' dir='ltr'>ire</span> <span class='ocrx_word' id='word_1_228' title='bbox 795 1776 862 1799; x_wconf 79' lang='lat' dir='ltr'>cas-</span> 
     </span>
     <span class='ocr_line' id='line_1_32' title="bbox 161 1816 862 1859; baseline 0.003 -12"><span class='ocrx_word' id='word_1_229' title='bbox 161 1816 223 1848; x_wconf 76' lang='lat' dir='ltr'>tris</span> <span class='ocrx_word' id='word_1_230' title='bbox 237 1826 298 1858; x_wconf 91' lang='lat' dir='ltr'>pro</span> <span class='ocrx_word' id='word_1_231' title='bbox 320 1817 372 1848; x_wconf 89' lang='lat' dir='ltr'>ire</span> <span class='ocrx_word' id='word_1_232' title='bbox 387 1817 430 1848; x_wconf 82' lang='lat' dir='ltr'>ad</span> <span class='ocrx_word' id='word_1_233' title='bbox 453 1821 580 1854; x_wconf 83' lang='lat' dir='ltr'>castra,</span> <span class='ocrx_word' id='word_1_234' title='bbox 595 1818 677 1849; x_wconf 88' lang='lat' dir='ltr'>mihi</span> <span class='ocrx_word' id='word_1_235' title='bbox 701 1817 862 1859; x_wconf 87' lang='lat' dir='ltr'>probabi·</span> 
     </span>
     <span class='ocr_line' id='line_1_33' title="bbox 160 1866 862 1908; baseline 0.003 -10"><span class='ocrx_word' id='word_1_236' title='bbox 160 1866 225 1898; x_wconf 82' lang='lat' dir='ltr'>lius</span> <span class='ocrx_word' id='word_1_237' title='bbox 246 1866 396 1908; x_wconf 80' lang='lat' dir='ltr'>videtur,</span> <span class='ocrx_word' id='word_1_238' title='bbox 412 1876 495 1899; x_wconf 84' lang='lat' dir='ltr'>voce</span> <span class='ocrx_word' id='word_1_239' title='bbox 515 1868 632 1899; x_wconf 73' lang='lat' dir='ltr'>castr-is</span> <span class='ocrx_word' id='word_1_240' title='bbox 655 1867 759 1900; x_wconf 84' lang='lat' dir='ltr'>dandi</span> <span class='ocrx_word' id='word_1_241' title='bbox 779 1877 862 1900; x_wconf 86' lang='lat' dir='ltr'>casu</span> 
     </span>
     <span class='ocr_line' id='line_1_34' title="bbox 162 1918 861 1959; baseline 0.003 -11"><span class='ocrx_word' id='word_1_242' title='bbox 162 1921 319 1958; x_wconf 73' lang='lat' dir='ltr'>accepto.</span> <span class='ocrx_word' id='word_1_243' title='bbox 365 1918 414 1949; x_wconf 89' lang='lat' dir='ltr'>Ut</span> <span class='ocrx_word' id='word_1_244' title='bbox 444 1918 534 1959; x_wconf 78' lang='lat' dir='ltr'>apud</span> <span class='ocrx_word' id='word_1_245' title='bbox 565 1918 729 1950; x_wconf 84' lang='lat' dir='ltr'>Nostrum</span> <span class='ocrx_word' id='word_1_246' title='bbox 755 1918 861 1951; x_wconf 83' lang='lat' dir='ltr'>Theb.</span> 
     </span>
     <span class='ocr_line' id='line_1_35' title="bbox 162 1967 862 2010; baseline 0.004 -12"><span class='ocrx_word' id='word_1_247' title='bbox 162 1975 214 1999; x_wconf 76' lang='lat' dir='ltr'>lv,</span> <span class='ocrx_word' id='word_1_248' title='bbox 234 1967 247 1985; x_wconf 86' lang='lat'>‘</span> <span class='ocrx_word' id='word_1_249' title='bbox 259 1967 316 1999; x_wconf 85' lang='lat' dir='ltr'>Ire</span> <span class='ocrx_word' id='word_1_250' title='bbox 326 1967 448 2000; x_wconf 86' lang='lat' dir='ltr'>ducem</span> <span class='ocrx_word' id='word_1_251' title='bbox 466 1968 577 2005; x_wconf 86' lang='lat' dir='ltr'>bello.’</span> <span class='ocrx_word' id='word_1_252' title='bbox 591 1972 626 2000; x_wconf 85' lang='lat' dir='ltr'>et</span> <span class='ocrx_word' id='word_1_253' title='bbox 640 1969 729 2010; x_wconf 85' lang='lat' dir='ltr'>apud</span> <span class='ocrx_word' id='word_1_254' title='bbox 739 1969 862 2010; x_wconf 81' lang='lat' dir='ltr'>virgil.</span> 
     </span>
     <span class='ocr_line' id='line_1_36' title="bbox 162 2016 862 2061; baseline 0.004 -13"><span class='ocrx_word' id='word_1_255' title='bbox 162 2016 295 2049; x_wconf 83' lang='lat' dir='ltr'>AEueid.</span> <span class='ocrx_word' id='word_1_256' title='bbox 309 2026 364 2049; x_wconf 68' lang='grc' dir='ltr'>ιι.</span> <span class='ocrx_word' id='word_1_257' title='bbox 408 2018 419 2036; x_wconf 85' lang='lat'>‘</span> <span class='ocrx_word' id='word_1_258' title='bbox 436 2018 470 2050; x_wconf 86' lang='lat' dir='ltr'>lt</span> <span class='ocrx_word' id='word_1_259' title='bbox 489 2020 576 2050; x_wconf 84' lang='lat' dir='ltr'>coelo</span> <span class='ocrx_word' id='word_1_260' title='bbox 600 2020 796 2061; x_wconf 81' lang='lat' dir='ltr'>clamorque</span> <span class='ocrx_word' id='word_1_261' title='bbox 813 2021 862 2051; x_wconf 87' lang='lat' dir='ltr'>vi-</span> 
     </span>
     <span class='ocr_line' id='line_1_37' title="bbox 162 2068 861 2112; baseline 0.007 -14"><span class='ocrx_word' id='word_1_262' title='bbox 162 2075 250 2106; x_wconf 81' lang='lat' dir='ltr'>rum,</span> <span class='ocrx_word' id='word_1_263' title='bbox 264 2068 470 2111; x_wconf 76' lang='lat' dir='ltr'>clangorque</span> <span class='ocrx_word' id='word_1_264' title='bbox 486 2069 666 2102; x_wconf 89' lang='lat' dir='ltr'>tubarum.’</span> <span class='ocrx_word' id='word_1_265' title='bbox 710 2071 757 2103; x_wconf 90' lang='lat' dir='ltr'>Et</span> <span class='ocrx_word' id='word_1_266' title='bbox 770 2071 861 2112; x_wconf 87' lang='lat' dir='ltr'>apud</span> 
     </span>
     <span class='ocr_line' id='line_1_38' title="bbox 159 2115 861 2153; baseline 0.009 -6"><span class='ocrx_word' id='word_1_267' title='bbox 159 2115 276 2148; x_wconf 87' lang='lat' dir='ltr'>Silium</span> <span class='ocrx_word' id='word_1_268' title='bbox 289 2118 447 2150; x_wconf 84' lang='lat' dir='ltr'>Italicum</span> <span class='ocrx_word' id='word_1_269' title='bbox 459 2119 518 2151; x_wconf 88' lang='lat' dir='ltr'>lib.</span> <span class='ocrx_word' id='word_1_270' title='bbox 535 2129 572 2152; x_wconf 85' lang='lat' dir='ltr'>x.</span> <span class='ocrx_word' id='word_1_271' title='bbox 616 2121 627 2138; x_wconf 89' lang='lat'><em>‘</em></span> <span class='ocrx_word' id='word_1_272' title='bbox 641 2120 713 2152; x_wconf 86' lang='lat' dir='ltr'>Sibi</span> <span class='ocrx_word' id='word_1_273' title='bbox 728 2122 861 2153; x_wconf 83' lang='lat' dir='ltr'>tristius</span> 
     </span>
     <span class='ocr_line' id='line_1_39' title="bbox 146 2167 861 2214; baseline 0.008 -16"><span class='ocrx_word' id='word_1_274' title='bbox 146 2167 256 2214; x_wconf 40' lang='lat' dir='ltr'>,illum</span> <span class='ocrx_word' id='word_1_275' title='bbox 278 2168 435 2200; x_wconf 77' lang='lat' dir='ltr'>Illuxisse</span> <span class='ocrx_word' id='word_1_276' title='bbox 451 2170 554 2210; x_wconf 84' lang='lat' dir='ltr'>diem,</span> <span class='ocrx_word' id='word_1_277' title='bbox 570 2173 692 2203; x_wconf 80' lang='lat' dir='ltr'>castris</span> <span class='ocrx_word' id='word_1_278' title='bbox 715 2176 754 2203; x_wconf 86' lang='lat' dir='ltr'>nt</span> <span class='ocrx_word' id='word_1_279' title='bbox 767 2171 861 2204; x_wconf 83' lang='lat' dir='ltr'>vide-</span> 
     </span>
     <span class='ocr_line' id='line_1_40' title="bbox 162 2215 860 2262; baseline 0.009 -15"><span class='ocrx_word' id='word_1_280' title='bbox 162 2215 210 2247; x_wconf 84' lang='lat' dir='ltr'>rit</span> <span class='ocrx_word' id='word_1_281' title='bbox 230 2216 282 2248; x_wconf 86' lang='lat' dir='ltr'>ire</span> <span class='ocrx_word' id='word_1_282' title='bbox 295 2217 499 2259; x_wconf 86' lang='lat' dir='ltr'>Varronem,</span> <span class='ocrx_word' id='word_1_283' title='bbox 524 2229 624 2261; x_wconf 78' lang='lat' dir='ltr'>quam</span> <span class='ocrx_word' id='word_1_284' title='bbox 651 2231 718 2262; x_wconf 86' lang='lat' dir='ltr'>quo</span> <span class='ocrx_word' id='word_1_285' title='bbox 745 2221 860 2254; x_wconf 82' lang='lat' dir='ltr'>videat</span> 
     </span>
     <span class='ocr_line' id='line_1_41' title="bbox 162 2267 860 2304; baseline 0.01 -7"><span class='ocrx_word' id='word_1_286' title='bbox 162 2275 314 2298; x_wconf 70' lang='lat' dir='ltr'>reme-rc</span> <span class='ocrx_word' id='word_1_287' title='bbox 341 2267 415 2299; x_wconf 84' lang='lat' dir='ltr'>siue</span> <span class='ocrx_word' id='word_1_288' title='bbox 448 2269 573 2302; x_wconf 70' lang='lat' dir='ltr'>armis:</span> <span class='ocrx_word' id='word_1_289' title='bbox 615 2270 685 2303; x_wconf 88' lang='lat' dir='ltr'>Ubi</span> <span class='ocrx_word' id='word_1_290' title='bbox 708 2273 718 2289; x_wconf 91' lang='lat'>‘</span> <span class='ocrx_word' id='word_1_291' title='bbox 740 2272 860 2304; x_wconf 84' lang='lat' dir='ltr'>castris</span> 
     </span>
     <span class='ocr_line' id='line_1_42' title="bbox 159 2315 861 2354; baseline 0.01 -7"><span class='ocrx_word' id='word_1_292' title='bbox 159 2316 213 2347; x_wconf 85' lang='lat' dir='ltr'>ire</span> <span class='ocrx_word' id='word_1_293' title='bbox 230 2315 344 2348; x_wconf 87' lang='lat' dir='ltr'>’idem</span> <span class='ocrx_word' id='word_1_294' title='bbox 359 2327 399 2349; x_wconf 82' lang='lat' dir='ltr'>ac</span> <span class='ocrx_word' id='word_1_295' title='bbox 415 2317 459 2349; x_wconf 80' lang='lat' dir='ltr'>ad</span> <span class='ocrx_word' id='word_1_296' title='bbox 482 2325 606 2352; x_wconf 83' lang='lat' dir='ltr'>castra.</span> <span class='ocrx_word' id='word_1_297' title='bbox 648 2321 696 2353; x_wconf 85' lang='lat' dir='ltr'>Et</span> <span class='ocrx_word' id='word_1_298' title='bbox 717 2322 777 2354; x_wconf 90' lang='lat' dir='ltr'>lib.</span> <span class='ocrx_word' id='word_1_299' title='bbox 801 2330 861 2354; x_wconf 85' lang='lat' dir='ltr'>xv.</span> 
     </span>
     <span class='ocr_line' id='line_1_43' title="bbox 160 2366 861 2410; baseline 0.01 -12"><span class='ocrx_word' id='word_1_300' title='bbox 160 2366 171 2384; x_wconf 90' lang='lat'>‘</span> <span class='ocrx_word' id='word_1_301' title='bbox 186 2366 243 2399; x_wconf 87' lang='lat' dir='ltr'>Ire</span> <span class='ocrx_word' id='word_1_302' title='bbox 264 2368 372 2399; x_wconf 88' lang='lat' dir='ltr'>sorori</span> <span class='ocrx_word' id='word_1_303' title='bbox 386 2368 494 2410; x_wconf 82' lang='lat' dir='ltr'>(Nam</span> <span class='ocrx_word' id='word_1_304' title='bbox 515 2372 636 2403; x_wconf 85' lang='lat' dir='ltr'>castris</span> <span class='ocrx_word' id='word_1_305' title='bbox 651 2378 728 2404; x_wconf 84' lang='lat' dir='ltr'>erat</span> <span class='ocrx_word' id='word_1_306' title='bbox 744 2373 777 2404; x_wconf 92' lang='lat' dir='ltr'>in</span> <span class='ocrx_word' id='word_1_307' title='bbox 794 2373 861 2405; x_wconf 86' lang='lat' dir='ltr'>Ru-</span> 
     </span>
     <span class='ocr_line' id='line_1_44' title="bbox 161 2416 861 2463; baseline 0.011 -16"><span class='ocrx_word' id='word_1_308' title='bbox 161 2416 247 2458; x_wconf 83' lang='lat' dir='ltr'>tilis)</span> <span class='ocrx_word' id='word_1_309' title='bbox 261 2423 433 2456; x_wconf 79' lang='lat' dir='ltr'>germstus</span> <span class='ocrx_word' id='word_1_310' title='bbox 448 2425 571 2453; x_wconf 78' lang='lat' dir='ltr'>amatae</span> <span class='ocrx_word' id='word_1_311' title='bbox 595 2421 761 2463; x_wconf 84' lang='lat' dir='ltr'>Cogitur.&#39;</span> <span class='ocrx_word' id='word_1_312' title='bbox 792 2424 861 2455; x_wconf 89' lang='lat' dir='ltr'>Da·</span> 
     </span>
     <span class='ocr_line' id='line_1_45' title="bbox 161 2466 862 2505; baseline 0.011 -8"><span class='ocrx_word' id='word_1_313' title='bbox 161 2466 230 2498; x_wconf 85' lang='lat' dir='ltr'>niel</span> <span class='ocrx_word' id='word_1_314' title='bbox 256 2467 419 2499; x_wconf 81' lang='lat' dir='ltr'>Heinsius</span> <span class='ocrx_word' id='word_1_315' title='bbox 441 2469 531 2502; x_wconf 89' lang='lat' dir='ltr'>huuc</span> <span class='ocrx_word' id='word_1_316' title='bbox 554 2480 708 2504; x_wconf 82' lang='lat' dir='ltr'>versum:</span> <span class='ocrx_word' id='word_1_317' title='bbox 737 2473 783 2505; x_wconf 74' lang='lat' dir='ltr'>Ee</span> <span class='ocrx_word' id='word_1_318' title='bbox 804 2474 862 2505; x_wconf 81' lang='lat' dir='ltr'>mi·</span> 
     </span>
     <span class='ocr_line' id='line_1_46' title="bbox 159 2518 862 2565; baseline 0.011 -17"><span class='ocrx_word' id='word_1_319' title='bbox 159 2518 294 2557; x_wconf 56' lang='grc' dir='ltr'>πον-,ξω</span> <span class='ocrx_word' id='word_1_320' title='bbox 337 2518 395 2550; x_wconf 90' lang='lat' dir='ltr'>Sic</span> <span class='ocrx_word' id='word_1_321' title='bbox 410 2520 516 2561; x_wconf 87' lang='lat' dir='ltr'>legit:</span> <span class='ocrx_word' id='word_1_322' title='bbox 540 2522 586 2553; x_wconf 74' lang='lat' dir='ltr'>Ee</span> <span class='ocrx_word' id='word_1_323' title='bbox 608 2523 710 2555; x_wconf 76' lang='lat' dir='ltr'>minor</span> <span class='ocrx_word' id='word_1_324' title='bbox 722 2525 757 2555; x_wconf 78' lang='lat' dir='ltr'>in</span> <span class='ocrx_word' id='word_1_325' title='bbox 776 2525 862 2565; x_wconf 80' lang='lat' dir='ltr'>leges</span> 
     </span>
     <span class='ocr_line' id='line_1_47' title="bbox 159 2567 860 2607; baseline 0.01 -9"><span class='ocrx_word' id='word_1_326' title='bbox 159 2567 222 2599; x_wconf 69' lang='lat' dir='ltr'>iret</span> <span class='ocrx_word' id='word_1_327' title='bbox 233 2577 332 2607; x_wconf 75' lang='lat' dir='ltr'>gener</span> <span class='ocrx_word' id='word_1_328' title='bbox 345 2572 376 2600; x_wconf 78' lang='lat' dir='ltr'>et</span> <span class='ocrx_word' id='word_1_329' title='bbox 393 2570 472 2602; x_wconf 75' lang='lat' dir='ltr'>Cato</span> <span class='ocrx_word' id='word_1_330' title='bbox 491 2575 624 2604; x_wconf 69' lang='lat' dir='ltr'>nostras.</span> <span class='ocrx_word' id='word_1_331' title='bbox 668 2573 715 2605; x_wconf 87' lang='lat' dir='ltr'>Et</span> <span class='ocrx_word' id='word_1_332' title='bbox 736 2573 860 2605; x_wconf 88' lang='lat' dir='ltr'>intelli-</span> 
     </span>
     <span class='ocr_line' id='line_1_48' title="bbox 162 2617 860 2665; baseline 0.011 -17"><span class='ocrx_word' id='word_1_333' title='bbox 162 2617 214 2657; x_wconf 76' lang='lat' dir='ltr'>git</span> <span class='ocrx_word' id='word_1_334' title='bbox 248 2627 310 2659; x_wconf 86' lang='lat' dir='ltr'>per</span> <span class='ocrx_word' id='word_1_335' title='bbox 341 2620 426 2659; x_wconf 79' lang='lat' dir='ltr'>leges</span> <span class='ocrx_word' id='word_1_336' title='bbox 461 2627 576 2662; x_wconf 81' lang='lat' dir='ltr'>partes</span> <span class='ocrx_word' id='word_1_337' title='bbox 604 2623 860 2665; x_wconf 84' lang='lat' dir='ltr'>imperatorum,</span> 
     </span>
     <span class='ocr_line' id='line_1_49' title="bbox 163 2668 859 2713; baseline 0.013 -15"><span class='ocrx_word' id='word_1_338' title='bbox 163 2676 238 2708; x_wconf 79' lang='lat' dir='ltr'>quae</span> <span class='ocrx_word' id='word_1_339' title='bbox 248 2668 320 2708; x_wconf 70' lang='lat' dir='ltr'>jum</span> <span class='ocrx_word' id='word_1_340' title='bbox 335 2676 431 2702; x_wconf 84' lang='lat' dir='ltr'>erant</span> <span class='ocrx_word' id='word_1_341' title='bbox 446 2673 606 2713; x_wconf 88' lang='lat' dir='ltr'>omnium,</span> <span class='ocrx_word' id='word_1_342' title='bbox 620 2674 697 2705; x_wconf 84' lang='lat' dir='ltr'>ideo</span> <span class='ocrx_word' id='word_1_343' title='bbox 713 2681 859 2707; x_wconf 82' lang='lat' dir='ltr'>nostras.</span> 
     </span>
     <span class='ocr_line' id='line_1_50' title="bbox 163 2717 859 2767; baseline 0.007 -15"><span class='ocrx_word' id='word_1_344' title='bbox 163 2717 205 2752; x_wconf 82' lang='lat' dir='ltr'>P.</span> <span class='ocrx_word' id='word_1_345' title='bbox 217 2718 403 2754; x_wconf 81' lang='lat' dir='ltr'>Scriverius</span> <span class='ocrx_word' id='word_1_346' title='bbox 416 2721 506 2755; x_wconf 82' lang='lat' dir='ltr'>hunc</span> <span class='ocrx_word' id='word_1_347' title='bbox 523 2732 654 2757; x_wconf 83' lang='lat' dir='ltr'>versum</span> <span class='ocrx_word' id='word_1_348' title='bbox 677 2724 727 2757; x_wconf 89' lang='lat' dir='ltr'>sic</span> <span class='ocrx_word' id='word_1_349' title='bbox 742 2725 859 2767; x_wconf 80' lang='lat' dir='ltr'>legen·</span> 
     </span>
    </p>
   </div>
   <div class='ocr_carea' id='block_1_11' title="bbox 912 1210 1625 2707">
    <p class='ocr_par' dir='ltr' id='par_1_11' title="bbox 914 1210 1625 2153">
     <span class='ocr_line' id='line_1_51' title="bbox 959 1210 1622 1254; baseline -0.008 -9"><span class='ocrx_word' id='word_1_350' title='bbox 959 1215 1003 1245; x_wconf 79' lang='lat'>29</span> <span class='ocrx_word' id='word_1_351' title='bbox 1026 1213 1177 1245; x_wconf 75' lang='lat' dir='ltr'>Laterum</span> <span class='ocrx_word' id='word_1_352' title='bbox 1198 1211 1325 1254; x_wconf 77' lang='lat' dir='ltr'>passus]</span> <span class='ocrx_word' id='word_1_353' title='bbox 1348 1211 1390 1243; x_wconf 89' lang='lat' dir='ltr'>Id</span> <span class='ocrx_word' id='word_1_354' title='bbox 1413 1214 1479 1249; x_wconf 79' lang='lat' dir='ltr'>est,</span> <span class='ocrx_word' id='word_1_355' title='bbox 1495 1210 1622 1252; x_wconf 81' lang='lat' dir='ltr'>spatis,</span> 
     </span>
     <span class='ocr_line' id='line_1_52' title="bbox 918 1261 1622 1305; baseline -0.006 -10"><span class='ocrx_word' id='word_1_356' title='bbox 918 1268 957 1295; x_wconf 88' lang='lat' dir='ltr'>ut</span> <span class='ocrx_word' id='word_1_357' title='bbox 987 1263 1147 1305; x_wconf 80' lang='lat' dir='ltr'>designet</span> <span class='ocrx_word' id='word_1_358' title='bbox 1183 1262 1445 1304; x_wconf 87' lang='lat' dir='ltr'>amplitudinem</span> <span class='ocrx_word' id='word_1_359' title='bbox 1475 1261 1622 1292; x_wconf 84' lang='lat' dir='ltr'>laterum</span> 
     </span>
     <span class='ocr_line' id='line_1_53' title="bbox 916 1312 1622 1356; baseline -0.006 -11"><span class='ocrx_word' id='word_1_360' title='bbox 916 1314 1016 1356; x_wconf 82' lang='lat' dir='ltr'>hujus</span> <span class='ocrx_word' id='word_1_361' title='bbox 1039 1314 1131 1355; x_wconf 87' lang='lat' dir='ltr'>equi.</span> <span class='ocrx_word' id='word_1_362' title='bbox 1175 1314 1233 1346; x_wconf 88' lang='lat' dir='ltr'>Sic</span> <span class='ocrx_word' id='word_1_363' title='bbox 1258 1312 1301 1343; x_wconf 85' lang='lat' dir='ltr'>de</span> <span class='ocrx_word' id='word_1_364' title='bbox 1324 1313 1498 1353; x_wconf 80' lang='lat' dir='ltr'>Capaneo,</span> <span class='ocrx_word' id='word_1_365' title='bbox 1521 1320 1622 1352; x_wconf 87' lang='lat' dir='ltr'>quem</span> 
     </span>
     <span class='ocr_line' id='line_1_54' title="bbox 917 1360 1625 1405; baseline -0.007 -9"><span class='ocrx_word' id='word_1_366' title='bbox 917 1363 1021 1396; x_wconf 76' lang='lat' dir='ltr'>fuisse</span> <span class='ocrx_word' id='word_1_367' title='bbox 1041 1364 1221 1404; x_wconf 59' lang='lat' dir='ltr'>Gigantea}</span> <span class='ocrx_word' id='word_1_368' title='bbox 1244 1373 1344 1405; x_wconf 77' lang='lat' dir='ltr'>paene</span> <span class='ocrx_word' id='word_1_369' title='bbox 1366 1362 1466 1394; x_wconf 80' lang='lat' dir='ltr'>molis</span> <span class='ocrx_word' id='word_1_370' title='bbox 1490 1360 1625 1396; x_wconf 81' lang='lat' dir='ltr'>scribit.</span> 
     </span>
     <span class='ocr_line' id='line_1_55' title="bbox 917 1413 1624 1448; baseline -0.008 0"><span class='ocrx_word' id='word_1_371' title='bbox 917 1416 1048 1448; x_wconf 84' lang='lat' dir='ltr'>Noster</span> <span class='ocrx_word' id='word_1_372' title='bbox 1062 1416 1171 1447; x_wconf 88' lang='lat' dir='ltr'>Theb.</span> <span class='ocrx_word' id='word_1_373' title='bbox 1188 1424 1240 1447; x_wconf 77' lang='lat' dir='ltr'>w.</span> <span class='ocrx_word' id='word_1_374' title='bbox 1284 1416 1294 1432; x_wconf 85' lang='lat'><strong>⁴</strong></span> <span class='ocrx_word' id='word_1_375' title='bbox 1310 1413 1359 1446; x_wconf 80' lang='lat' dir='ltr'>At</span> <span class='ocrx_word' id='word_1_376' title='bbox 1370 1414 1514 1446; x_wconf 79' lang='lat' dir='ltr'>laterum</span> <span class='ocrx_word' id='word_1_377' title='bbox 1532 1417 1624 1444; x_wconf 83' lang='lat' dir='ltr'>trac-</span> 
     </span>
     <span class='ocr_line' id='line_1_56' title="bbox 920 1462 1622 1507; baseline -0.007 -10"><span class='ocrx_word' id='word_1_378' title='bbox 920 1470 987 1506; x_wconf 87' lang='lat' dir='ltr'>tus,</span> <span class='ocrx_word' id='word_1_379' title='bbox 998 1466 1218 1507; x_wconf 68' lang='lat' dir='ltr'>spatiosaque</span> <span class='ocrx_word' id='word_1_380' title='bbox 1229 1469 1371 1506; x_wconf 79' lang='lat' dir='ltr'>pectora</span> <span class='ocrx_word' id='word_1_381' title='bbox 1382 1467 1499 1494; x_wconf 82' lang='lat' dir='ltr'>servat</span> <span class='ocrx_word' id='word_1_382' title='bbox 1517 1462 1622 1494; x_wconf 85' lang='lat' dir='ltr'>Nexi-</span> 
     </span>
     <span class='ocr_line' id='line_1_57' title="bbox 917 1513 1623 1557; baseline -0.006 -9"><span class='ocrx_word' id='word_1_383' title='bbox 917 1516 1141 1548; x_wconf 84' lang='lat' dir='ltr'>lisinnumero</span> <span class='ocrx_word' id='word_1_384' title='bbox 1150 1516 1331 1557; x_wconf 84' lang='lat' dir='ltr'>chalybum</span> <span class='ocrx_word' id='word_1_385' title='bbox 1344 1514 1536 1546; x_wconf 78' lang='lat' dir='ltr'>subtemine</span> <span class='ocrx_word' id='word_1_386' title='bbox 1550 1513 1623 1545; x_wconf 87' lang='lat' dir='ltr'>tho-</span> 
     </span>
     <span class='ocr_line' id='line_1_58' title="bbox 918 1565 1624 1609; baseline -0.004 -10"><span class='ocrx_word' id='word_1_387' title='bbox 918 1567 1003 1599; x_wconf 61' lang='lat' dir='ltr'>rax!</span> <span class='ocrx_word' id='word_1_388' title='bbox 1017 1568 1107 1599; x_wconf 71' lang='lat' dir='ltr'>dulia</span> <span class='ocrx_word' id='word_1_389' title='bbox 1120 1566 1539 1609; x_wconf 75' lang='lat' dir='ltr'>tecra[templa]1ntenigit</span> <span class='ocrx_word' id='word_1_390' title='bbox 1555 1565 1624 1597; x_wconf 84' lang='lat' dir='ltr'>Ba-</span> 
     </span>
     <span class='ocr_line' id='line_1_59' title="bbox 917 1615 1623 1659; baseline -0.007 -9"><span class='ocrx_word' id='word_1_391' title='bbox 917 1618 1045 1650; x_wconf 86' lang='lat' dir='ltr'>silicam</span> <span class='ocrx_word' id='word_1_392' title='bbox 1067 1618 1208 1657; x_wconf 74' lang='lat' dir='ltr'>Jussam,</span> <span class='ocrx_word' id='word_1_393' title='bbox 1221 1617 1265 1649; x_wconf 87' lang='lat' dir='ltr'>de</span> <span class='ocrx_word' id='word_1_394' title='bbox 1287 1627 1353 1659; x_wconf 89' lang='lat' dir='ltr'>qua</span> <span class='ocrx_word' id='word_1_395' title='bbox 1367 1615 1547 1648; x_wconf 82' lang='lat' dir='ltr'>Vitruvius</span> <span class='ocrx_word' id='word_1_396' title='bbox 1563 1615 1623 1646; x_wconf 91' lang='lat' dir='ltr'>lib.</span> 
     </span>
     <span class='ocr_line' id='line_1_60' title="bbox 916 1667 1623 1708; baseline -0.007 -7"><span class='ocrx_word' id='word_1_397' title='bbox 916 1678 952 1701; x_wconf 75' lang='grc' dir='ltr'>ν.</span> <span class='ocrx_word' id='word_1_398' title='bbox 974 1674 1011 1701; x_wconf 86' lang='lat' dir='ltr'>et</span> <span class='ocrx_word' id='word_1_399' title='bbox 1032 1669 1218 1701; x_wconf 90' lang='lat' dir='ltr'>Suetonius</span> <span class='ocrx_word' id='word_1_400' title='bbox 1242 1668 1275 1699; x_wconf 92' lang='lat' dir='ltr'>in</span> <span class='ocrx_word' id='word_1_401' title='bbox 1301 1667 1479 1708; x_wconf 80' lang='lat' dir='ltr'>Caligula:</span> <span class='ocrx_word' id='word_1_402' title='bbox 1504 1670 1540 1697; x_wconf 89' lang='lat' dir='ltr'>et</span> <span class='ocrx_word' id='word_1_403' title='bbox 1557 1675 1623 1697; x_wconf 84' lang='lat' dir='ltr'>vox</span> 
     </span>
     <span class='ocr_line' id='line_1_61' title="bbox 916 1717 1623 1761; baseline -0.004 -10"><span class='ocrx_word' id='word_1_404' title='bbox 916 1720 1074 1761; x_wconf 72' lang='lat' dir='ltr'>templum,</span> <span class='ocrx_word' id='word_1_405' title='bbox 1085 1728 1148 1760; x_wconf 85' lang='lat' dir='ltr'>pro</span> <span class='ocrx_word' id='word_1_406' title='bbox 1165 1718 1306 1760; x_wconf 78' lang='lat' dir='ltr'>profano</span> <span class='ocrx_word' id='word_1_407' title='bbox 1320 1719 1397 1749; x_wconf 91' lang='lat' dir='ltr'>loco</span> <span class='ocrx_word' id='word_1_408' title='bbox 1414 1717 1516 1748; x_wconf 86' lang='lat' dir='ltr'>etiam</span> <span class='ocrx_word' id='word_1_409' title='bbox 1532 1717 1623 1748; x_wconf 87' lang='lat' dir='ltr'>acci-</span> 
     </span>
     <span class='ocr_line' id='line_1_62' title="bbox 915 1767 1622 1810; baseline -0.003 -10"><span class='ocrx_word' id='word_1_410' title='bbox 915 1769 1020 1810; x_wconf 84' lang='lat' dir='ltr'>pitur.</span> <span class='ocrx_word' id='word_1_411' title='bbox 1063 1769 1151 1800; x_wconf 86' lang='lat' dir='ltr'>Vide</span> <span class='ocrx_word' id='word_1_412' title='bbox 1164 1768 1206 1800; x_wconf 83' lang='lat' dir='ltr'>A.</span> <span class='ocrx_word' id='word_1_413' title='bbox 1219 1768 1369 1801; x_wconf 88' lang='lat' dir='ltr'>Gellium</span> <span class='ocrx_word' id='word_1_414' title='bbox 1383 1767 1442 1798; x_wconf 90' lang='lat' dir='ltr'>lib.</span> <span class='ocrx_word' id='word_1_415' title='bbox 1454 1776 1531 1799; x_wconf 76' lang='lat' dir='ltr'>xiv.</span> <span class='ocrx_word' id='word_1_416' title='bbox 1545 1776 1622 1808; x_wconf 86' lang='lat' dir='ltr'>cap.</span> 
     </span>
     <span class='ocr_line' id='line_1_63' title="bbox 915 1817 1623 1859; baseline -0.001 -9"><span class='ocrx_word' id='word_1_417' title='bbox 915 1821 947 1851; x_wconf 84' lang='grc'>7.</span> <span class='ocrx_word' id='word_1_418' title='bbox 991 1819 1114 1852; x_wconf 86' lang='lat' dir='ltr'>Codex</span> <span class='ocrx_word' id='word_1_419' title='bbox 1136 1819 1206 1850; x_wconf 84' lang='lat' dir='ltr'>Ms.</span> <span class='ocrx_word' id='word_1_420' title='bbox 1229 1819 1336 1859; x_wconf 85' lang='lat' dir='ltr'>Lipsii</span> <span class='ocrx_word' id='word_1_421' title='bbox 1359 1817 1508 1850; x_wconf 81' lang='lat' dir='ltr'>habebat</span> <span class='ocrx_word' id='word_1_422' title='bbox 1530 1818 1623 1849; x_wconf 75' lang='lat' dir='ltr'>Julia</span> 
     </span>
     <span class='ocr_line' id='line_1_64' title="bbox 914 1867 1623 1902; baseline -0.004 0"><span class='ocrx_word' id='word_1_423' title='bbox 914 1873 1007 1902; x_wconf 55' lang='lat' dir='ltr'>tecta„</span> <span class='ocrx_word' id='word_1_424' title='bbox 1049 1870 1160 1902; x_wconf 80' lang='lat' dir='ltr'>Quam</span> <span class='ocrx_word' id='word_1_425' title='bbox 1182 1868 1366 1901; x_wconf 89' lang='lat' dir='ltr'>lectionem</span> <span class='ocrx_word' id='word_1_426' title='bbox 1389 1867 1567 1900; x_wconf 86' lang='lat' dir='ltr'>confirmat</span> <span class='ocrx_word' id='word_1_427' title='bbox 1583 1868 1623 1899; x_wconf 87' lang='lat' dir='ltr'>il·</span> 
     </span>
     <span class='ocr_line' id='line_1_65' title="bbox 916 1918 1622 1960; baseline -0.003 -9"><span class='ocrx_word' id='word_1_428' title='bbox 916 1919 973 1951; x_wconf 88' lang='lat' dir='ltr'>lud</span> <span class='ocrx_word' id='word_1_429' title='bbox 991 1920 1100 1953; x_wconf 81' lang='lat' dir='ltr'>Mart.</span> <span class='ocrx_word' id='word_1_430' title='bbox 1114 1919 1175 1951; x_wconf 90' lang='lat' dir='ltr'>lib.</span> <span class='ocrx_word' id='word_1_431' title='bbox 1189 1928 1238 1951; x_wconf 77' lang='lat' dir='ltr'>vt.</span> <span class='ocrx_word' id='word_1_432' title='bbox 1261 1919 1362 1960; x_wconf 83' lang='lat' dir='ltr'>Epig.</span> <span class='ocrx_word' id='word_1_433' title='bbox 1377 1921 1432 1950; x_wconf 76' lang='lat'>38.</span> <span class='ocrx_word' id='word_1_434' title='bbox 1475 1919 1487 1935; x_wconf 76' lang='lat'>⁶</span> <span class='ocrx_word' id='word_1_435' title='bbox 1503 1918 1549 1950; x_wconf 85' lang='lat' dir='ltr'>Et</span> <span class='ocrx_word' id='word_1_436' title='bbox 1571 1918 1622 1949; x_wconf 90' lang='lat' dir='ltr'>in-</span> 
     </span>
     <span class='ocr_line' id='line_1_66' title="bbox 917 1968 1623 2010; baseline 0 -10"><span class='ocrx_word' id='word_1_437' title='bbox 917 1968 1004 2001; x_wconf 85' lang='lat' dir='ltr'>fanti</span> <span class='ocrx_word' id='word_1_438' title='bbox 1018 1970 1115 2003; x_wconf 83' lang='lat' dir='ltr'>Julia</span> <span class='ocrx_word' id='word_1_439' title='bbox 1134 1975 1229 2001; x_wconf 83' lang='lat' dir='ltr'>tecta</span> <span class='ocrx_word' id='word_1_440' title='bbox 1254 1968 1428 2010; x_wconf 79' lang='lat' dir='ltr'>placent3&#39;</span> <span class='ocrx_word' id='word_1_441' title='bbox 1449 1968 1508 2001; x_wconf 92' lang='lat' dir='ltr'>ubi</span> <span class='ocrx_word' id='word_1_442' title='bbox 1525 1969 1623 2000; x_wconf 82' lang='lat' dir='ltr'>Basi-</span> 
     </span>
     <span class='ocr_line' id='line_1_67' title="bbox 916 2019 1621 2060; baseline 0 -9"><span class='ocrx_word' id='word_1_443' title='bbox 916 2020 985 2051; x_wconf 88' lang='lat' dir='ltr'>lica</span> <span class='ocrx_word' id='word_1_444' title='bbox 999 2019 1093 2053; x_wconf 87' lang='lat' dir='ltr'>Julia</span> <span class='ocrx_word' id='word_1_445' title='bbox 1114 2019 1325 2060; x_wconf 84' lang='lat' dir='ltr'>designatur.</span> <span class='ocrx_word' id='word_1_446' title='bbox 1368 2020 1482 2060; x_wconf 85' lang='lat' dir='ltr'>Supra</span> <span class='ocrx_word' id='word_1_447' title='bbox 1505 2025 1621 2051; x_wconf 81' lang='lat' dir='ltr'>autem</span> 
     </span>
     <span class='ocr_line' id='line_1_68' title="bbox 917 2069 1622 2102; baseline 0.001 -1"><span class='ocrx_word' id='word_1_448' title='bbox 917 2069 1026 2101; x_wconf 83' lang='lat' dir='ltr'>aedem</span> <span class='ocrx_word' id='word_1_449' title='bbox 1041 2070 1125 2102; x_wconf 82' lang='lat' dir='ltr'>Julii</span> <span class='ocrx_word' id='word_1_450' title='bbox 1142 2069 1290 2102; x_wconf 83' lang='lat' dir='ltr'>Caesaris</span> <span class='ocrx_word' id='word_1_451' title='bbox 1304 2070 1434 2101; x_wconf 83' lang='lat' dir='ltr'>notavit</span> <span class='ocrx_word' id='word_1_452' title='bbox 1449 2081 1458 2101; x_wconf 74' lang='grc' dir='ltr'>ε</span> <span class='ocrx_word' id='word_1_453' title='bbox 1481 2070 1538 2102; x_wconf 90' lang='lat' dir='ltr'>hic</span> <span class='ocrx_word' id='word_1_454' title='bbox 1554 2070 1622 2102; x_wconf 80' lang='lat' dir='ltr'>Ba·</span> 
     </span>
     <span class='ocr_line' id='line_1_69' title="bbox 914 2119 1197 2153; baseline 0 -3"><span class='ocrx_word' id='word_1_455' title='bbox 914 2119 1044 2152; x_wconf 75' lang='lat' dir='ltr'>silicam</span> <span class='ocrx_word' id='word_1_456' title='bbox 1058 2120 1197 2153; x_wconf 83' lang='lat' dir='ltr'>Juliam.</span> 
     </span>
    </p>

    <p class='ocr_par' dir='ltr' id='par_1_12' title="bbox 912 2170 1621 2707">
     <span class='ocr_line' id='line_1_70' title="bbox 958 2170 1620 2211; baseline 0 -9"><span class='ocrx_word' id='word_1_457' title='bbox 958 2172 1000 2202; x_wconf 73' lang='lat'>30</span> <span class='ocrx_word' id='word_1_458' title='bbox 1025 2171 1129 2210; x_wconf 72' lang='lat' dir='ltr'>Regia</span> <span class='ocrx_word' id='word_1_459' title='bbox 1154 2170 1267 2210; x_wconf 71' lang='lat' dir='ltr'>Pauci]</span> <span class='ocrx_word' id='word_1_460' title='bbox 1299 2170 1468 2211; x_wconf 87' lang='lat' dir='ltr'>Intelligit</span> <span class='ocrx_word' id='word_1_461' title='bbox 1494 2170 1620 2202; x_wconf 78' lang='lat' dir='ltr'>Basili-</span> 
     </span>
     <span class='ocr_line' id='line_1_71' title="bbox 915 2219 1621 2262; baseline 0.003 -11"><span class='ocrx_word' id='word_1_462' title='bbox 915 2229 989 2252; x_wconf 77' lang='lat' dir='ltr'>cam</span> <span class='ocrx_word' id='word_1_463' title='bbox 1006 2220 1120 2261; x_wconf 85' lang='lat' dir='ltr'>Pauli,</span> <span class='ocrx_word' id='word_1_464' title='bbox 1132 2231 1208 2262; x_wconf 82' lang='lat' dir='ltr'>quae</span> <span class='ocrx_word' id='word_1_465' title='bbox 1223 2225 1298 2252; x_wconf 85' lang='lat' dir='ltr'>erat</span> <span class='ocrx_word' id='word_1_466' title='bbox 1314 2220 1348 2251; x_wconf 88' lang='lat' dir='ltr'>iu</span> <span class='ocrx_word' id='word_1_467' title='bbox 1364 2219 1440 2251; x_wconf 87' lang='lat' dir='ltr'>foro</span> <span class='ocrx_word' id='word_1_468' title='bbox 1458 2221 1621 2260; x_wconf 77' lang='lat' dir='ltr'>Romano,</span> 
     </span>
     <span class='ocr_line' id='line_1_72' title="bbox 914 2271 1619 2313; baseline 0.004 -11"><span class='ocrx_word' id='word_1_469' title='bbox 914 2281 1083 2313; x_wconf 76' lang='lat' dir='ltr'>quamque</span> <span class='ocrx_word' id='word_1_470' title='bbox 1098 2272 1230 2303; x_wconf 86' lang='lat' dir='ltr'>Plinius</span> <span class='ocrx_word' id='word_1_471' title='bbox 1249 2271 1309 2302; x_wconf 89' lang='lat' dir='ltr'>lib.</span> <span class='ocrx_word' id='word_1_472' title='bbox 1324 2280 1454 2303; x_wconf 78' lang='lat' dir='ltr'>xxxvr.</span> <span class='ocrx_word' id='word_1_473' title='bbox 1471 2281 1548 2313; x_wconf 86' lang='lat' dir='ltr'>cap.</span> <span class='ocrx_word' id='word_1_474' title='bbox 1566 2276 1619 2305; x_wconf 88' lang='lat'>15.</span> 
     </span>
     <span class='ocr_line' id='line_1_73' title="bbox 915 2321 1620 2363; baseline 0.001 -10"><span class='ocrx_word' id='word_1_475' title='bbox 915 2321 1007 2353; x_wconf 90' lang='lat' dir='ltr'>inter</span> <span class='ocrx_word' id='word_1_476' title='bbox 1029 2321 1210 2363; x_wconf 83' lang='lat' dir='ltr'>magnifica</span> <span class='ocrx_word' id='word_1_477' title='bbox 1239 2322 1336 2362; x_wconf 87' lang='lat' dir='ltr'>ponit</span> <span class='ocrx_word' id='word_1_478' title='bbox 1362 2331 1479 2363; x_wconf 86' lang='lat' dir='ltr'>opera.</span> <span class='ocrx_word' id='word_1_479' title='bbox 1523 2322 1620 2354; x_wconf 89' lang='lat' dir='ltr'>Dicit</span> 
     </span>
     <span class='ocr_line' id='line_1_74' title="bbox 915 2371 1619 2414; baseline 0 -11"><span class='ocrx_word' id='word_1_480' title='bbox 915 2381 988 2403; x_wconf 85' lang='lat' dir='ltr'>eam</span> <span class='ocrx_word' id='word_1_481' title='bbox 1015 2372 1199 2403; x_wconf 83' lang='lat' dir='ltr'>Basilicam</span> <span class='ocrx_word' id='word_1_482' title='bbox 1227 2371 1393 2403; x_wconf 87' lang='lat' dir='ltr'>columnis</span> <span class='ocrx_word' id='word_1_483' title='bbox 1414 2381 1434 2403; x_wconf 89' lang='lat' dir='ltr'>e</span> <span class='ocrx_word' id='word_1_484' title='bbox 1457 2371 1619 2414; x_wconf 80' lang='lat' dir='ltr'>Phrygiis</span> 
     </span>
     <span class='ocr_line' id='line_1_75' title="bbox 914 2421 1620 2463; baseline 0.001 -10"><span class='ocrx_word' id='word_1_485' title='bbox 914 2422 1116 2454; x_wconf 87' lang='lat' dir='ltr'>mirabilem.</span> <span class='ocrx_word' id='word_1_486' title='bbox 1160 2423 1243 2454; x_wconf 83' lang='lat' dir='ltr'>Eam</span> <span class='ocrx_word' id='word_1_487' title='bbox 1261 2421 1451 2463; x_wconf 84' lang='lat' dir='ltr'>incoeperat</span> <span class='ocrx_word' id='word_1_488' title='bbox 1466 2423 1620 2454; x_wconf 82' lang='lat' dir='ltr'>AEmilius</span> 
     </span>
     <span class='ocr_line' id='line_1_76' title="bbox 914 2472 1620 2514; baseline 0 -10"><span class='ocrx_word' id='word_1_489' title='bbox 914 2473 1059 2512; x_wconf 87' lang='lat' dir='ltr'>Paulus,</span> <span class='ocrx_word' id='word_1_490' title='bbox 1075 2473 1131 2514; x_wconf 90' lang='lat' dir='ltr'>qni</span> <span class='ocrx_word' id='word_1_491' title='bbox 1145 2481 1223 2503; x_wconf 86' lang='lat' dir='ltr'>cum</span> <span class='ocrx_word' id='word_1_492' title='bbox 1239 2472 1323 2504; x_wconf 88' lang='lat' dir='ltr'>Caio</span> <span class='ocrx_word' id='word_1_493' title='bbox 1346 2473 1515 2504; x_wconf 84' lang='lat' dir='ltr'>Marcello</span> <span class='ocrx_word' id='word_1_494' title='bbox 1531 2473 1620 2504; x_wconf 86' lang='lat' dir='ltr'>Con-</span> 
     </span>
     <span class='ocr_line' id='line_1_77' title="bbox 912 2521 1619 2564; baseline 0.004 -11"><span class='ocrx_word' id='word_1_495' title='bbox 912 2522 965 2553; x_wconf 91' lang='lat' dir='ltr'>sul</span> <span class='ocrx_word' id='word_1_496' title='bbox 979 2521 1056 2554; x_wconf 89' lang='lat' dir='ltr'>fuit.</span> <span class='ocrx_word' id='word_1_497' title='bbox 1100 2521 1257 2554; x_wconf 84' lang='lat' dir='ltr'>Perfecit</span> <span class='ocrx_word' id='word_1_498' title='bbox 1271 2523 1335 2554; x_wconf 85' lang='lat' dir='ltr'>sub</span> <span class='ocrx_word' id='word_1_499' title='bbox 1351 2522 1511 2564; x_wconf 84' lang='lat' dir='ltr'>Augusto</span> <span class='ocrx_word' id='word_1_500' title='bbox 1526 2523 1619 2556; x_wconf 86' lang='lat' dir='ltr'>Pau-</span> 
     </span>
     <span class='ocr_line' id='line_1_78' title="bbox 912 2572 1619 2615; baseline 0.004 -12"><span class='ocrx_word' id='word_1_501' title='bbox 912 2573 966 2604; x_wconf 86' lang='lat' dir='ltr'>lus</span> <span class='ocrx_word' id='word_1_502' title='bbox 977 2572 1131 2604; x_wconf 85' lang='lat' dir='ltr'>AEmilius</span> <span class='ocrx_word' id='word_1_503' title='bbox 1145 2573 1309 2614; x_wconf 84' lang='lat' dir='ltr'>Lepidus,</span> <span class='ocrx_word' id='word_1_504' title='bbox 1322 2574 1380 2615; x_wconf 89' lang='lat' dir='ltr'>qui</span> <span class='ocrx_word' id='word_1_505' title='bbox 1393 2574 1518 2606; x_wconf 87' lang='lat' dir='ltr'>Consul</span> <span class='ocrx_word' id='word_1_506' title='bbox 1529 2584 1619 2606; x_wconf 87' lang='lat' dir='ltr'>anuo</span> 
     </span>
     <span class='ocr_line' id='line_1_79' title="bbox 912 2624 1618 2665; baseline 0.003 -10"><span class='ocrx_word' id='word_1_507' title='bbox 912 2626 989 2655; x_wconf 86' lang='grc'><strong>720.</strong></span> <span class='ocrx_word' id='word_1_508' title='bbox 1004 2628 1042 2655; x_wconf 88' lang='lat' dir='ltr'>et</span> <span class='ocrx_word' id='word_1_509' title='bbox 1064 2629 1186 2664; x_wconf 85' lang='lat' dir='ltr'>postea</span> <span class='ocrx_word' id='word_1_510' title='bbox 1210 2633 1346 2664; x_wconf 85' lang='lat' dir='ltr'>censor,</span> <span class='ocrx_word' id='word_1_511' title='bbox 1362 2629 1401 2655; x_wconf 91' lang='lat' dir='ltr'>ut</span> <span class='ocrx_word' id='word_1_512' title='bbox 1423 2624 1618 2665; x_wconf 85' lang='lat' dir='ltr'>colligimus</span> 
     </span>
     <span class='ocr_line' id='line_1_80' title="bbox 912 2673 1617 2707; baseline 0.003 -2"><span class='ocrx_word' id='word_1_513' title='bbox 912 2683 955 2705; x_wconf 85' lang='lat' dir='ltr'>ex</span> <span class='ocrx_word' id='word_1_514' title='bbox 981 2673 1092 2705; x_wconf 88' lang='lat' dir='ltr'>Dione</span> <span class='ocrx_word' id='word_1_515' title='bbox 1117 2673 1178 2706; x_wconf 89' lang='lat' dir='ltr'>lib.</span> <span class='ocrx_word' id='word_1_516' title='bbox 1203 2682 1303 2705; x_wconf 80' lang='lat' dir='ltr'>xux.</span> <span class='ocrx_word' id='word_1_517' title='bbox 1348 2674 1431 2705; x_wconf 88' lang='lat' dir='ltr'>Eam</span> <span class='ocrx_word' id='word_1_518' title='bbox 1455 2674 1617 2707; x_wconf 83' lang='lat' dir='ltr'>incendio</span> 
     </span>
    </p>
   </div>
   <div class='ocr_carea' id='block_1_12' title="bbox 912 2724 1615 2769">
    <p class='ocr_par' dir='ltr' id='par_1_13' title="bbox 912 2724 1615 2769">
     <span class='ocr_line' id='line_1_81' title="bbox 912 2724 1615 2769; baseline 0.001 -11"><span class='ocrx_word' id='word_1_519' title='bbox 912 2724 1121 2758; x_wconf 82' lang='lat' dir='ltr'>destructam</span> <span class='ocrx_word' id='word_1_520' title='bbox 1133 2725 1412 2766; x_wconf 81' lang='lat' dir='ltr'>restauravit‚20.</span> <span class='ocrx_word' id='word_1_521' title='bbox 1421 2726 1515 2758; x_wconf 86' lang='lat' dir='ltr'>anuis</span> <span class='ocrx_word' id='word_1_522' title='bbox 1525 2733 1615 2769; x_wconf 85' lang='lat' dir='ltr'>post,</span> 
     </span>
    </p>
   </div>
  </div>
 </body>
</html>
