1800 3060
634 185 699 216 nn
730 183 934 215 ummo
965 183 1160 215 s'rA'mo.
1569 175 1626 218 39

350 280 592 323 Famianus
613 278 791 329 Sti-ada,
808 279 854 321 in
872 278 1223 330 Prolusiouibus‚
1237 292 1337 335 pag.
1355 279 1455 323 359.

234 364 451 408 Invitatus
470 377 499 406 a
516 364 725 407 Sadoleto
742 363 986 414 PontanuS,
1022 362 1166 405 doluit
1194 364 1368 407 mortali
1389 377 1501 407 voce
1521 365 1624 408 Sta-

178 433 285 476 tium
303 444 401 475 esse
418 431 706 483 referendum,
722 431 802 486 qui
819 435 897 473 aut
912 443 996 473 suo
1016 435 1091 473 aut
1105 431 1333 486 Apollinis
1354 445 1430 474 ore
1449 432 1626 476 deberet

177 499 331 542 audiri.
390 499 514 542 Nihil
536 504 684 542 tamen
716 498 848 541 Statii
878 499 1019 553 perire
1049 498 1182 551 dixit,
1217 499 1322 542 dum
1347 501 1626 543 reverebatur

175 569 326 623 potius
345 582 479 624 quam
498 568 783 618 audiebatur3
814 580 915 608 cum
935 566 1150 610 Statianae
1167 567 1503 622 magnificentiae
1522 582 1623 624 pro—

176 635 317 690 prium
332 637 405 687 sit,
425 640 473 678 ut
490 640 680 690 nequeat
696 634 958 689 cujusquam
975 634 1021 675 in
1041 647 1117 677 ore
1138 635 1366 678 vilescere.

494 747 525 790 J
530 779 547 790 .
561 745 785 801 Rykkius,
807 745 862 787 de
882 743 1110 800 Capitolio
1132 758 1232 800 cap.
1253 745 1323 789 28.

234 823 403 868 Statius
420 825 469 868 in
486 826 617 868 tertio
637 825 953 868 amoenissimae
972 824 1244 868 Thebaidos,
1328 858 1338 890 ι,

702 923 827 964 Idem
854 935 955 976 cap.
978 933 1120 963 xnvl.

233 1000 579 1044 Probatissimus
599 1002 797 1055 Scriptor
817 1005 862 1041 et
881 1000 1169 1053 gravissimus
1191 1001 1334 1044 Poeta
1353 1003 1535 1046 Statius.

380 1101 522 1144 Math.
542 1101 750 1144 Raderus
770 1100 827 1143 ad
850 1099 1046 1143 Martial.
1062 1101 1141 1144 lib.
1165 1112 1218 1144 x.
1240 1103 1368 1158 Epig.
1386 1104 1431 1145 4.

237 1178 555 1222 Nobilissimus
573 1180 806 1234 Papinius,
826 1181 953 1235 cujus
974 1192 1106 1222 aurea
1123 1181 1336 1233 Thebais,
1355 1192 1449 1224 xli.
1472 1182 1620 1225 Libris

178 1247 506 1303 comprehensa,
525 1247 658 1290 hodie
676 1248 853 1302 legitur.

538 1348 607 1390 St.
626 1348 859 1390 Claverius
878 1348 937 1390 ad
958 1348 1261 1391 Claudianum.

233 1423 415 1477 Statius,
430 1439 682 1480 generosus,
703 1431 750 1469 et
770 1427 917 1469 subito
937 1427 1087 1469 calore
1107 1427 1395 1471 admirabilis.

308 1537 406 1580 los.
426 1537 671 1581 Gonsalius
690 1537 894 1580 Salasius
915 1538 973 1580 ad
992 1538 1250 1581 Petronium
1268 1550 1371 1592 pag.
1389 1537 1491 1580 107.

234 1617 373 1673 Apud
391 1618 578 1660 Statium
597 1617 774 1671 elegans
787 1617 1066 1673 perfectaque
1088 1618 1291 1660 omnibus
1317 1617 1412 1659 suis
1429 1617 1623 1659 numeris

179 1683 226 1726 id
245 1698 383 1739 genus
402 1684 655 1739 descriptio.

375 1764 475 1816 Car.
494 1773 763 1815 Paschalius
779 1774 835 1815 de
856 1772 1043 1816 Coronis
1062 1774 1138 1815 lib.
1158 1785 1213 1816 11.
1234 1768 1332 1829 cap.
1355 1774 1424 1816 17.

238 1853 537 1896 Doctissimus
554 1852 716 1903 Poeta,
735 1852 967 1907 Papinius.

651 1953 794 2004 Idem,
814 1954 891 1994 lib.
915 1964 981 1994 vl.
1000 1966 1100 2008 cap.
1118 1954 1161 1996 3.

239 2030 427 2084 Statius,
446 2033 591 2075 omnis
609 2032 905 2088 Antiquitatis
923 2033 1235 2087 peritissimus.

632 2132 773 2182 Idem,
793 2133 874 2175 lib.
895 2143 963 2173 vl.
983 2145 1085 2187 cap.
1105 2132 1176 2174 14.

240 2209 540 2252 Doctissimus
558 2210 719 2262 Poeta,
741 2211 927 2253 Statius.

249 2308 403 2351 Julius
423 2308 651 2363 Nigr-onus
674 2309 730 2351 de
749 2309 947 2353 Vitanda
967 2310 1196 2353 Obscoena
1215 2309 1445 2361 Lectione,
1466 2323 1507 2353 c.
1525 2311 1569 2353 6.

183 2421 190 2426 .
239 2386 387 2430 Multa
403 2401 578 2444 quoque
596 2387 644 2429 in
664 2387 827 2431 Ovidio
847 2393 964 2439 sunt,
983 2389 1142 2444 quibus
1172 2400 1258 2429 non
1276 2387 1528 2438 offendaris,
1550 2389 1627 2431 Li-

178 2453 247 2495 bri
264 2454 492 2505 Tristium,
505 2455 560 2496 de
575 2455 736 2505 Ponto,
756 2461 800 2498 et
820 2455 1065 2498 Fastorum.
1123 2454 1177 2495 In
1198 2453 1425 2509 Virgilio,⁷
1443 2455 1627 2499 Latino-

183 2533 282 2563 rum
300 2521 513 2574 Homero,
530 2523 579 2564 in
597 2522 757 2574 Statio,
777 2524 817 2565 si
844 2523 1039 2578 paucula
1056 2522 1185 2572 viteS,
1205 2525 1349 2564 cetera
1361 2533 1452 2564 non
1470 2527 1627 2565 vetan-

185 2593 266 2630 tur.

185 2712 206 2741 7
227 2709 323 2742 Beue
336 2710 479 2753 Virgilio
495 2711 677 2754 Pupiniam
688 2711 815 2754 jungit.
861 2713 957 2745 Bene
971 2711 1076 2745 etiam
1097 2711 1319 2753 Πωδεριιστίαν
1332 2711 1431 2753 hujus
1454 2713 1626 2746 amolitur.
