1800 3060
242 218 330 260 454

737 230 778 262 Ρ.
811 229 1002 262 ΡΑΡΙΝΙῙ
1036 228 1201 263 STA'rn

243 323 396 366 Distet
415 324 471 366 ab
492 325 687 380 hyberna
709 325 955 382 Rhodopes
977 341 1107 381 grue:
1141 330 1240 383 quis
1259 329 1400 384 magis
1421 342 1549 372 anser

242 391 366 434 Exta
384 392 520 435 ferat:
552 406 630 436 cur
647 394 823 437 Tuscus
844 409 950 450 aper
969 398 1228 450 generosior
1245 397 1417 440 Umbro
1435 412 1446 440 ε

1648 397 1707 439 10

241 459 436 502 Lubrica
457 473 545 514 qua
565 463 778 504 recubent
798 463 1036 518 conchylia
1055 465 1231 506 mollius
1253 466 1370 519 alga.

244 526 394 569 Nobis
412 541 545 570 verus
565 543 703 580 amor,
723 530 965 586 medioque
986 532 1207 574 Helicone
1228 534 1400 587 petitus

243 594 413 646 Sermo,
432 596 682 653 hilaresque
693 598 788 652 joci
808 599 1047 640 brumalem
1071 601 1304 643 absumere
1323 607 1503 644 noctem

243 662 504 714 Suaserunt,
528 665 794 720 mollemque
816 667 960 708 oculis
979 668 1201 722 expellere
1225 682 1453 723 somnum;

245 730 402 773 Donec
423 732 479 773 ab
502 732 668 787 Elysiis
689 735 920 789 prospexit
939 735 1121 778 sedibus
1143 737 1253 778 alter

1652 739 1707 780 15

243 847 379 890 hyemali
397 858 477 888 grue
492 848 675 890 Rhodopes.-
710 851 779 892 quis
793 861 885 883 anser
899 852 1008 884 habeat
1024 853 1125 892 nmjus
1138 853 1250 894 Jecur.-
1271 863 1328 886 eur
1341 864 1415 895 aper
1431 854 1546 887 Tuscus
1555 856 1708 894 gratioris

241 893 286 922 sit
299 892 430 932 saporis,
452 901 543 932 quam
562 893 698 925 Umber:
720 905 780 935 qua
792 895 866 933 alga
890 895 1008 927 lubrica
1033 900 1134 927 ostrea
1158 898 1281 928 mollius
1297 898 1434 934 jaceant.
1478 897 1608 930 Sincera
1629 900 1708 930 ami-

243 934 334 974 citia,
357 937 388 965 et
399 945 552 967 sermones
562 937 659 977 petiti
672 947 688 967 e
701 937 801 968 medio
817 938 980 976 Helicone,
992 942 1023 970 et
1039 940 1105 970 toeti
1115 939 1182 978 joci
1197 940 1374 972 invitarunt
1387 951 1442 972 nos
1455 941 1582 982 exigere
1596 942 1706 984 hyber-

244 978 345 1009 nutem
369 981 501 1019 noctem,
523 982 554 1019 et
582 979 708 1020 abigere
730 980 769 1011 ab
793 980 889 1012 oculis
915 981 1061 1014 blandum
1083 992 1236 1024 somnum,
1259 985 1353 1016 donec
1377 984 1459 1016 alter
1483 994 1500 1015 e
1527 984 1707 1017 Castor-ibus

857 1066 976 1079 eeeeee

978 1068 1096 1080 eeeeee

240 1119 346 1160 petuis
361 1123 533 1152 testantur
549 1129 666 1152 omnes
682 1120 829 1154 edd.—9
851 1121 923 1154 Pro
938 1123 1074 1165 hyberna
1090 1125 1214 1156 Venet.
1230 1126 1262 1155 l.
1286 1123 1436 1156 hicterico
1445 1135 1458 1162 ;
1481 1123 1572 1156 unde
1588 1124 1706 1155 Mark-

244 1162 364 1194 landus
379 1164 468 1205 conj.
492 1163 602 1195 Distet
621 1164 659 1195 ab
683 1164 811 1196 harctoa
827 1166 989 1208 Rhodopes
1009 1176 1102 1209 grue,
1123 1168 1147 1199 i.
1165 1177 1195 1199 e.
1215 1168 1433 1200 Arctum—13
1457 1168 1527 1200 Pro
1551 1167 1708 1199 absumere

905 1253 1051 1286 NOTAE

288 1319 310 1347 9
327 1315 430 1356 Grue]
455 1316 571 1349 AEtate
587 1318 695 1349 nostri
710 1317 830 1350 Poetae
847 1329 949 1360 grues

245 1366 500 1406 expetebantur
514 1368 606 1399 inter
621 1368 748 1409 primas
763 1379 854 1402 aves.
881 1370 950 1412 Hy-

245 1415 342 1448 berna
358 1417 520 1458 Rhodope]
545 1418 711 1460 Rhodope
726 1429 824 1451 mons
841 1421 948 1452 Thra·

247 1467 313 1498 ciae
342 1466 503 1508 frigidus,
523 1469 611 1500 uude
641 1470 778 1511 hyberna
807 1471 946 1504 dicitur.

244 1519 406 1551 Meminit
435 1525 550 1551 autem
579 1521 774 1564 Rhodopes,
806 1524 884 1564 quia
914 1525 948 1556 in

242 1569 388 1601 Thracia
399 1574 436 1601 ut
447 1571 629 1611 plurimum
640 1577 826 1605 nascuntur
835 1585 950 1620 grues,

242 1620 360 1662 ibique
377 1622 546 1654 aestivant.
596 1623 719 1665 Magis]
741 1625 781 1656 Id
798 1632 862 1667 est,
879 1636 950 1658 ma-

238 1671 327 1713 jora.
364 1673 540 1705 Lurcones
556 1680 671 1706 autem
688 1682 724 1708 et
740 1677 824 1708 lauti
843 1678 949 1717 palati

244 1723 397 1755 homines
416 1725 517 1765 jecur
539 1727 670 1758 anseris
695 1727 784 1759 inter
800 1729 950 1760 delicata

243 1775 392 1816 cupedia
422 1782 620 1818 posuerunt.
678 1779 780 1810 Unde
818 1780 949 1812 Plinius

243 1826 302 1858 lib,
325 1835 362 1859 x.
389 1836 467 1868 cap.
492 1831 547 1859 22.
570 1829 697 1861 ‘Jecur
721 1828 892 1862 fartilibus
915 1832 949 1862 in

243 1886 400 1919 magnam
430 1879 692 1919 amplitudinem
722 1881 862 1921 crescit,
891 1891 949 1913 ex-

244 1932 447 1971 emtumque
462 1930 552 1962 lacte
567 1931 676 1963 mulso
693 1937 862 1972 augetur:
886 1942 949 1964 nec

242 1979 316 2011 sine
330 1989 433 2011 causa
446 1981 480 2012 in
497 1982 687 2022 quaestione
703 1987 767 2024 est,
790 1984 865 2025 quis
881 1984 948 2022 pri-

242 2041 319 2063 mus
335 2036 469 2063 tantum
485 2033 609 2065 bonum
624 2035 806 2075 invenerit,
819 2036 948 2077 Scipio,

244 2092 287 2114 an
314 2083 499 2116 Marcellus
526 2086 579 2117 vir
610 2087 809 2128 consularis,
833 2098 876 2119 an
900 2089 950 2120 M.

245 2133 375 2166 Sestius
387 2145 493 2177 eques
506 2137 680 2170 Romanus
694 2139 812 2171 eadem
825 2139 952 2172 aetate.’

244 2185 422 2219 Juvenalis
433 2188 506 2220 Sat.
517 2197 554 2221 v.
567 2192 577 2207 ⁸
587 2189 730 2221 Anseris
745 2194 824 2222 ante
839 2191 950 2232 ipsum

243 2238 360 2278 magni
386 2238 514 2280 jecur!
572 2239 744 2272 Martialis
774 2241 834 2273 lib.
864 2251 948 2275 xm.

241 2287 396 2330 ‘Aspice
423 2300 523 2332 quam
545 2295 678 2323 tumeat
702 2301 827 2333 magno
845 2291 949 2332 jecur

243 2349 364 2372 ansere
393 2339 529 2382 majus!
586 2341 775 2374 Athenaeus
806 2343 865 2374 lib.
895 2352 947 2376 lx.

243 2400 320 2432 cap.
335 2394 367 2423 8.
390 2392 492 2431 Χηνὸς
501 2392 584 2435 ἧπαρ
595 2394 859 2435 περισπουδαστὸν
868 2395 950 2427 κατὰ

241 2440 302 2479 τὴν
320 2441 449 2482 Ῥώμην.
492 2446 591 2477 Jecur
604 2446 724 2478 anseris
739 2447 868 2478 multum
885 2447 948 2477 Ro-

243 2502 302 2524 moe
315 2494 504 2527 aestimatur.

287 2546 329 2576 10
354 2545 419 2576 Cur
438 2546 554 2579 Tuscus
568 2558 642 2589 aper
662 2548 844 2588 generosior
871 2549 948 2580 Um-

242 2594 312 2636 bro]
334 2596 443 2628 Tusci
468 2602 505 2629 et
534 2598 608 2639 apri
628 2599 783 2630 meminit
797 2598 948 2632 Juvena-

240 2647 302 2678 lis:
330 2646 342 2665 ‘
359 2647 486 2680 Maevia
506 2648 654 2680 Tuscum
678 2649 778 2690 Figat
803 2648 949 2691 aprum!

242 2697 310 2729 Sed
342 2702 379 2730 et
409 2698 585 2731 Umbriam
611 2699 675 2731 hoc
696 2700 834 2731 animali
857 2699 947 2731 cele.-

242 2748 338 2780 brem
353 2753 453 2782 notat
467 2749 622 2783 Catullus
644 2751 746 2792 Epig.
773 2751 807 2782 in
834 2751 948 2792 Egna-

243 2800 329 2833 tium
342 2801 407 2834 hoc
424 2811 539 2836 versu:
556 2802 566 2821 ⁶
578 2802 650 2835 Aut
665 2812 789 2846 porcus
805 2802 946 2843 Umber,

1004 1324 1063 1352 aut
1079 1319 1201 1352 obesus
1217 1319 1407 1352 Etruscus.'

1061 1373 1098 1401 ll
1123 1370 1260 1402 Lubrica
1280 1381 1340 1412 qua
1365 1369 1508 1402 recubent
1536 1369 1707 1410 conchylia

1003 1421 1125 1452 mollius
1152 1420 1241 1461 alga]
1264 1421 1342 1453 Qua
1369 1422 1458 1462 alga,
1486 1430 1528 1451 an
1557 1420 1707 1452 Lucrino

1002 1469 1120 1510 fundo,
1137 1481 1178 1502 an
1197 1471 1410 1510 Britannico,
1425 1480 1468 1501 an
1482 1470 1626 1501 Baiano.
1664 1469 1706 1500 In

1003 1521 1053 1552 his
1069 1522 1158 1552 enim
1175 1521 1326 1552 maribus
1341 1521 1564 1562 piscabantur
1579 1526 1707 1560 ostrea,

1003 1573 1231 1614 suavioraque
1246 1571 1461 1605 credebam.-
1491 1571 1617 1604 Juven.
1634 1572 1706 1603 Sat.

1005 1633 1041 1655 v.
1060 1626 1069 1642 ‘
1085 1624 1226 1656 Circaeis
1241 1630 1324 1655 nata
1338 1623 1453 1655 forent
1466 1633 1507 1654 au
1523 1623 1707 1655 Lucrinum

1005 1676 1047 1706 ad
1075 1685 1206 1714 saxum,
1234 1675 1453 1716 Rutupinove
1481 1674 1577 1706 edita
1601 1673 1707 1706 fundo

1005 1725 1131 1757 Ostrea
1145 1725 1293 1757 callebat
1319 1725 1430 1767 primo
1446 1725 1706 1767 deprehendere

1004 1775 1143 1808 morsu.’
1186 1776 1233 1807 Et
1258 1775 1466 1808 Petronius:
1499 1776 1509 1793 ‘
1524 1774 1710 1816 Ingeniosa

1006 1827 1086 1868 gula
1109 1831 1175 1867 est,
1195 1827 1312 1859 Siculo
1333 1836 1452 1859 scarus
1467 1835 1604 1869 aequore
1619 1835 1707 1858 mer-

1005 1887 1061 1909 sus
1071 1877 1126 1909 Ad
1139 1887 1288 1909 mensam
1299 1878 1399 1910 vivus
1411 1877 1612 1909 deducitur:
1625 1877 1707 1908 inde

1005 1927 1161 1959 Lucrinis
1172 1928 1282 1958 Eruta
1291 1927 1466 1960 littoribus
1477 1927 1617 1958 veniunt
1627 1935 1707 1958 con-

1004 1977 1117 2018 chylia
1131 1978 1249 2018 coenis,
1262 1978 1312 2009 Ut
1327 1981 1494 2009 renovent
1507 1986 1569 2018 per
1584 1977 1708 2009 damna

1004 2026 1142 2061 famem.
1185 2028 1265 2060 Jam
1281 2028 1448 2061 Phasidos
1465 2028 1557 2061 unda
1572 2028 1709 2062 Orbata

1007 2085 1060 2111 est
1075 2077 1217 2111 avibus?
1260 2079 1351 2112 Vide
1365 2085 1403 2112 et
1424 2079 1591 2112 Senecam
1618 2079 1707 2113 Con-

1006 2130 1172 2161 solatione
1203 2129 1246 2162 ad
1277 2129 1450 2171 Helviam,
1486 2134 1523 2162 et
1546 2130 1708 2162 Latinum

1006 2182 1174 2213 Pacatum
1190 2181 1223 2212 in
1238 2181 1413 2223 Panegyr.
1445 2180 1598 2214 Aliunde
1610 2187 1708 2214 certe

1004 2234 1108 2265 allata
1133 2239 1248 2266 ostrea
1272 2234 1307 2266 in
1334 2235 1484 2267 Lucrino
1511 2245 1709 2278 compasce-

1005 2284 1089 2316 bant
1104 2295 1112 2315 :
1138 2285 1187 2316 ita
1201 2284 1291 2316 enim
1307 2285 1469 2327 gratioris
1486 2287 1616 2328 saporis
1631 2287 1707 2320 fore

1003 2335 1202 2367 credebant.
1249 2336 1340 2368 Vide
1356 2341 1392 2369 et
1412 2337 1560 2369 Plinium
1576 2337 1637 2370 lib.
1653 2347 1706 2371 lx.

1004 2397 1081 2428 cap.
1097 2390 1151 2420 54.
1195 2387 1350 2429 Lubrica]
1373 2389 1463 2422 Quia
1482 2388 1585 2422 facile
1600 2391 1705 2422 mani-

1004 2438 1066 2470 bus
1082 2438 1264 2470 elabuntur
1279 2443 1404 2471 ostrea.

1047 2493 1087 2521 12
1104 2491 1270 2532 Medioque
1283 2491 1452 2534 Helicone]
1467 2492 1510 2524 Id
1525 2497 1590 2530 est,
1604 2503 1623 2525 e
1635 2503 1704 2526 me·

1003 2539 1067 2572 diis
1082 2541 1205 2580 Musis,
1229 2541 1352 2583 quibus
1369 2542 1516 2574 Helicon
1530 2552 1637 2576 sacer.

1045 2596 1085 2624 15
1104 2591 1239 2634 Elysiis]
1260 2592 1303 2624 Id
1318 2596 1382 2631 est,
1397 2591 1541 2625 infernis
1556 2593 1706 2627 sedibus.

1001 2644 1093 2676 Alter
1123 2643 1251 2684 Castor]
1288 2643 1377 2676 Nam
1409 2644 1550 2676 alternis
1580 2645 1703 2678 diebus

1002 2696 1128 2727 Castor
1154 2700 1191 2727 et
1216 2695 1340 2727 Pollux
1358 2693 1515 2727 oriuntur
1547 2700 1584 2728 et
1611 2697 1704 2730 occi-

1000 2746 1098 2778 dunt.
1147 2744 1275 2786 Castor]
1302 2745 1371 2778 Hic
1386 2755 1508 2778 nomen
1524 2756 1703 2782 commune

1000 2799 1136 2832 Castori
1152 2802 1188 2831 et
1204 2798 1338 2831 Polluci
1352 2797 1530 2834 fratribus.
