1800 3060
803 203 1079 234 ιἰιειτᾼτιο.
1637 194 1667 236 9

215 304 259 342 et
275 299 391 343 alios
406 298 500 340 sine
513 310 690 340 numero
701 297 827 339 locos
846 298 893 338 iu
913 296 1143 351 utriusque
1163 297 1335 351 generis
1348 298 1638 353 scriptoribus
1651 314 1665 350 ;

214 371 263 409 et
278 366 397 420 quod
416 365 599 420 propius
620 369 703 415 est,
737 365 920 407 Servius
951 365 1124 408 videtur
1149 378 1231 420 pro
1250 366 1374 407 varia
1394 367 1577 407 lectione
1597 366 1665 407 iu-

209 433 388 476 venisse
404 435 434 454 ·‘
451 432 600 474 munia
614 431 641 484 3'
669 432 785 474 iuter
815 445 950 486 quam
967 446 1131 475 vocem
1152 436 1196 475 et
1225 436 1239 455 ‘
1260 433 1445 483 limiua‚’
1464 433 1664 475 detracta

209 501 338 544 litera
356 498 387 551 I,
418 505 572 554 utpote
600 500 730 543 initio
757 512 931 550 versus,
964 513 1123 554 pamm
1144 505 1213 542 est
1232 499 1518 552 differentiae;
1560 513 1663 542 cum

209 568 371 611 ductus
404 567 565 610 calami
598 566 688 608 fere
717 566 851 608 iidem
883 567 975 608 sint
1008 568 1053 608 iu
1075 570 1090 590 ‘
1109 566 1283 608 munia'
1303 573 1350 609 et
1370 571 1383 589 ‘
1405 568 1544 610 imina
1559 567 1587 610 ε’
1617 572 1663 609 et

208 634 291 676 has
310 647 446 676 voces
480 636 496 656 ‘
509 647 689 676 munera
707 633 718 649 ’
750 638 796 676 et
828 635 841 656 ‘
857 634 1036 677 limina’
1069 635 1176 676 alibi
1211 639 1505 677 commutatas
1533 648 1659 689 saepe

209 701 459 744 observavi.
517 700 639 743 Nam
666 701 828 755 Georg.
852 713 917 742 lv.
937 702 1037 744 520.
1058 715 1140 756 pro
1172 701 1394 744 ‘munere’
1426 701 1661 755 legendum

207 781 308 811 esse
326 768 556 819 ‘nomiue,'
574 774 704 811 extra
733 781 904 811 omnem
938 768 1287 811 controversiam
1316 770 1511 822 positum
1531 773 1660 822 puto,

205 840 313 890 post
329 848 383 878 ea
400 849 502 890 quae
522 835 617 877 dixi
638 835 696 877 ad
715 835 838 890 Sylv.
861 847 933 877 ιιι.
952 836 998 879 3.
1013 835 1083 878 87.
1129 835 1205 877 Sic
1221 836 1402 878 ‘limina
1415 835 1426 852 ’
1447 840 1490 878 et
1510 839 1524 858 ‘
1545 849 1657 878 moe-

205 901 304 944 nia’
331 906 652 950 commutantur
670 903 715 944 in
733 902 847 945 Mss.
868 903 988 959 apud
1005 902 1139 944 Ovid.
1162 902 1274 944 Met.
1296 914 1359 944 vn.
1374 904 1473 945 600.
1489 907 1533 946 et
1547 914 1659 944 xlv.

204 969 305 1013 456.
319 969 536 1012 ‘lumina’
554 973 598 1012 et
618 971 866 1025 ‘tempora'
888 971 1016 1014 Ibide
1029 971 1102 1013 32.
1115 973 1129 992 ‘
1142 975 1323 1025 pectore
1338 970 1349 986 ’
1369 976 1410 1013 et
1433 971 1627 1013 ‘lumine
1648 970 1660 988 ’

206 1035 381 1078 Seneca
401 1034 537 1078 Herc.
569 1035 672 1078 Fur.
698 1038 798 1079 219.
828 1040 842 1059 ‘
863 1037 1087 1092 tempora'
1119 1042 1166 1079 et
1201 1041 1215 1060 ‘
1236 1039 1427 1080 moenia’
1462 1039 1654 1081 Horatio

203 1099 305 1144 Art.
326 1101 456 1144 Poet.
479 1103 575 1144 140.
605 1105 619 1124 ‘
636 1105 848 1157 sanguine
862 1103 874 1121 ’
892 1107 937 1147 et
967 1108 979 1126 ‘
993 1104 1168 1147 littore'
1202 1104 1281 1146 Sil.
1303 1104 1464 1148 Italico
1487 1117 1531 1146 v.
1552 1106 1654 1149 273.

205 1168 329 1210 Idem
350 1180 403 1211 x.
422 1169 519 1212 133.
540 1170 596 1212 de
615 1169 855 1223 Annibale,

315 1252 379 1294 Ni
396 1252 518 1295 letho
538 1253 611 1298 det
628 1259 793 1297 cuncta
813 1255 973 1305 virum,
989 1254 1234 1311 jungatque
1256 1258 1431 1311 parenti

311 1318 523 1375 Corpora,
542 1324 586 1364 et
604 1322 785 1364 excidat
804 1323 992 1364 miseros
1012 1336 1112 1365 cum
1135 1325 1275 1378 stirpe
1296 1331 1475 1378 penates
1494 1339 1505 1367 ε

200 1405 263 1444 ita
281 1401 326 1443 iu
345 1403 567 1454 omnibuS,
588 1404 758 1458 opinor,
789 1405 973 1460 legitur:
1018 1419 1174 1448 sensus
1206 1421 1307 1450 vero
1343 1412 1386 1450 et
1422 1409 1649 1464 oppositio

198 1469 328 1522 plane
341 1463 587 1530 postulant,
621 1474 635 1493 ‘
648 1471 893 1529 jungatque
912 1474 1089 1528 parenti
1118 1473 1335 1529 pignora‚'
1362 1476 1409 1518 id
1429 1482 1517 1528 est,
1538 1478 1552 1498 ‘
1571 1490 1650 1519 na-

199 1535 300 1577 tos-³
355 1537 615 1592 Propertius
638 1549 704 1580 w.
724 1540 766 1580 4.
786 1539 841 1581 de
859 1539 1079 1595 Tarpeia:

310 1614 457 1666 Dixit,
476 1621 523 1656 et
542 1616 708 1658 incerto
729 1617 926 1671 permisit
942 1618 1124 1661 brachia
1144 1632 1301 1662 somno
1319 1633 1330 1662 ε

197 1690 261 1732 ita
279 1691 412 1745 vulgo
429 1691 599 1745 legitur.
658 1693 747 1735 Sed
782 1706 838 1736 an
866 1694 1031 1749 aliquis
1066 1709 1262 1751 unquam
1291 1697 1512 1739 intellexit
1541 1698 1647 1752 quid

194 1757 257 1800 sit
270 1762 284 1781 ‘
301 1759 556 1812 permittere
573 1760 757 1802 brachia
775 1773 931 1804 somno
944 1760 978 1803 ‘i'
1009 1767 1126 1806 certe
1146 1763 1381 1818 legendum
1398 1764 1473 1806 vel
1491 1767 1506 1786 ‘
1517 1764 1646 1806 lumi-

193 1824 280 1876 na:
308 1825 392 1876 vel,
424 1825 546 1880 quod
584 1828 771 1882 propius
803 1834 890 1880 est,
924 1832 938 1853 ‘
950 1831 1168 1884 pectora?
1207 1837 1258 1873 ut
1287 1831 1407 1886 apud
1430 1831 1645 1874 Nostrum

193 1890 317 1946 Sylv.
353 1903 429 1935 111.
461 1893 503 1935 2.
553 1896 567 1916 ‘
587 1907 705 1948 quos
734 1908 851 1938 nuuc
888 1910 971 1950 ego
1010 1904 1190 1953 pectore
1222 1912 1418 1948 somnos,
1454 1898 1641 1950 Quosve

192 1969 350 2010 queam
367 1960 562 2016 perferre*
577 1962 673 2004 dies
683 1961 723 2004 ‘t'
759 1962 831 2006 Ita
848 1965 970 2018 apud
992 1964 1210 2008 Rutilium
1229 1966 1546 2009 Numatianum
1564 1966 1642 2009 Iti-

189 2036 328 2068 nerar.
347 2037 378 2068 1.
397 2027 499 2070 229,

302 2111 521 2158 Praesidet
538 2117 688 2171 exigui
707 2117 920 2161 formatus
939 2121 1130 2174 imagine
1149 2122 1252 2164 saxi

358 2180 451 2232 Qui
470 2185 686 2236 pastorali
706 2186 882 2228 nomina
901 2187 1042 2229 fronte
1062 2189 1191 2242 gerit:

184 2268 379 2322 loquitur
413 2270 469 2311 de
501 2270 659 2314 Castro
692 2273 809 2325 Inui,
839 2276 1009 2330 oppido
1043 2276 1090 2318 in
1124 2276 1287 2331 Italia3
1333 2282 1458 2342 cujus
1478 2286 1636 2341 oppidi

184 2340 374 2389 praestes
393 2343 489 2378 erat
511 2338 667 2390 Inuus,
689 2340 805 2382 idem
833 2343 912 2396 qui
931 2343 1053 2386 Pan:
1067 2343 1163 2398 jam
1182 2358 1286 2388 vero
1302 2349 1408 2401 quid
1427 2357 1494 2395 est
1528 2358 1541 2377 ‘
1561 2368 1636 2408 ge-

155 2434 162 2438 .
183 2415 277 2444 rere
295 2405 475 2446 nomina
496 2407 718 2459 pastorali
730 2408 868 2451 fronte
879 2409 914 2451 ‘l’
943 2410 1089 2464 Lege:

464 2482 554 2534 Qui
571 2487 783 2538 pastorali
804 2500 967 2530 cornua
985 2489 1129 2531 fronte
1149 2491 1288 2544 gerit:

180 2561 244 2603 ita
263 2563 378 2605 enim
397 2564 638 2619 fingebatur
657 2569 756 2611 Pan
773 2571 842 2612 vel
866 2571 1007 2614 Inuus
1025 2585 1035 2614 :
1068 2572 1327 2617 Macrobius
1349 2577 1570 2625 Satur-nal.
1592 2595 1628 2628 1.

178 2629 248 2670 Q,
305 2634 319 2652 ‘
339 2631 453 2685 Ergo
476 2633 577 2676 Inui
598 2647 763 2678 cornua
791 2639 1037 2692 barbaeque
1065 2640 1244 2694 prolixa
1265 2642 1478 2689 demissio
1498 2656 1627 2694 natu-

179 2706 271 2738 ram
306 2697 421 2741 lucis
461 2701 721 2755 ostendunt,’
757 2706 835 2747 &a
898 2705 1075 2748 Nemini
1116 2707 1302 2751 dubium
1342 2724 1440 2756 esse
1477 2723 1628 2770 potest
