1800 3060
217 205 306 250 262
717 215 757 246 ι».
791 216 986 248 ΡΑΡιΝιι
1019 216 1186 248 STA'rit

221 310 262 353 Ο
283 323 417 366 quam
438 310 608 354 divitiis
626 323 851 366 censuque
871 316 1037 355 exutus
1056 312 1206 367 opimo

221 378 412 431 Fortior,
433 379 568 430 Urse,
589 379 733 421 fores!
763 379 805 422 si
823 379 897 422 vel
914 380 1111 422 fumante
1130 380 1258 422 ruina

220 446 495 489 Ructassent
512 446 628 488 dites
647 445 881 490 Vesuvina
899 447 1109 490 incendia
1129 448 1312 499 Locros,

219 514 307 556 Seu
330 515 608 558 Pollentinos
627 514 892 557 mersissent
911 514 1094 557 fiumina
1113 515 1283 567 saltus;

220 582 310 624 Seu
327 583 538 624 Lucanus
559 595 676 636 ager,
697 595 778 624 seu
798 582 1010 637 Tybridis
1033 583 1241 637 impetus,
1262 582 1379 624 altas

226 715 316 747 Unde
332 716 416 755 satis
431 720 497 750 tam
510 720 591 751 certi
605 719 708 751 ictus?
733 721 763 752 0
784 720 874 761 Une,
902 731 993 763 quom
1017 721 1206 753 constantior
1221 722 1325 760 sores,
1349 720 1501 762 spoliatus
1524 720 1634 762 opibus
1653 723 1687 753 et

214 757 347 798 florenti
354 760 488 798 fortuna
501 762 517 794 ,Ι
540 762 579 794 Si
602 763 649 794 tel
669 763 760 803 ignes
782 763 904 795 Vesuvii
925 764 1172 803 combussissent,
1187 766 1315 796 ardente
1330 765 1436 803 ruina,
1450 764 1608 805 opulentos
1625 764 1686 795 Lo·

220 810 299 840 cros,
314 813 369 834 seu
385 805 485 845 fluvii
501 805 701 838 inundo-ssent
713 807 818 848 sylvas
835 806 1028 839 Pollentinos
1036 818 1048 845 ;
1071 817 1122 839 seu
1138 817 1262 849 campus
1276 807 1419 840 Lucanus
1433 806 1687 848 obsorptusfut's-

838 902 1079 915 eeeeeeeeeee

223 974 361 1007 videtur
384 976 491 1016 istud,
522 977 611 1009 Deus
640 978 747 1019 Elegit
760 989 772 1010 .·
808 979 939 1019 melius,
977 980 1118 1020 Exigit!
1155 980 1376 1012 Maru—62
1408 983 1419 1000 ⁶
1435 980 1523 1012 Mihi
1549 979 1687 1012 minime

221 1018 361 1050 dubium
385 1023 440 1051 est
461 1020 549 1052 hanc
574 1030 690 1053 vocem
716 1021 905 1054 Ructassent
926 1022 1150 1064 depravatam
1174 1034 1271 1064 esse3
1294 1029 1331 1056 et
1346 1023 1552 1056 medicinam
1568 1024 1691 1055 videor

221 1061 409 1093 invenisse:
432 1062 460 1094 si
473 1063 522 1095 vel
527 1062 676 1101 fumante
690 1064 783 1096 ruina
801 1065 977 1097 [sudassent
986 1066 1067 1098 dites
1082 1067 1237 1099 Vesuvina
1250 1067 1394 1099 incendia
1410 1067 1536 1099 Locros.
1559 1066 1686 1098 Posses

223 1104 341 1143 etiam,
357 1105 536 1137 Nudassent
550 1106 644 1147 dites,
658 1108 712 1148 isc.
739 1108 798 1139 sed
823 1108 913 1140 istud
939 1110 1084 1141 alterum
1102 1111 1212 1151 magis
1231 1110 1368 1151 placet;
1395 1114 1431 1142 et
1446 1119 1562 1141 verum
1581 1114 1686 1151 puto:

223 1147 290 1178 nisi
307 1148 426 1179 malis:
452 1149 643 1182 Ructassent
669 1150 751 1181 dites
771 1151 926 1183 Vesuvina
950 1152 1093 1184 incendia
1116 1153 1236 1185 Locri:
1259 1152 1349 1194 quod
1375 1155 1480 1185 etiam
1505 1150 1606 1184 facile
1629 1153 1688 1182 de-

223 1189 316 1222 fendi
334 1191 475 1231 potest!
500 1192 685 1224 Idem—63
710 1194 893 1226 polentinos
907 1195 986 1227 edd.
1001 1201 1087 1228 vett.
1131 1197 1141 1214 ‘
1157 1196 1231 1228 Nec
1248 1196 1434 1228 mutatione
1457 1195 1688 1227 distinctionis

225 1239 284 1265 aut
299 1234 366 1265 alio
381 1234 539 1276 quopiam
566 1240 667 1275 pacto
691 1245 826 1277 possum
854 1237 933 1270 huic
956 1238 1031 1270 loco
1055 1239 1240 1280 opitulari;
1262 1248 1340 1270 nam
1366 1238 1457 1280 quod
1480 1239 1512 1269 in
1537 1245 1688 1270 mentem

225 1277 388 1309 veniebat
402 1288 412 1308 :
436 1277 499 1310 Seu
516 1278 691 1310 Pollentini
705 1281 801 1311 mersi
815 1284 915 1312 essent
920 1281 1055 1323 flumine
1078 1283 1189 1320 saltus,
1202 1281 1264 1314 Seu
1281 1281 1428 1314 Lucanus
1436 1291 1535 1322 ager:
1557 1291 1621 1321 seu,
1636 1282 1691 1322 ⁸5⁸0·

224 1320 342 1352 statim
359 1320 484 1361 abjeci,
499 1331 623 1362 gnarus
639 1321 727 1354 hanc
743 1323 852 1354 laxam
870 1325 1152 1366 compositionem
1170 1334 1235 1356 non
1251 1334 1327 1356 esse
1341 1325 1456 1357 Statii.
1500 1324 1570 1356 Ant
1584 1324 1689 1364 igitur

224 1362 396 1395 excidisse
413 1363 550 1395 videtui·
573 1374 702 1405 versus,
719 1371 779 1398 aut
796 1367 881 1399 mira
896 1373 949 1399 est
967 1368 1122 1408 Ellipsis:
1148 1367 1212 1399 Seu
1226 1367 1386 1399 Leucanus
1408 1377 1485 1408 ager
1496 1367 1690 1399 admisisset

221 1416 333 1447 aquas,
348 1415 402 1438 seu
420 1406 560 1439 Tibriais
583 1409 717 1449 impetus
740 1410 881 1442 torsisset
905 1420 1002 1451 aquus
1024 1411 1057 1441 in
1079 1412 1238 1443 dextrum.
1281 1411 1349 1442 Sed
1372 1410 1453 1452 quid
1473 1410 1595 1442 Tibridi
1610 1419 1687 1441 cum

223 1459 303 1489 agro
319 1449 457 1489 Lucano,
473 1456 542 1482 tam
559 1451 659 1492 longe
673 1453 794 1484 dissito
809 1453 822 1484 ?
846 1455 1003 1494 Despero
1021 1454 1137 1493 igitur,
1153 1458 1189 1486 et
1205 1463 1309 1494 supra
1324 1459 1462 1494 captum
1476 1463 1586 1484 meum
1610 1462 1686 1484 esse

223 1492 298 1524 haec
315 1491 493 1526 confiteor.
540 1494 649 1527 Recte
671 1505 750 1527 vero
773 1505 816 1527 ex
840 1496 973 1528 duobus
988 1497 1089 1529 codd.
1105 1497 1225 1529 ‘edidit
1238 1497 1446 1538 GronoviuS,
1475 1496 1517 1528 In
1531 1497 1691 1537 dextrum,

880 1595 912 1626 N
918 1593 1024 1626 0⁷1³AE

267 1656 305 1685 61
349 1654 479 1687 Fortior
497 1656 605 1698 fores]
651 1656 777 1688 Levius
807 1656 930 1690 ferres.

225 1704 380 1737 Fumonte
402 1707 511 1748 ruina]
529 1707 633 1739 Silius
657 1707 798 1740 Italicus
821 1709 882 1740 lib.
906 1718 930 1742 1.

222 1757 233 1774 ‘
248 1755 338 1787 Dum
356 1757 493 1798 penitus
518 1759 644 1800 pluteis
658 1759 849 1791 Vulcanum
870 1770 930 1792 ex-

224 1811 324 1839 ercet
354 1807 466 1839 adesis
502 1808 609 1841 Arma
640 1810 798 1852 virosque
827 1812 928 1844 simul

224 1857 350 1897 pressit
378 1856 546 1900 flagrante
567 1859 689 1892 ruina)
732 1861 742 1878 ‘
757 1860 928 1894 Ardentes

226 1910 333 1939 ruinae
348 1907 358 1922 '
379 1909 482 1941 Floro
496 1910 554 1941 lib.
572 1919 597 1942 ι.
612 1920 688 1952 cap.
706 1914 757 1943 18.

266 1961 308 1990 62
337 1959 492 1991 Vesutina
509 1961 667 2003 incendia]
689 1962 857 2003 Intelligit
873 1973 928 1994 ca-

224 2009 414 2041 lamitosam
438 2010 530 2042 illam
557 2020 597 2043 ac
615 2011 844 2052 prodigiosam
860 2014 929 2044 cla-

224 2059 316 2099 dem,
350 2070 427 2102 quae
449 2061 594 2102 contigit
625 2063 822 2104 principatu
850 2063 931 2105 Titi,

225 2121 292 2153 qua
303 2112 564 2153 erumpentibus
574 2113 709 2155 ignibus
721 2124 764 2146 ex
777 2114 930 2147 Vesuvio

223 2169 342 2194 monte
371 2163 582 2204 Campaniae,
612 2163 688 2195 duae
719 2164 821 2196 urbes
851 2175 929 2197 cum

223 2213 321 2254 pagis
337 2213 451 2245 multis
472 2214 600 2246 liaustae
617 2220 677 2246 aut
691 2215 822 2248 obrutae
839 2222 931 2256 sunt,

225 2264 483 2297 Herculaneum
500 2273 536 2298 et
559 2266 731 2308 Pompeii.
775 2269 865 2302 Quin
896 2279 930 2301 e-

224 2315 305 2347 tiam
322 2315 469 2356 Plinius,
484 2327 626 2358 magnus
647 2319 706 2350 ille
722 2325 856 2353 naturae
872 2331 930 2363 ge-

222 2365 312 2404 nius,
335 2366 393 2407 qui
417 2375 459 2397 eo
487 2367 619 2399 visendi
642 2369 834 2410 cupiditate
849 2381 930 2403 con-

224 2415 352 2447 tulerat
368 2426 418 2458 se,
432 2417 552 2449 eodem
569 2429 649 2450 casu
671 2421 846 2454 absumtus
863 2428 928 2455 est.

225 2467 301 2501 Qua
315 2467 357 2497 de
373 2477 407 2499 re
421 2468 498 2500 vide
513 2470 700 2510 Epistolam
711 2472 816 2504 Plinii
827 2483 930 2515 nepo·

225 2519 270 2551 tis
286 2518 328 2550 ad
345 2519 515 2551 Tacitum.
537 2521 667 2563 Locros]
696 2522 795 2555 Locri
811 2525 930 2565 populi

224 2570 259 2601 in
286 2575 440 2601 extrema
457 2569 568 2602 Italiae
598 2582 668 2612 ora,
690 2583 791 2615 quam
813 2574 928 2607 Graeci

224 2625 359 2652 veteres
374 2620 535 2661 Magnam
553 2621 726 2654 Graeciam
744 2629 927 2664 vocarunt3

225 2670 390 2711 oppidum
414 2670 587 2703 habebant
610 2673 763 2713 ejusdem
785 2676 929 2707 nominis

224 2722 400 2753 conditum
425 2721 467 2753 ab
492 2721 532 2753 iis
559 2722 688 2762 Locris,
703 2725 761 2765 qui
784 2724 929 2767 Ajacem

225 2771 364 2803 Oileum
386 2772 430 2804 ad
456 2771 595 2813 *frojam
624 2774 735 2805 secuti
759 2781 869 2817 erant,
893 2781 930 2808 et

985 1656 1246 1700 ‘Epizephyrii’
1267 1656 1607 1700 cognominabantur.
1630 1658 1688 1691 De

983 1709 1033 1740 his
1050 1719 1160 1740 sermo
1177 1709 1231 1741 hic
1247 1713 1310 1741 est.
1342 1709 1465 1751 Ibique
1479 1709 1587 1741 Ursus
1603 1719 1689 1750 prt-

983 1760 1037 1791 dia
1054 1760 1215 1792 habebat.
1259 1760 1347 1792 Sunt
1362 1765 1399 1792 et
1418 1759 1522 1792 Locri
1539 1756 1688 1793 Graeciae

984 1811 1112 1852 populi.

1024 1863 1065 1893 63
1098 1861 1308 1902 Pollentinos]
1345 1861 1375 1894 A
1405 1862 1577 1894 Pollentia
1603 1862 1688 1894 urbe

982 1912 1050 1944 sita
1079 1912 1115 1944 in
1136 1913 1275 1954 Liguria
1301 1913 1345 1944 ad
1375 1913 1508 1945 radices
1535 1913 1689 1954 Alpium,

982 1963 1068 1994 lanis
1091 1963 1196 2003 nigris
1223 1963 1342 2003 nobili,
1367 1967 1405 1994 ut
1420 1961 1528 1995 refert
1542 1963 1688 1997 Plinius.

984 2014 1039 2045 De
1055 2013 1119 2046 hac
1134 2014 1188 2045 hic
1204 2013 1371 2055 Papinius
1394 2013 1546 2055 loquitur
1565 2013 1687 2056 proba-

984 2064 1111 2096 biliter.
1167 2064 1251 2095 Erat
1280 2068 1317 2095 et
1345 2063 1509 2106 oppidum
1535 2064 1687 2106 ejusdem

985 2115 1129 2147 nominis
1157 2115 1191 2146 in
1215 2114 1326 2147 altera
1347 2124 1392 2147 ex
1413 2114 1617 2148 Balearibus
1638 2116 1687 2148 in-

984 2166 1079 2198 suns.

1027 2219 1070 2248 64
1093 2216 1156 2247 Seu
1185 2215 1330 2248 Lucanus
1349 2215 1443 2258 ager]
1471 2215 1603 2249 Lucani
1629 2226 1690 2259 po-

986 2268 1056 2308 puli
1074 2267 1198 2307 Italiae,
1212 2277 1232 2299 a
1246 2267 1457 2299 Samnitibus
1473 2267 1550 2303 orti,
1567 2276 1689 2299 secun-

987 2319 1066 2350 dum
1098 2328 1193 2350 mare
1224 2318 1372 2358 extenti,
1400 2318 1513 2350 Silaro
1541 2317 1644 2350 fluvio
1669 2327 1691 2350 a

986 2370 1189 2411 Picentinis,
1206 2371 1305 2402 Laoa
1317 2370 1445 2401 Brutiis
1461 2369 1560 2401 divisi
1575 2381 1583 2400 ε
1606 2379 1689 2412 quo-
1743 2368 1745 2370 ’

985 2431 1058 2452 rum
1075 2421 1173 2452 urbes
1190 2420 1358 2462 primariae
1375 2421 1486 2461 velia,
1498 2420 1687 2462 antiquitus

987 2471 1102 2510 Helia,
1138 2471 1306 2511 Paestum,
1345 2471 1477 2502 Graecis
1504 2470 1690 2503 Posidonia

986 2524 1212 2565 appellatum,
1229 2523 1437 2554 Buxentum.
1481 2521 1570 2554 Vide
1596 2522 1687 2556 Plin.

981 2574 1040 2606 lib.
1057 2582 1114 2605 111.
1131 2583 1207 2615 cap.
1224 2577 1257 2605 5.
1302 2573 1366 2606 Seu
1383 2573 1530 2615 Tybridis
1544 2573 1688 2615 impetus,

981 2625 1062 2656 ultus
1091 2625 1130 2656 ln
1152 2625 1296 2656 dextram
1324 2624 1462 2656 torsisset
1483 2624 1595 2666 aquas]
1633 2626 1687 2658 De

982 2675 1205 2707 inundatione
1229 2675 1326 2716 hujus
1355 2673 1451 2707 fluvii
1478 2675 1551 2708 llaec
1582 2675 1689 2708 habet

985 2725 1115 2758 Plinius
1130 2724 1275 2758 ibidem:
1299 2725 1310 2743 ‘
1322 2725 1417 2757 Nulli
1432 2723 1611 2758 fluviorum
1628 2727 1688 2758 mi-

983 2786 1045 2809 uus
1061 2777 1145 2809 licet
1160 2776 1300 2808 inclusis
1315 2775 1488 2819 utrimque
1506 2777 1688 2810 lateribusz
