1800 3060
224 206 307 249 192
725 219 764 249 P.
797 219 986 251 ΡΑΡΙΝΠ
1020 220 1189 252 3111111

222 312 446 355 Audivere
467 317 638 368 patres:
663 326 745 368 ego
759 315 897 370 Juxta
915 316 1053 358 busta
1072 317 1266 371 profusis

223 379 465 431 Man-ibus,
487 385 622 435 atque
642 382 732 436 piis
753 383 896 424 cecini
919 384 1084 426 solatia
1102 385 1235 436 natis,

222 447 282 490 Et
301 448 436 500 mihi3
458 462 557 490 cum
578 450 782 503 proprios
801 464 1016 505 gemerem
1038 452 1238 494 defectus
1259 453 1314 495 ad
1336 454 1459 508 ignes

219 515 407 572 (Quem,
424 516 600 559 Natura
613 516 646 571 Ξ)
665 522 856 572 patrem:
879 533 961 561 nec
984 525 1025 561 te
1045 520 1195 574 lugere
1213 534 1395 564 severus

220 583 381 634 Arceo,
404 584 483 625 sed
505 585 657 626 confer
675 587 885 639 gemitus,
907 588 1159 643 pariterque
1179 588 1377 632 fleamus.

218 651 248 693 J
253 652 489 693 amdudum
512 653 670 707 dignos
692 654 856 706 aditus,
876 655 1147 711 laudumque
1167 660 1355 708 tuarum,

219 718 259 759 Ο
280 720 433 761 merito
455 719 617 762 dilecte
640 735 760 776 puer,
781 723 1021 777 primordia
1041 736 1245 778 quaerens

219 786 480 830 Distrahor:
501 788 602 829 hinc
624 790 725 830 anni
746 793 912 832 stantes
933 791 976 832 in
997 791 1148 833 limine
1169 792 1293 843 vitae,

219 854 343 897 Hinc
365 869 435 897 me
457 856 596 898 forma
616 857 748 910 rapit,
771 859 886 913 rapit
906 859 1009 900 inde
1029 859 1250 901 modestia
1271 873 1471 914 praemori,

217 923 278 964 Et
295 923 456 978 pudor,
477 929 524 966 et
543 929 696 966 tenero
715 927 913 980 probitas
934 927 1148 970 maturior
1167 940 1280 970 aev0.

217 990 258 1032 Ο
280 992 359 1033 ubi
379 1005 604 1046 purpureo
626 991 820 1035 suffusus
841 995 1056 1049 sanguine
1086 995 1271 1046 candor,

217 1058 480 1114 Sidereique
500 1060 644 1111 orbes,
663 1059 926 1116 radiataque
946 1063 1114 1104 lumina
1134 1064 1268 1114 coelo,

216 1126 273 1168 Et
293 1128 522 1181 castigatae
545 1128 740 1170 collecta
759 1130 984 1172 modestia
1004 1130 1176 1182 frontiS,

1625 590 1683 632 35

1621 898 1681 971 40

216 1238 315 1270 luctus
330 1239 388 1272 tui.
435 1240 502 1281 Ipsi
519 1243 627 1281 patres
652 1250 700 1273 me
723 1242 910 1274 audiverunt
931 1242 967 1274 in
990 1242 1058 1284 ipso
1082 1242 1147 1274 ictu
1163 1242 1323 1283 fulminis.
1369 1244 1441 1284 Ego
1454 1244 1551 1276 cecini
1563 1245 1678 1278 solatia

213 1282 366 1313 matribus
377 1285 546 1324 prostratis
556 1294 652 1325 prope
674 1293 777 1326 rogos,
799 1289 830 1317 et
850 1285 915 1326 piis
936 1285 1055 1326 liberis,
1075 1286 1213 1327 mihique
1235 1287 1307 1328 ipsi,
1321 1297 1392 1319 cum
1405 1289 1510 1319 dolore
1519 1288 1679 1330 deficiens,

209 1325 392 1365 plangerem
407 1327 448 1357 ad
460 1328 660 1359 domesticum
683 1326 816 1369 bustum,
838 1338 939 1360 meum
959 1332 1096 1370 patrem,
1120 1339 1138 1360 o
1160 1332 1286 1372 natura,
1309 1340 1399 1371 quem
1418 1332 1564 1371 putrem?
1609 1331 1680 1364 Nee

212 1376 351 1399 morosus
364 1369 511 1408 prohibeo
525 1373 557 1401 te
576 1369 671 1411 flere,
694 1372 748 1402 sed
761 1371 864 1411 junge
883 1373 1034 1412 gemitus,
1055 1375 1086 1403 et
1100 1381 1163 1403 unu
1175 1372 1340 1413 ploremus.
1382 1373 1581 1415 Jampridem
1595 1384 1679 1415 φισ-

211 1419 298 1450 νεηε,
312 1422 329 1442 ο
338 1410 415 1451 jure
436 1416 539 1444 amate
561 1423 650 1453 puer,
675 1415 821 1454 quomodo
845 1415 941 1455 digne
964 1414 1113 1455 incipiam
1138 1415 1243 1447 laudes
1267 1419 1349 1457 tuas,
1364 1415 1458 1454 seror
1483 1416 1518 1448 in
1538 1416 1675 1449 diversa.

212 1453 303 1485 Hinc
317 1459 408 1493 oetas,
419 1465 488 1496 qua·
501 1460 570 1487 erat
585 1456 618 1487 in
634 1458 724 1488 aditu
739 1457 812 1489 υἱέα
822 1467 834 1489 .·
855 1458 927 1489 hinc
938 1461 1081 1490 venustas
1095 1461 1151 1490 tua
1166 1458 1266 1490 trahit
1280 1468 1339 1498 me,
1353 1458 1425 1491 inde
1436 1458 1595 1498 festinata
1613 1469 1678 1492 mo·

211 1497 327 1537 «festia,
340 1499 498 1540 pudorque
512 1509 549 1530 oc
564 1499 684 1531 bonitas
698 1500 853 1532 maturior
872 1502 957 1532 molli
978 1504 1082 1533 oetate.
1130 1501 1160 1532 0
1171 1501 1223 1532 ubi
1237 1502 1354 1533 candor
1366 1503 1482 1542 vanus,
1497 1511 1678 1543 conspersus

211 1539 324 1572 rubore
337 1550 437 1582 roseo,
452 1545 482 1573 et
497 1542 578 1574 oculi
584 1542 748 1583 fulgentes
768 1547 803 1576 ut
825 1544 894 1576 coeli
907 1544 1023 1584 sidera,
1037 1547 1069 1576 et
1088 1544 1231 1576 collectus
1245 1546 1353 1577 modus
1365 1544 1676 1588 castigatoejrontis,

1043 1627 1061 1639 0¹

211 1683 376 1712 tra.-—32.
393 1683 457 1713 &c-
502 1681 606 1714 Hunc
629 1682 742 1714 locum
760 1682 809 1714 ita
822 1682 892 1723 legi
909 1682 982 1713 vult
999 1682 1180 1714 Barthins:
1205 1683 1379 1724 Matrilms,
1400 1695 1430 1716 α.
1449 1692 1480 1724 ρ.
1495 1695 1524 1716 c.
1539 1693 1567 1715 ε.
1580 1685 1678 1725 natio,

209 1723 256 1754 Et
273 1724 350 1755 mihi
365 1724 407 1766 (c.
423 1734 453 1765 p.
467 1735 501 1765 g.
515 1726 547 1756 d.
562 1737 592 1757 a.
609 1725 715 1767 ignes)
740 1727 843 1762 Quam
861 1726 984 1756 Natura
996 1725 1134 1766 parum?
1157 1727 1238 1762 Nec,
1261 1728 1403 1768 &ce—41
1421 1727 1498 1759 Heu
1511 1727 1566 1760 ubi
1580 1728 1677 1760 malit

209 1766 459 1806 Marklandns;
483 1773 520 1798 ut
535 1768 647 1799 Theb.
663 1778 697 1800 v.
715 1771 791 1800 350.
804 1771 880 1800 613.
895 1776 976 1799 vm.
991 1770 1065 1800 174.
1087 1769 1181 1810 Sylv.
1197 1778 1256 1801 111.
1272 1774 1304 1801 5.
1328 1771 1405 1801 Val.
1422 1770 1516 1801 Flac.
1532 1779 1583 1801 ιν.
1598 1773 1676 1803 469.

207 1814 246 1842 et
261 1809 364 1842 Ovid.
378 1811 471 1842 Fast.
488 1819 545 1842 111.
561 1813 724 1844 485.-42
745 1812 755 1828 ‘
771 1811 824 1843 An
842 1811 947 1842 voluit
962 1821 970 1842 :
994 1812 1178 1852 radiataque
1202 1812 1319 1843 lumina
1343 1814 1424 1851 ltu-e,
1443 1813 1499 1844 vel
1511 1810 1604 1845 sole?
1620 1813 1674 1846 hae

208 1852 300 1884 enim
319 1863 420 1884 voces
436 1853 470 1884 in
483 1853 583 1885 codd.
601 1864 679 1885 cum
693 1855 766 1886 coelo
781 1858 1044 1886 commntantur.
1071 1855 1141 1886 Sed
1157 1854 1239 1885 mihi
1254 1855 1392 1886 minime
1409 1855 1524 1895 placet
1539 1855 1675 1888 exilitas

207 1895 276 1927 ista
291 1895 323 1926 in
340 1895 407 1927 fine
425 1905 569 1935 versus;
592 1907 655 1929 nec
671 1898 760 1929 enim
777 1897 924 1929 Statium
941 1897 1044 1937 sapit.
1090 1896 1145 1928 An
1161 1896 1328 1939 denique:
1351 1899 1540 1939 radiataque
1555 1899 1676 1931 lumina

209 1938 346 1976 Phoeb03
369 1949 435 1980 quo
451 1949 552 1971 sensu
569 1943 688 1972 Senec.
707 1940 850 1981 Hippol.
865 1942 940 1971 377.
961 1940 971 1957 ‘
986 1940 1031 1971 Et
1047 1940 1103 1980 qni
1122 1939 1287 1972 tenebant
1302 1940 1397 1980 signa
1414 1941 1574 1972 Phoebeae
1588 1938 1676 1974 facis

207 1980 326 2021 Oculi,
351 1982 433 2013 nihil
457 1983 587 2023 gentile
613 1993 677 2015 nec
701 1985 848 2024 patrium
866 1980 1018 2014 micant!
1064 1982 1121 2023 Et,
1145 1983 1155 2000 ⁸
1170 1983 1276 2015 facies
1293 1983 1373 2024 igne
1390 1984 1527 2015 sidereo
1540 1983 1678 2016 nitens’

206 2023 291 2056 ibid.
315 2033 348 2056 v.
376 2027 473 2057 1265.
496 2025 557 2057 sed
582 2034 646 2058 nec
669 2027 732 2057 hoe
749 2027 941 2067 perplacet.
985 2025 1161 2066 Quicquid
1175 2027 1220 2058 sit
1233 2026 1323 2058 orbes
1337 2027 1374 2058 et
1396 2026 1514 2058 lumina
1529 2027 1673 2068 conjun-

205 2072 336 2108 guntur
358 2072 396 2099 ut
420 2068 512 2110 apud
535 2070 664 2101 Lucan.
679 2077 722 2101 11.
739 2071 812 2102 184,
834 2078 868 2100 v.
883 2071 960 2101 212.
982 2073 1018 2100 et
1040 2069 1102 2100 Sil.
1121 2069 1202 2101 Ital.
1219 2077 1272 2101 tx.
1285 2068 1374 2102 401!
1396 2070 1604 2102 Morka—⁴8
1630 2069 1675 2102 Bt

861 2155 892 2186 N
899 2154 1003 2187 OTAE

246 2219 289 2249 34
302 2218 413 2259 Quem,
426 2219 569 2261 Natura]
579 2219 765 2261 Qualem,o
778 2224 912 2260 natura,
967 2218 1058 2260 fleat,
1073 2222 1112 2251 111
1137 2219 1193 2250 hic
1222 2219 1340 2251 volunt
1366 2218 1595 2260 interpretes,
1611 2219 1673 2251 ted

203 2274 353 2310 patrem,
383 2280 486 2311 quam
507 2271 575 2302 mei
601 2276 784 2312 amantem,
810 2280 911 2313 qnam
968 2270 1084 2309 talem,
1109 2269 1143 2301 in
1158 2279 1225 2311 qua
1242 2278 1336 2311 rngae
1362 2269 1605 2310 nolimu-llus
1620 2273 1674 2300 to-

203 2319 285 2351 mihi
302 2320 450 2352 vicissim
466 2322 611 2362 cultum,
626 2327 662 2354 et
677 2325 823 2354 amatum
838 2322 846 2353 ἰ

246 2373 289 2402 39
312 2371 401 2402 Hinc
424 2381 472 2404 me
487 2373 597 2411 foma
610 2373 708 2414 rapit,
730 2371 816 2413 rapit
838 2373 910 2404 inde

201 2421 353 2453 modestia
375 2431 515 2463 praewx,
546 2424 592 2454 Et
611 2425 722 2464 pudor,
750 2427 782 2455 et
805 2426 909 2454 tenero

198 2471 340 2512 probitas
353 2473 505 2504 maturior
515 2474 596 2515 ατο]
620 2474 792 2506 Martialis
803 2474 908 2506 Glau-

201 2522 278 2554 cia:
301 2523 312 2540 ‘
330 2522 453 2555 Castus
487 2524 650 2566 moribus,
680 2525 820 2566 integer
845 2532 904 2566 pu·

201 2571 299 2614 dore,
309 2572 419 2604 Velox
435 2573 583 2614 ingenio,
598 2575 722 2607 decore
735 2574 844 2608 felix.’

241 2625 286 2655 42
310 2622 409 2664 Coelo]
432 2623 473 2655 Id
490 2628 557 2662 est,
571 2624 679 2656 instar
693 2625 782 2657 coeli.

243 2673 285 2706 4'3
318 2674 363 2705 Et
399 2674 564 2714 castigata>
596 2676 722 2707 collecta
757 2676 907 2708 modestia

191 2723 330 2765 frontis]
354 2725 462 2756 Frons
489 2725 669 2766 castigata,
689 2726 822 2767 judicio
837 2727 906 2759 Ge-

199 2775 316 2815 vartii,
339 2785 405 2807 non
421 2775 623 2817 simpliciter
647 2776 786 2808 brevem
804 2777 906 2820 signi-

965 2328 1052 2359 mor,
1067 2319 1148 2350 nihil
1164 2319 1312 2360 denique
1325 2324 1485 2360 apparet,
1493 2318 1585 2360 quod
1601 2320 1672 2350 cul-

965 2371 1041 2412 pari
1071 2371 1190 2411 possit.
1232 2371 1290 2402 Sic
1321 2369 1426 2403 Ovid.
1443 2370 1561 2402 Amor.
1584 2379 1609 2402 1.
1637 2374 1669 2402 6.

963 2423 974 2440 ‘
993 2422 1207 2462 Castigatum
1223 2426 1345 2462 pectus
1358 2419 1381 2452 :’
1402 2421 1412 2438 ⁶
1430 2420 1540 2453 Quam
1567 2420 1671 2452 easti-

961 2478 1041 2514 gato
1057 2474 1178 2515 planus
1193 2473 1256 2504 sub
1273 2476 1418 2514 pectore
1434 2475 1556 2503 venter
1567 2471 1586 2502 !’
1621 2471 1669 2503 Et

960 2525 1003 2558 Q.
1021 2525 1151 2556 Sereno
1166 2526 1176 2542 ‘
1189 2525 1369 2565 castigatae
1384 2523 1544 2555 manninae
1561 2522 1583 2555 ε’
1603 2524 1614 2541 ·
1630 2523 1668 2556 Si

959 2574 1145 2615 castigatas
1166 2574 1314 2606 studium
1339 2577 1394 2605 est
1416 2579 1584 2615 prestare
1598 2583 1667 2606 ma·

959 2625 1082 2666 minas,
1097 2626 1150 2657 Ex
1174 2625 1302 2657 hedera
1321 2625 1421 2657 seriis
1442 2624 1560 2656 ambas
1578 2624 1667 2657 recti-

959 2677 1046 2708 mire
1063 2675 1256 2707 memento!
1303 2674 1421 2707 Verbo
1440 2675 1601 2717 castigare
1613 2683 1666 2708 re⁶

963 2726 1115 2769 spondet
1129 2725 1278 2767 κολάζειν
1292 2725 1382 2768 apud
1401 2725 1556 2759 Graecou.
