1800 3060
656 190 930 224 sruvsnuu
964 191 1060 222 uis.
1084 191 1113 222 ι.
1143 182 1183 221 5.
1558 184 1643 225 1157

203 291 407 333 Vestrum
425 302 538 343 opus
558 288 857 342 aggredimur3
886 290 1031 328 vestra
1049 290 1130 336 est,
1149 299 1283 340 quam
1306 287 1496 329 carmine
1515 286 1637 328 molli

199 358 366 409 Pando,
382 357 564 398 domus:
595 368 680 396 non
696 367 892 409 unquam
913 354 1014 395 aliis
1033 354 1271 394 habitastis
1290 354 1336 394 in
1357 354 1495 395 antris
1581 352 1638 394 30

199 425 376 469 Ditius:
405 424 505 478 ipsa
522 435 676 464 manus
695 421 837 463 tenuit
850 419 1071 474 Cytherea
1090 420 1245 471 mariti,

199 492 552 545 Monstravitque
572 494 709 531 artes:
738 501 820 530 neu
839 487 940 528 vilis
956 486 1134 528 flamma
1153 487 1350 528 caminos

199 560 368 609 Ureret,
389 559 492 613 ipsa
511 557 631 599 faces
650 556 872 598 volucrum
893 554 1126 597 succendit
1151 554 1373 595 Amorum.

197 627 306 670 Non
324 626 410 668 huc
429 622 638 666 admissae
654 623 843 674 Th21sos,
865 626 940 664 aut
959 622 1134 664 undosa
1154 621 1396 676 Carystos;

198 694 362 737 Moeret
378 705 497 746 onyx
515 691 663 745 longe,
684 692 963 745 queriturque
978 690 1190 731 exclusus
1208 689 1408 743 ophites:

198 761 303 804 Sola
321 761 428 802 nitet
445 757 575 809 flavi-s
597 755 847 800 Nomadum
868 756 1020 798 decisa
1036 756 1224 797 metallis

1582 689 1639 732 35

194 889 414 920 mudum
436 898 520 930 opus.
567 887 678 919 Vestra
698 890 745 919 est
767 887 861 926 oedes,
881 895 974 926 quam
996 885 1112 917 celebro
1136 886 1252 916 teneris
1275 885 1423 917 versibus.
1472 885 1637 925 Nunquam

195 930 360 970 miamin
379 932 551 972 opulentius
569 930 603 961 in
616 930 689 962 aliis
702 929 852 962 camnis.
896 928 970 969 Ipsa
987 928 1141 969 Cytherea
1162 929 1255 960 dun't
1279 938 1402 959 inanum
1420 927 1559 967 conjugia
1577 929 1637 967 sui,

195 972 338 1014 lunaque
361 973 525 1014 instruxit,
545 976 576 1005 et
600 982 638 1004 ne
662 973 735 1004 cilis
756 972 844 1012 ignis
864 971 1038 1002 incenderet
1054 970 1214 1009 fornaces,
1237 971 1305 1012 ipsa
1320 971 1523 1012 inflammavit
1537 972 1638 1002 toedas

193 1015 304 1047 aluum
321 1016 518 1057 Cupidinum.
563 1016 636 1047 Non
656 1015 707 1047 hic
730 1023 884 1047 mannam
902 1013 1009 1051 Thasi,
1030 1016 1085 1045 aut
1109 1023 1231 1054 aquom
1258 1014 1387 1054 Carysti
1407 1017 1532 1054 recepta
1550 1017 1634 1046 unt.

199 1058 293 1100 Oxy:
306 1059 435 1091 nultum
447 1061 540 1098 dolet,
557 1059 686 1099 Ophites
707 1061 825 1094 nim-et,
847 1057 927 1098 quod
946 1055 1139 1095 rejiciantur.
1182 1056 1274 1088 Solus
1290 1056 1495 1097 Porphyrites
1516 1057 1638 1088 excisus

794 1151 1030 1164 eemomoe

195 1215 377 1247 habueram
400 1224 513 1246 vocem
531 1214 667 1246 Crescit:
691 1213 817 1254 gratias
839 1221 902 1252 ago
917 1212 1053 1252 optimae
1070 1212 1226 1248 Venetae,
1250 1221 1323 1252 φιτ».
1341 1210 1430 1242 hunc
1445 1210 1526 1242 mihi
1541 1219 1635 1242 scru-

196 1258 311 1299 pulum
323 1258 462 1297 exemit,
483 1256 749 1298 suppeditando:
772 1265 902 1296 quarum
924 1265 1005 1294 vaga
1022 1254 1150 1286 molibus
1162 1255 1245 1285 unda
1259 1254 1371 1285 Cessit.
1416 1253 1517 1285 Unda
1532 1260 1636 1302 antea

194 1309 280 1342 πει
302 1309 390 1332 nunc
411 1300 516 1332 cessit
538 1299 691 1337 molibus,
714 1298 747 1329 in
772 1298 925 1347 ordinem
950 1303 985 1328 et
1009 1297 1145 1346 modum
1175 1296 1336 1328 redacta:
1359 1295 1637 1335 elegantissime!

192 1342 401 1375 Maru—34
424 1342 562 1374 Car-istos
584 1341 685 1374 Aldd.
708 1341 817 1372 Coun.
834 1340 965 1380 Grypb.
982 1339 1088 1371 Basil.
1102 1339 1245 1371 Gevart.
1263 1339 1383 1370 Barth.
1399 1338 1552 1370 Gronov.
1568 1341 1633 1370 ὅτε.

192 1386 339 1416 mutavit
352 1385 536 1424 Morellus3
559 1385 683 1417 Graece
704 1384 791 1415 enim
815 1383 978 1414 scribitur
1001 1380 1172 1422 Κάρυστος.
1215 1381 1303 1413 Vide
1330 1381 1480 1422 Hesych.
1515 1381 1634 1422 steph.

193 1427 236 1459 B.
249 1432 286 1458 et
300 1427 412 1460 strab.
428 1428 487 1459 lib.
504 1430 628 1459 x.—-36
651 1427 718 1458 Pro
744 1427 920 1458 Nomadum
942 1426 1066 1456 venet.
1083 1427 1112 1456 1.
1127 1424 1232 1456 habet
1245 1425 1390 1463 nonusis,
1407 1424 1498 1465 quod
1515 1424 1632 1456 Mark-

192 1469 312 1502 landus
336 1470 541 1512 opinabatur
556 1470 658 1502 scribi
674 1479 735 1511 pro
750 1468 925 1505 Nouaesium·
948 1472 984 1499 et
1006 1467 1071 1499 hoc
1093 1466 1198 1506 forte,
1225 1467 1349 1509 iuquit,
1372 1467 1541 1499 nonnullis
1566 1476 1634 1499 non

822 1558 961 1592 NOTAE

193 1631 246 1660 tm·
255 1627 343 1668 ertu]
354 1628 441 1660 Nam
452 1626 598 1659 fornices
612 1626 829 1658 struebantur
838 1624 880 1656 ad

192 1677 407 1709 sustinendas
452 1678 574 1710 formas
610 1677 881 1719 aquaeductuum.

192 1725 284 1771 Vide
298 1727 445 1758 Plinium
460 1727 520 1760 lib.
534 1736 571 1759 x.
587 1727 654 1768 Ep.
667 1729 723 1758 46.
765 1726 880 1759 AEdifi-

190 1775 254 1808 ciis
274 1777 414 1808 enimin
429 1777 533 1808 altum
555 1777 759 1808 substructis
781 1786 879 1818 aquae

189 1825 456 1858 deducebantur.
499 1827 665 1859 Rutilius:
687 1827 802 1860 ‘Quid
832 1827 879 1858 lo-

191 1885 276 1918 quar
289 1876 381 1908 aiii-io
396 1876 583 1917 pendentes
599 1876 728 1908 fornice
743 1876 859 1908 rivos.’

230 1928 271 1957 81
295 1926 463 1968 cytherea]
485 1927 612 1966 Venus,
629 1936 649 1958 a
665 1927 813 1968 Cythera
829 1928 878 1958 in-

188 1976 265 2012 uia
276 1975 342 2017 ipsi
356 1985 461 2009 sacra.
505 1977 639 2018 Mariti]
661 1978 814 2009 Vulcani.

229 2027 273 2058 88
300 2027 473 2068 Volucrum]
501 2027 674 2068 Amorum,
698 2037 757 2059 seu
775 2028 878 2069 Cupi-

190 2074 318 2116 dinum,
330 2078 387 2118 qui
402 2078 471 2109 alas
486 2077 669 2110 habebant.

229 2129 272 2159 34
296 2127 424 2168 nasos]
457 2127 626 2169 Intelligit
639 2130 879 2160 marmor'l'ha-

188 2175 299 2216 sium3
334 2186 412 2208 nam
439 2178 570 2209 Thasns
598 2178 708 2210 insula
729 2179 879 2211 Thraciae

188 2226 362 2267 adjacens,
390 2227 512 2267 insigni
548 2237 673 2268 genere
706 2230 881 2260 marmoris

189 2275 311 2308 nobilis
326 2282 410 2309 erat.
433 2277 597 2318 Carystos]
611 2278 783 2319 Desiguat
795 2289 880 2311 mar·

186 2333 260 2356 mor
272 2325 475 2367 Carystium.
499 2327 660 2368 Carystos
672 2333 783 2359 autem
799 2330 879 2361 urbs

189 2374 327 2407 Euboeae
338 2376 380 2408 ad
397 2377 505 2418 ripam
519 2378 598 2418 sita,
612 2378 690 2409 hinc
704 2380 820 2411 undosa
831 2380 879 2412 di·

173 2424 289 2465 -eimr,
304 2425 366 2457 suh
387 2432 514 2468 monte,
537 2427 594 2459 ubi
617 2434 692 2461 erat
711 2429 878 2471 Apollinis

184 2473 359 2507 Marmarii
381 2477 555 2518 templum.
598 2480 698 2522 Lapis
712 2481 782 2512 illic
797 2490 871 2511 nas-

183 2524 338 2565 cebatur,
351 2527 408 2568 qui
425 2529 640 2570 pectebatur,
667 2541 707 2563 ac
729 2531 869 2563 texeba-

184 2579 252 2614 tur,
275 2580 312 2607 et
333 2578 486 2610 mantilia
507 2579 586 2612 iude
609 2581 877 2613 conficiebantur

187 2626 323 2666 egregie
349 2632 505 2661 contexa.
550 2630 639 2662 Vide
664 2631 876 2663 Strabonem.

186 2671 390 2708 Plutarchus
412 2683 538 2718 autem,
560 2679 620 2712 lib.
643 2679 687 2711 de
714 2680 876 2712 Orat-ulo-

185 2733 258 2756 rum
282 2726 444 2770 Defectu,
465 2730 582 2762 scribit
608 2730 698 2762 hunc
727 2730 878 2772 lapidem

935 1634 996 1656 sno
1012 1628 1166 1664 tempore
1181 1621 1360 1654 defecisse.
1404 1623 1490 1655 Erat
1511 1629 1547 1655 et
1570 1624 1633 1656 Ca-

934 1679 1046 1715 rystos
1070 1674 1151 1704 varii
1177 1672 1353 1704 marmoris
1377 1671 1487 1705 ferax.
1531 1674 1633 1706 Exci·

934 1724 1107 1756 debantur
1133 1725 1221 1755 enim
1246 1723 1294 1755 ibi
1320 1724 1486 1755 columnae
1511 1734 1588 1766 quae
1613 1735 1634 1756 a

933 1775 1010 1806 loco
1033 1775 1043 1792 ‘
1056 1774 1244 1815 Carystiae'
1265 1774 1485 1806 vocabantur.
1526 1775 1633 1806 Sene-

933 1835 998 1857 ca:
1021 1826 1031 1844 ⁴
1048 1825 1158 1857 Ferax
1189 1825 1272 1856 varii
1299 1825 1420 1865 lapidis
1448 1825 1635 1865 Carystos:

933 1877 1082 1917 Carystii
1094 1876 1271 1907 marmoris
1286 1875 1440 1908 meminit
1450 1876 1552 1908 etiam
1564 1876 1634 1908 Pli-

931 1927 1006 1958 nius
1029 1927 1090 1959 lib.
1105 1936 1157 1958 xv.
1181 1936 1259 1967 cap.
1286 1928 1339 1958 12.
1360 1929 1398 1958 et
1420 1925 1482 1958 lib.
1501 1935 1632 1958 xxxvi.

933 1986 1011 2017 cap.
1026 1979 1060 2008 6.

972 2031 1014 2060 35
1040 2027 1152 2069 Onyoe]
1175 2026 1266 2058 Vide
1290 2026 1408 2067 Epith.
1434 2027 1553 2059 Stellae
1581 2037 1633 2061 vs.

933 2083 1007 2112 149.
1056 2079 1203 2121 Ophites]
1228 2078 1376 2120 Ophites
1390 2080 1562 2111 marmoris
1575 2090 1632 2120 ge·

933 2139 1011 2169 nus,
1027 2130 1233 2170 serpentium
1249 2129 1390 2160 maculis
1405 2129 1527 2168 simile,
1543 2130 1634 2162 unde

933 2184 970 2210 et
986 2189 1107 2210 nomen
1124 2178 1280 2219 accepit3
1302 2187 1414 2218 neque
1437 2188 1480 2209 ex
1503 2179 1634 2219 Ophite

936 2230 1116 2266 columnae,
1132 2229 1194 2259 nisi
1210 2237 1323 2268 parvae
1342 2227 1524 2260 admodum
1539 2230 1634 2261 inve-

935 2280 1097 2311 niuntur:
1121 2279 1189 2310 dno
1200 2279 1275 2319 ejus
1291 2287 1429 2318 genera,
1440 2279 1543 2312 molle
1554 2289 1634 2312 can-

934 2329 1064 2369 didum,
1081 2329 1251 2369 nigricans
1267 2329 1400 2360 durum.
1423 2329 1557 2362 Plinius
1574 2331 1633 2362 lib.

934 2389 1066 2412 xxxvr.
1082 2389 1158 2419 cap.
1172 2382 1205 2411 7.

976 2433 1018 2462 36
1044 2430 1152 2461 Placis
1177 2430 1353 2461 Nomadum
1376 2431 1478 2463 decisa
1499 2434 1635 2465 metallis

926 2479 1094 2520 Purpura]
1117 2479 1289 2520 Intelligit
1301 2480 1545 2522 Porphyritem
1558 2484 1633 2517 Nu-

926 2530 1101 2568 midicum,
1122 2529 1165 2560 de
1184 2539 1251 2571 quo
1267 2529 1345 2561 vide
1369 2531 1487 2572 Epitb.
1509 2533 1627 2566 Stellae

930 2590 1034 2621 supra
1048 2589 1099 2612 vs.
1116 2582 1190 2612 148.
1235 2580 1422 2620 Nomades,
1448 2592 1542 2622 vero,
1567 2594 1628 2616 seu

932 2629 1093 2662 Numidae
1106 2629 1155 2661 sic
1167 2629 1252 2661 dicti
1268 2635 1347 2662 sunt
1358 2640 1379 2661 a
1394 2634 1627 2671 permutandis

932 2680 1081 2721 pabulis,
1096 2679 1249 2721 Mapalia
1260 2689 1334 2719 sna,
1347 2679 1410 2712 hoc
1423 2681 1628 2724 est,domus,

933 2731 1092 2772 plaustris
1128 2729 1421 2763 circumferentes.
1478 2731 1627 2766 Consule
