1800 3060
175 171 260 214 586
676 181 718 211 1‘.
751 179 942 211 ΡΑΡιΝιι
974 179 1140 211 srA'ru

177 277 406 331 Coujugis,
426 277 598 318 invenit
617 282 791 318 caneret
812 277 931 332 quod
948 276 1168 319 Thracius
1189 277 1391 334 Orpheus

177 345 324 387 Dulce
345 345 457 387 sibi:
488 346 554 387 sic
572 345 706 387 busta
721 345 823 387 Lini
844 345 1112 400 complexus
1132 345 1300 401 Apollo

178 413 284 455 Non
304 414 459 455 tacuit.
522 412 702 455 Nimius
720 414 924 464 fortasse,
945 414 1192 469 avidusque
1211 415 1378 458 doloris

179 482 334 531 Dicar,
356 482 459 523 etin
478 482 685 536 lacrymis
698 482 871 537 justum
889 483 1142 524 excessisse
1160 483 1388 538 pudorem.

179 549 404 600 Quisnam
422 553 568 591 autem
584 550 789 604 gemitus,
811 551 1093 605 lamentaque
1112 554 1261 594 nostra
1279 553 1533 607 reprendit?

180 617 220 658 Ο
242 618 426 659 nimium
445 618 571 668 felix,
589 619 774 660 nimium
795 619 1004 669 crudelis,
1024 623 1067 661 et
1088 632 1252 675 expers

179 685 381 739 Imperii,
402 685 615 738 Fortuna,
635 686 716 737 tui,
738 686 817 741 qui
837 686 986 728 dicere
1000 687 1144 741 legem

181 752 396 805 Fletibus,
419 758 494 796 aut
514 754 623 796 fines
644 754 782 797 audet
801 768 983 797 censere
1005 755 1209 798 dolendi!

179 821 349 865 Incitat
366 821 498 878 (heu)
516 824 746 878 planctus:
775 824 927 878 potius
941 823 1157 878 fugientia
1174 826 1296 880 ripas

182 889 388 934 Flumina
407 892 638 942 devincas,
658 891 828 946 rapidis
850 896 931 934 aut
949 892 1129 945 ignibus
1145 894 1314 947 obstes,

182 961 335 1013 Quam
355 961 543 1003 miseros
561 961 710 1015 lugere
730 965 884 1003 vetes:
914 965 1061 1002 tamen
1080 960 1155 1003 ille
1176 975 1354 1005 severus

179 1028 425 1085 (Quisquis
445 1030 485 1070 is
504 1027 595 1085 est)
614 1033 778 1072 nostrae
799 1033 1043 1083 cognoscat
1057 1029 1238 1073 vulnera
1257 1044 1420 1076 causae.

183 1097 291 1140 Non
310 1111 393 1152 ego
413 1103 636 1140 mercatus
656 1097 824 1140 Pharia
843 1096 896 1139 de
916 1097 1035 1152 pube
1054 1097 1269 1152 loquaces

1576 349 1635 391 55

1577 689 1634 732 60

1581 1033 1639 1076 65

182 1214 237 1246 Sic
263 1214 418 1256 Orpheus,
429 1218 467 1246 ut
480 1214 603 1256 aspexit
616 1224 730 1247 soevam
743 1215 873 1256 plagam
886 1215 1011 1247 dilectoe
1023 1215 1145 1255 uxoris,
1163 1225 1224 1247 non
1232 1216 1361 1258 reperit,
1373 1227 1431 1258 qao
1444 1226 1477 1248 se
1491 1218 1641 1249 cantando

181 1258 353 1289 aolaretur:
374 1258 420 1289 sic
431 1258 542 1299 Apollo
556 1261 665 1290 tenens
686 1259 838 1290 tumulum
853 1258 930 1290 Lini
943 1259 1042 1290 siluit.
1084 1257 1249 1290 Immodici
1257 1259 1398 1298 fortasse
1417 1260 1643 1301 pertinaciaque

181 1301 283 1333 hactum
306 1311 444 1340 censeor,
465 1305 498 1334 et
511 1311 670 1343 superasse
689 1311 810 1343 oequum
833 1303 955 1333 modum
978 1302 1195 1343 lacrymarum.
1242 1302 1394 1339 Quisnam
1414 1306 1518 1335 autem
1537 1304 1645 1345 culpat

179 1345 320 1383 geminas
333 1347 364 1376 et
378 1344 510 1384 ejulatus
523 1343 670 1378 nostros?
717 1345 748 1376 0
767 1345 899 1376 nimium
921 1344 1039 1384 beatus,
1063 1345 1194 1377 nimium
1207 1355 1322 1386 eoevus,
1347 1349 1378 1378 et
1402 1346 1549 1379 irnmunie
1563 1349 1611 1378 est
1623 1356 1644 1378 a

181 1390 239 1418 tua
252 1388 474 1428 dominatione,
495 1398 512 1419 o
526 1387 675 1428 fortuna,
698 1387 752 1430 qui
765 1389 859 1420 audet
877 1387 1078 1429 praescribere
1098 1389 1180 1428 leges
1193 1389 1352 1430 lacrymis,
1366 1392 1397 1421 ct
1409 1399 1520 1430 ponere
1541 1390 1646 1421 modos

182 1431 292 1462 dolor-i.
335 1430 455 1472 Auget,
476 1430 545 1468 heu,
559 1432 708 1471 gemitus.
754 1431 866 1463 Potius
885 1430 979 1463 sistes
994 1431 1113 1473 fluvios
1127 1433 1319 1464 exundantes
1337 1432 1430 1474 ripie,
1448 1437 1505 1464 aut
1518 1433 1646 1465 resistes

183 1474 304 1514 rapidis
308 1473 462 1516 flammis,
477 1484 568 1515 quam
577 1474 740 1516 prohibeas
753 1473 895 1513 infelices
899 1474 995 1516 flere.
1018 1475 1078 1506 Ille
1092 1478 1196 1506 tamen
1210 1475 1334 1515 rigidus
1347 1474 1503 1518 (quisquis
1515 1476 1569 1508 ille
1582 1475 1647 1517 eut)

183 1517 286 1549 discat
308 1527 430 1550 caueam
450 1521 568 1550 nostroe
591 1519 707 1560 plagae.
753 1517 829 1550 Νοπ
843 1527 901 1558 ego
915 1516 976 1549 emi
997 1519 1145 1558 garrulas
1159 1518 1288 1551 delicia-5
1299 1520 1339 1551 de
1351 1528 1428 1551 nave
1444 1519 1576 1560 Pharia,
1590 1528 1646 1551 nec

185 1678 214 1710 si
226 1680 370 1718 vulnere;
393 1684 430 1712 et
443 1689 524 1712 mox
540 1689 697 1722 quoque:
719 1679 750 1711 ci
764 1678 854 1711 busta
866 1679 954 1711 Lini.
1000 1678 1195 1712 Gronovius
1212 1679 1246 1711 in
1262 1679 1376 1711 Diatr.
1399 1689 1475 1722 cap.
1488 1682 1542 1712 61.
1565 1680 1648 1711 hunul

183 1722 254 1754 diro
267 1723 333 1754 viso
347 1724 393 1755 sic
405 1724 541 1755 vulnere.
586 1724 639 1755 Ex
655 1723 706 1754 his
720 1723 876 1754 omuibus
892 1722 1100 1763 conjecturis
1115 1723 1299 1755 lectionem
1316 1727 1463 1755 nostram
1479 1725 1648 1755 consarci-

184 1767 282 1798 navit
297 1767 622 1799 Marklandus.-56
647 1766 808 1798 Conticuit
823 1766 1030 1806 Parmensis,
1054 1766 1277 1807 probantibus
1291 1766 1434 1798 Heinsio
1448 1770 1486 1798 et
1497 1766 1648 1798 Gronov.

184 1812 270 1841 —67
294 1810 396 1842 Dicor
421 1810 502 1842 edd.
528 1815 613 1842 vett.
643 1810 791 1841 mutavit
817 1809 1146 1841 Marklandus.—58
1168 1809 1330 1841 Bai-thius
1361 1809 1452 1851 conj.
1485 1809 1648 1851 Quapiam

187 1856 302 1885 autem.
333 1853 460 1885 Vener.
478 1856 508 1884 1.
523 1854 714 1893 lamentaque
729 1855 836 1884 nostra
849 1852 1108 1893 reprendis—63
1125 1852 1273 1884 Rumina
1283 1852 1425 1884 devinces
1435 1852 1650 1891 Parmensis;

185 1894 281 1927 caius
291 1896 458 1936 fugientia
471 1897 559 1937 ripas
572 1896 718 1928 Flumina
732 1895 871 1927 detineas
885 1895 1049 1927 Heinsius
1071 1895 1105 1926 in
1122 1895 1268 1927 Advers.
1292 1896 1352 1927 lib.
1376 1905 1428 1928 ιν.
1450 1906 1528 1937 cap.
1554 1898 1588 1928 4.
1613 1905 1648 1937 p.

186 1941 352 1972 595.-66
374 1939 497 1972 Plum'a
511 1941 549 1971 de
560 1948 663 1981 puppe
678 1938 758 1971 edd.
772 1941 857 1970 vett.
901 1938 1066 1970 Heinsius
1094 1938 1245 1970 correxit
1266 1938 1311 1970 ad
1336 1938 1440 1972 Ovid.
1462 1939 1552 1972 Met.
1577 1946 1647 1971 vu.

852 2031 885 2064 N
889 2030 994 2064 01·AE

186 2097 315 2132 Similis
338 2098 432 2130 locus
459 2097 493 2129 in
509 2097 650 2130 Pietate
665 2096 892 2130 Abascantii:
946 2100 1129 2129 canentem
1143 2095 1318 2128 irrideret.

187 2151 198 2169 ‘
217 2149 338 2183 Qualis
370 2152 559 2190 conspecta
595 2148 743 2190 conjuge
781 2147 894 2189 segnis

192 2199 363 2241 Odrysius
379 2204 476 2232 vates
499 2199 620 2241 positis
645 2199 689 2231 ad
713 2199 896 2240 Strymona

190 2250 335 2293 plectris
369 2249 575 2292 Obstupuit,
605 2250 810 2293 tristemque
840 2258 894 2281 ro-

193 2311 272 2343 gum
287 2300 360 2333 sine
375 2301 528 2334 carmine
541 2300 660 2334 flevit.'

235 2356 277 2384 55
300 2351 391 2393 Lini]
414 2353 496 2384 Duo
516 2351 658 2385 fuerunt
673 2353 750 2385 Lini
763 2353 897 2395 Apolli-

194 2401 248 2434 nis
264 2401 436 2442 filii,alter
451 2402 542 2435 illius
554 2407 591 2435 et
602 2404 785 2437 Psamates
795 2403 897 2445 filius,

194 2461 296 2495 quem
311 2451 514 2485 infantulum
536 2464 639 2487 canes
654 2454 900 2495 dilaceratum,

195 2504 240 2536 de
268 2512 338 2546 quo
375 2504 533 2545 pluribus
561 2505 676 2546 agitur
706 2506 769 2538 sub
796 2505 900 2538 finem

193 2553 300 2587 Theb.
315 2562 341 2585 1.
377 2553 478 2586 Alter
492 2560 529 2586 et
540 2556 782 2596 Terpsichores
797 2556 899 2596 filius,

195 2605 255 2647 qui
269 2604 416 2637 Musicae
431 2605 658 2646 peritissimus
679 2606 758 2647 fuit,
773 2616 812 2639 ac
828 2617 901 2639 ma·

198 2657 307 2698 gister
317 2656 510 2698 Thamyrae,
522 2655 700 2698 Herculis,
710 2663 747 2690 et
755 2657 901 2699 Orphei.

199 2707 301 2738 Hunc
325 2707 368 2738 ab
398 2707 472 2748 ipso
487 2706 640 2739 Hercule
662 2708 736 2741 ictu
757 2709 899 2741 citharae

199 2759 350 2792 occisum
372 2758 502 2801 ferunt,
516 2759 608 2802 quod
635 2769 713 2793 eum
738 2759 898 2793 rusticius

991 2151 1034 2180 56
1059 2149 1185 2181 Nimius
1204 2148 1335 2190 doloris]
1358 2148 1400 2181 Id
1427 2153 1491 2188 est,
1515 2150 1574 2193 qui
1599 2149 1651 2182 ni-

948 2198 1052 2231 mium
1067 2199 1226 2241 indulget
1248 2200 1367 2233 dolori.
1410 2199 1467 2233 Sic
1484 2199 1574 2242 apud
1593 2199 1651 2233 Li-

951 2250 1067 2282 vium:
1091 2250 1102 2268 ‘
1125 2251 1175 2283 M.
1205 2251 1354 2282 Manlius
1382 2251 1504 2284 nimius
1533 2251 1652 2292 animi,

952 2311 1029 2333 cum
1046 2301 1130 2333 alios
1153 2301 1326 2343 principes
1341 2302 1547 2343 sperneret-³
1582 2303 1651 2336 Ta-

951 2352 1044 2384 cito:
1070 2353 1080 2370 ‘
1099 2352 1234 2384 Nimius
1249 2352 1414 2384 sermonis
1429 2352 1530 2386 emt?

993 2406 1036 2435 62
1058 2403 1178 2435 Incitat
1205 2402 1296 2446 (heu)
1331 2403 1490 2445 planctu]
1513 2403 1557 2436 Id
1582 2408 1649 2445 est,

950 2454 1120 2497 injustitia
1142 2455 1240 2486 istius
1264 2454 1519 2496 reprehensoris
1542 2454 1651 2496 magis

951 2505 1075 2537 incitat
1098 2505 1266 2546 planctus,
1282 2514 1384 2546 quam
1410 2504 1512 2537 sistit.
1548 2504 1651 2544 Fugi-

953 2555 1039 2588 entia
1061 2554 1163 2597 ripas]
1186 2555 1228 2588 Id
1244 2561 1310 2593 est,
1326 2565 1346 2588 e
1362 2554 1446 2597 ripis
1469 2563 1651 2596 erumpen-

954 2606 1016 2639 tia.

995 2661 1036 2690 65
1060 2658 1190 2690 Nostm
1208 2659 1371 2698 cognoscat
1384 2656 1512 2688 vulnera
1536 2656 1654 2698 caune]

953 2708 1170 2751 Hypallage:
1195 2708 1337 2740 cansam
1351 2706 1457 2739 nostri
1472 2707 1632 2740 vulneris.

994 2763 1037 2792 66
1061 2760 1134 2792 Non
1143 2769 1201 2800 ego
1219 2761 1372 2791 mercatus
1389 2758 1510 2791 Pharia
1524 2759 1562 2792 de
1573 2758 1652 2801 pube
