<?xml version="1.0" encoding="UTF-8"?>
<!DOCTYPE html PUBLIC "-//W3C//DTD XHTML 1.0 Transitional//EN"
    "http://www.w3.org/TR/xhtml1/DTD/xhtml1-transitional.dtd">
<html xmlns="http://www.w3.org/1999/xhtml" xml:lang="en" lang="en">
 <head>
  <title>
</title>
<meta http-equiv="Content-Type" content="text/html;charset=utf-8" />
  <meta name='ocr-system' content='tesseract 3.04.00' />
  <meta name='ocr-capabilities' content='ocr_page ocr_carea ocr_par ocr_line ocrx_word'/>
</head>
<body>
  <div class='ocr_page' id='page_1' title='image "./operaomniaexedit01statuoft_0011.png"; bbox 0 0 1780 3034; ppageno 0'>
   <div class='ocr_carea' id='block_1_1' title="bbox 565 497 1226 592">
    <p class='ocr_par' dir='ltr' id='par_1_1' title="bbox 565 497 1226 592">
     <span class='ocr_line' id='line_1_1' title="bbox 565 497 1226 592; baseline 0.006 -46"><span class='ocrx_word' id='word_1_1' title='bbox 565 497 1226 592; x_wconf 36' lang='lat' dir='ltr'><strong>SEREDNISSIMO</strong></span> 
     </span>
    </p>
   </div>
   <div class='ocr_carea' id='block_1_2' title="bbox 359 659 1458 752">
    <p class='ocr_par' dir='ltr' id='par_1_2' title="bbox 359 659 1458 752">
     <span class='ocr_line' id='line_1_2' title="bbox 359 659 1458 752; baseline 0.005 -17"><span class='ocrx_word' id='word_1_2' title='bbox 359 659 1458 752; x_wconf 90' lang='lat' dir='ltr'>DELPHINO‚</span> 
     </span>
    </p>
   </div>
   <div class='ocr_carea' id='block_1_3' title="bbox 788 851 1008 896">
    <p class='ocr_par' dir='ltr' id='par_1_3' title="bbox 788 851 1008 896">
     <span class='ocr_line' id='line_1_3' title="bbox 788 851 1008 896; baseline 0.009 -2"><span class='ocrx_word' id='word_1_3' title='bbox 788 851 837 894; x_wconf 90' lang='lat' dir='ltr'><strong>S.</strong></span> <span class='ocrx_word' id='word_1_4' title='bbox 864 852 919 894; x_wconf 86' lang='lat' dir='ltr'><strong>P.</strong></span> <span class='ocrx_word' id='word_1_5' title='bbox 949 853 1008 896; x_wconf 90' lang='lat' dir='ltr'><strong>D.</strong></span> 
     </span>
    </p>
   </div>
   <div class='ocr_carea' id='block_1_4' title="bbox 541 1020 1254 1066">
    <p class='ocr_par' dir='ltr' id='par_1_4' title="bbox 541 1020 1254 1066">
     <span class='ocr_line' id='line_1_4' title="bbox 541 1020 1254 1066; baseline 0.004 -3"><span class='ocrx_word' id='word_1_6' title='bbox 541 1020 865 1064; x_wconf 87' lang='lat' dir='ltr'><strong>CLAUDIUS</strong></span> <span class='ocrx_word' id='word_1_7' title='bbox 898 1021 1157 1066; x_wconf 85' lang='lat' dir='ltr'><strong>BERALD</strong></span> <span class='ocrx_word' id='word_1_8' title='bbox 1165 1024 1254 1066; x_wconf 88' lang='lat' dir='ltr'><strong>US.</strong></span> 
     </span>
    </p>
   </div>
   <div class='ocr_carea' id='block_1_5' title="bbox 170 1334 1630 2408">
    <p class='ocr_par' dir='ltr' id='par_1_5' title="bbox 170 1334 1630 2408">
     <span class='ocr_line' id='line_1_5' title="bbox 174 1334 1628 1404; baseline -0.002 -12"><span class='ocrx_word' id='word_1_9' title='bbox 174 1334 308 1392; x_wconf 68' lang='lat' dir='ltr'><strong>Nou</strong></span> <span class='ocrx_word' id='word_1_10' title='bbox 345 1350 479 1392; x_wconf 88' lang='lat' dir='ltr'><strong>hodie</strong></span> <span class='ocrx_word' id='word_1_11' title='bbox 509 1351 715 1404; x_wconf 87' lang='lat' dir='ltr'><strong>primum,</strong></span> <span class='ocrx_word' id='word_1_12' title='bbox 749 1350 1095 1392; x_wconf 76' lang='lat' dir='ltr'><strong>Sssnssmssmss</strong></span> <span class='ocrx_word' id='word_1_13' title='bbox 1125 1348 1415 1399; x_wconf 67' lang='lat' dir='ltr'><strong>Damnum,</strong></span> <span class='ocrx_word' id='word_1_14' title='bbox 1438 1349 1628 1390; x_wconf 89' lang='lat' dir='ltr'>Publius</span> 
     </span>
     <span class='ocr_line' id='line_1_6' title="bbox 174 1415 1628 1472; baseline -0.003 -12"><span class='ocrx_word' id='word_1_15' title='bbox 174 1418 391 1472; x_wconf 84' lang='lat' dir='ltr'><strong>Papinius</strong></span> <span class='ocrx_word' id='word_1_16' title='bbox 411 1419 580 1460; x_wconf 77' lang='lat' dir='ltr'><strong>Statius</strong></span> <span class='ocrx_word' id='word_1_17' title='bbox 598 1419 895 1472; x_wconf 88' lang='lat' dir='ltr'><strong>potentiorum</strong></span> <span class='ocrx_word' id='word_1_18' title='bbox 913 1418 1046 1459; x_wconf 86' lang='lat' dir='ltr'><strong>intrat</strong></span> <span class='ocrx_word' id='word_1_19' title='bbox 1059 1416 1224 1458; x_wconf 87' lang='lat' dir='ltr'><strong>limina.</strong></span> <span class='ocrx_word' id='word_1_20' title='bbox 1286 1416 1391 1457; x_wconf 90' lang='lat' dir='ltr'><strong>Fuit</strong></span> <span class='ocrx_word' id='word_1_21' title='bbox 1406 1416 1511 1457; x_wconf 88' lang='lat' dir='ltr'><strong>olim</strong></span> <span class='ocrx_word' id='word_1_22' title='bbox 1534 1415 1628 1457; x_wconf 91' lang='lat' dir='ltr'><strong>Do·</strong></span> 
     </span>
     <span class='ocr_line' id='line_1_7' title="bbox 173 1482 1629 1539; baseline -0.001 -13"><span class='ocrx_word' id='word_1_23' title='bbox 173 1485 363 1527; x_wconf 90' lang='lat' dir='ltr'><strong>mitiano</strong></span> <span class='ocrx_word' id='word_1_24' title='bbox 382 1484 642 1539; x_wconf 87' lang='lat' dir='ltr'><strong>Imperatori</strong></span> <span class='ocrx_word' id='word_1_25' title='bbox 662 1485 721 1526; x_wconf 90' lang='lat' dir='ltr'><strong>ob</strong></span> <span class='ocrx_word' id='word_1_26' title='bbox 746 1483 969 1537; x_wconf 86' lang='lat' dir='ltr'><strong>ingenium</strong></span> <span class='ocrx_word' id='word_1_27' title='bbox 1004 1484 1360 1537; x_wconf 85' lang='lat' dir='ltr'><strong>acceptissimus,</strong></span> <span class='ocrx_word' id='word_1_28' title='bbox 1379 1488 1426 1524; x_wconf 90' lang='lat' dir='ltr'><strong>et</strong></span> <span class='ocrx_word' id='word_1_29' title='bbox 1445 1489 1509 1524; x_wconf 91' lang='lat' dir='ltr'><strong>ter</strong></span> <span class='ocrx_word' id='word_1_30' title='bbox 1526 1482 1629 1524; x_wconf 85' lang='lat' dir='ltr'><strong>Cae-</strong></span> 
     </span>
     <span class='ocr_line' id='line_1_8' title="bbox 174 1550 1630 1605; baseline -0.001 -12"><span class='ocrx_word' id='word_1_31' title='bbox 174 1563 304 1594; x_wconf 78' lang='lat' dir='ltr'><strong>sarea</strong></span> <span class='ocrx_word' id='word_1_32' title='bbox 322 1565 456 1593; x_wconf 88' lang='lat' dir='ltr'><strong>manu</strong></span> <span class='ocrx_word' id='word_1_33' title='bbox 476 1558 731 1601; x_wconf 89' lang='lat' dir='ltr'><strong>coronatus,</strong></span> <span class='ocrx_word' id='word_1_34' title='bbox 761 1564 862 1605; x_wconf 83' lang='lat' dir='ltr'><strong>quae</strong></span> <span class='ocrx_word' id='word_1_35' title='bbox 892 1563 1068 1592; x_wconf 90' lang='lat' dir='ltr'><strong>summa</strong></span> <span class='ocrx_word' id='word_1_36' title='bbox 1086 1551 1188 1591; x_wconf 91' lang='lat' dir='ltr'><strong>laus</strong></span> <span class='ocrx_word' id='word_1_37' title='bbox 1219 1556 1303 1591; x_wconf 85' lang='lat' dir='ltr'><strong>est.</strong></span> <span class='ocrx_word' id='word_1_38' title='bbox 1362 1550 1630 1603; x_wconf 83' lang='lat' dir='ltr'><strong>Scriptaque</strong></span> 
     </span>
     <span class='ocr_line' id='line_1_9' title="bbox 173 1617 1630 1672; baseline -0.002 -11"><span class='ocrx_word' id='word_1_39' title='bbox 173 1619 287 1661; x_wconf 77' lang='lat' dir='ltr'><strong>tanti</strong></span> <span class='ocrx_word' id='word_1_40' title='bbox 307 1619 421 1661; x_wconf 85' lang='lat' dir='ltr'><strong>vatis</strong></span> <span class='ocrx_word' id='word_1_41' title='bbox 439 1632 493 1660; x_wconf 88' lang='lat' dir='ltr'><strong>ea</strong></span> <span class='ocrx_word' id='word_1_42' title='bbox 511 1631 684 1672; x_wconf 87' lang='lat' dir='ltr'><strong>semper</strong></span> <span class='ocrx_word' id='word_1_43' title='bbox 713 1618 834 1659; x_wconf 85' lang='lat' dir='ltr'><strong>suere</strong></span> <span class='ocrx_word' id='word_1_44' title='bbox 863 1617 1260 1665; x_wconf 87' lang='lat' dir='ltr'><strong>commendatione,</strong></span> <span class='ocrx_word' id='word_1_45' title='bbox 1289 1622 1338 1658; x_wconf 88' lang='lat' dir='ltr'><strong>ut</strong></span> <span class='ocrx_word' id='word_1_46' title='bbox 1359 1618 1504 1658; x_wconf 88' lang='lat' dir='ltr'><strong>ausim</strong></span> <span class='ocrx_word' id='word_1_47' title='bbox 1524 1630 1630 1671; x_wconf 91' lang='lat' dir='ltr'><strong>spe-</strong></span> 
     </span>
     <span class='ocr_line' id='line_1_10' title="bbox 173 1684 1629 1738; baseline -0.003 -10"><span class='ocrx_word' id='word_1_48' title='bbox 173 1699 288 1736; x_wconf 87' lang='lat' dir='ltr'><strong>rare,</strong></span> <span class='ocrx_word' id='word_1_49' title='bbox 308 1698 469 1727; x_wconf 86' lang='lat' dir='ltr'><strong>novam</strong></span> <span class='ocrx_word' id='word_1_50' title='bbox 495 1698 647 1726; x_wconf 91' lang='lat' dir='ltr'><strong>eorum</strong></span> <span class='ocrx_word' id='word_1_51' title='bbox 677 1685 931 1735; x_wconf 81' lang='lat' dir='ltr'><strong>editionem,</strong></span> <span class='ocrx_word' id='word_1_52' title='bbox 962 1697 1065 1738; x_wconf 88' lang='lat' dir='ltr'><strong>quae</strong></span> <span class='ocrx_word' id='word_1_53' title='bbox 1087 1685 1171 1726; x_wconf 90' lang='lat' dir='ltr'><strong>snb</strong></span> <span class='ocrx_word' id='word_1_54' title='bbox 1191 1689 1270 1725; x_wconf 88' lang='lat' dir='ltr'><strong>tuo</strong></span> <span class='ocrx_word' id='word_1_55' title='bbox 1291 1684 1629 1737; x_wconf 88' lang='lat' dir='ltr'><strong>Augustissimo</strong></span> 
     </span>
     <span class='ocr_line' id='line_1_11' title="bbox 173 1750 1629 1806; baseline -0.002 -11"><span class='ocrx_word' id='word_1_56' title='bbox 173 1753 351 1800; x_wconf 84' lang='lat' dir='ltr'><strong>nomine</strong></span> <span class='ocrx_word' id='word_1_57' title='bbox 380 1753 428 1793; x_wconf 90' lang='lat' dir='ltr'><strong>in</strong></span> <span class='ocrx_word' id='word_1_58' title='bbox 460 1752 607 1793; x_wconf 86' lang='lat' dir='ltr'><strong>lucem</strong></span> <span class='ocrx_word' id='word_1_59' title='bbox 637 1764 753 1794; x_wconf 90' lang='lat' dir='ltr'><strong>nunc</strong></span> <span class='ocrx_word' id='word_1_60' title='bbox 783 1752 951 1806; x_wconf 90' lang='lat' dir='ltr'><strong>prodit,</strong></span> <span class='ocrx_word' id='word_1_61' title='bbox 971 1751 1055 1792; x_wconf 86' lang='lat' dir='ltr'><strong>tibi</strong></span> <span class='ocrx_word' id='word_1_62' title='bbox 1075 1763 1233 1792; x_wconf 92' lang='lat' dir='ltr'><strong>munus</strong></span> <span class='ocrx_word' id='word_1_63' title='bbox 1265 1750 1383 1792; x_wconf 89' lang='lat' dir='ltr'><strong>haud</strong></span> <span class='ocrx_word' id='word_1_64' title='bbox 1405 1751 1629 1804; x_wconf 85' lang='lat' dir='ltr'><strong>ingratum</strong></span> 
     </span>
     <span class='ocr_line' id='line_1_12' title="bbox 170 1818 1629 1875; baseline -0.001 -15"><span class='ocrx_word' id='word_1_65' title='bbox 170 1819 374 1861; x_wconf 87' lang='lat' dir='ltr'><strong>futurum.</strong></span> <span class='ocrx_word' id='word_1_66' title='bbox 433 1819 717 1873; x_wconf 87' lang='lat' dir='ltr'><strong>Praecipuum</strong></span> <span class='ocrx_word' id='word_1_67' title='bbox 747 1819 845 1875; x_wconf 71' lang='lat' dir='ltr'><strong>ejtxs</strong></span> <span class='ocrx_word' id='word_1_68' title='bbox 877 1832 991 1874; x_wconf 86' lang='lat' dir='ltr'><strong>opus</strong></span> <span class='ocrx_word' id='word_1_69' title='bbox 1024 1818 1222 1860; x_wconf 86' lang='lat' dir='ltr'><strong>Thebais</strong></span> <span class='ocrx_word' id='word_1_70' title='bbox 1259 1818 1454 1859; x_wconf 88' lang='lat' dir='ltr'><strong>continet</strong></span> <span class='ocrx_word' id='word_1_71' title='bbox 1481 1822 1629 1860; x_wconf 87' lang='lat' dir='ltr'><strong>vetus-</strong></span> 
     </span>
     <span class='ocr_line' id='line_1_13' title="bbox 172 1884 1630 1940; baseline -0.001 -14"><span class='ocrx_word' id='word_1_72' title='bbox 172 1886 392 1927; x_wconf 86' lang='lat' dir='ltr'><strong>tissimum</strong></span> <span class='ocrx_word' id='word_1_73' title='bbox 413 1885 605 1928; x_wconf 84' lang='lat' dir='ltr'><strong>Graeciae</strong></span> <span class='ocrx_word' id='word_1_74' title='bbox 625 1885 804 1939; x_wconf 75' lang='lat' dir='ltr'><strong>bellum,</strong></span> <span class='ocrx_word' id='word_1_75' title='bbox 822 1890 987 1940; x_wconf 61' lang='lat' dir='ltr'><strong>gestum</strong></span> <span class='ocrx_word' id='word_1_76' title='bbox 1006 1885 1122 1926; x_wconf 89' lang='lat' dir='ltr'><strong>inter</strong></span> <span class='ocrx_word' id='word_1_77' title='bbox 1140 1885 1256 1926; x_wconf 84' lang='lat' dir='ltr'><strong>duos</strong></span> <span class='ocrx_word' id='word_1_78' title='bbox 1277 1884 1452 1935; x_wconf 84' lang='lat' dir='ltr'><strong>fratres,</strong></span> <span class='ocrx_word' id='word_1_79' title='bbox 1472 1885 1551 1938; x_wconf 92' lang='lat' dir='ltr'><strong>qui</strong></span> <span class='ocrx_word' id='word_1_80' title='bbox 1573 1884 1630 1926; x_wconf 88' lang='lat' dir='ltr'><strong>de</strong></span> 
     </span>
     <span class='ocr_line' id='line_1_14' title="bbox 174 1951 1630 2006; baseline -0.001 -13"><span class='ocrx_word' id='word_1_81' title='bbox 174 1952 427 1994; x_wconf 85' lang='lat' dir='ltr'><strong>Thebarum</strong></span> <span class='ocrx_word' id='word_1_82' title='bbox 448 1952 637 2006; x_wconf 87' lang='lat' dir='ltr'><strong>imperio</strong></span> <span class='ocrx_word' id='word_1_83' title='bbox 658 1953 1001 1997; x_wconf 89' lang='lat' dir='ltr'><strong>contendebant.</strong></span> <span class='ocrx_word' id='word_1_84' title='bbox 1061 1952 1161 1994; x_wconf 89' lang='lat' dir='ltr'><strong>Illic</strong></span> <span class='ocrx_word' id='word_1_85' title='bbox 1185 1951 1333 1994; x_wconf 83' lang='lat' dir='ltr'><strong>videre</strong></span> <span class='ocrx_word' id='word_1_86' title='bbox 1355 1956 1425 1993; x_wconf 91' lang='lat' dir='ltr'><strong>est</strong></span> <span class='ocrx_word' id='word_1_87' title='bbox 1444 1951 1630 1993; x_wconf 82' lang='lat' dir='ltr'><strong>validis-</strong></span> 
     </span>
     <span class='ocr_line' id='line_1_15' title="bbox 175 2018 1630 2073; baseline -0.001 -13"><span class='ocrx_word' id='word_1_88' title='bbox 175 2019 334 2060; x_wconf 88' lang='lat' dir='ltr'><strong>simam</strong></span> <span class='ocrx_word' id='word_1_89' title='bbox 352 2022 524 2073; x_wconf 84' lang='lat' dir='ltr'><strong>gentem</strong></span> <span class='ocrx_word' id='word_1_90' title='bbox 559 2024 698 2061; x_wconf 86' lang='lat' dir='ltr'><strong>totam</strong></span> <span class='ocrx_word' id='word_1_91' title='bbox 726 2019 774 2060; x_wconf 91' lang='lat' dir='ltr'><strong>in</strong></span> <span class='ocrx_word' id='word_1_92' title='bbox 804 2032 855 2066; x_wconf 84' lang='lat' dir='ltr'><strong>se</strong></span> <span class='ocrx_word' id='word_1_93' title='bbox 887 2032 1168 2060; x_wconf 86' lang='lat' dir='ltr'><strong>conversam:</strong></span> <span class='ocrx_word' id='word_1_94' title='bbox 1213 2018 1429 2059; x_wconf 79' lang='lat' dir='ltr'><strong>inauditae</strong></span> <span class='ocrx_word' id='word_1_95' title='bbox 1449 2018 1630 2059; x_wconf 82' lang='lat' dir='ltr'><strong>virtutis</strong></span> 
     </span>
     <span class='ocr_line' id='line_1_16' title="bbox 173 2085 1630 2140; baseline 0 -14"><span class='ocrx_word' id='word_1_96' title='bbox 173 2086 391 2128; x_wconf 86' lang='lat' dir='ltr'><strong>facinora:</strong></span> <span class='ocrx_word' id='word_1_97' title='bbox 420 2086 662 2140; x_wconf 88' lang='lat' dir='ltr'><strong>stupendos</strong></span> <span class='ocrx_word' id='word_1_98' title='bbox 681 2091 895 2131; x_wconf 80' lang='lat' dir='ltr'><strong>eventus:</strong></span> <span class='ocrx_word' id='word_1_99' title='bbox 927 2085 1127 2127; x_wconf 65' lang='lat' dir='ltr'><strong>Hel-oiim</strong></span> <span class='ocrx_word' id='word_1_100' title='bbox 1157 2099 1207 2127; x_wconf 91' lang='lat' dir='ltr'><strong>se</strong></span> <span class='ocrx_word' id='word_1_101' title='bbox 1226 2098 1307 2140; x_wconf 85' lang='lat' dir='ltr'><strong>pro</strong></span> <span class='ocrx_word' id='word_1_102' title='bbox 1328 2086 1473 2140; x_wconf 84' lang='lat' dir='ltr'><strong>patria</strong></span> <span class='ocrx_word' id='word_1_103' title='bbox 1493 2085 1630 2129; x_wconf 78' lang='lat' dir='ltr'><strong>devo·</strong></span> 
     </span>
     <span class='ocr_line' id='line_1_17' title="bbox 176 2152 1630 2207; baseline -0.001 -13"><span class='ocrx_word' id='word_1_104' title='bbox 176 2155 375 2194; x_wconf 81' lang='lat' dir='ltr'><strong>ventem:</strong></span> <span class='ocrx_word' id='word_1_105' title='bbox 420 2153 579 2194; x_wconf 91' lang='lat' dir='ltr'><strong>ducem</strong></span> <span class='ocrx_word' id='word_1_106' title='bbox 598 2153 786 2206; x_wconf 89' lang='lat' dir='ltr'><strong>impium</strong></span> <span class='ocrx_word' id='word_1_107' title='bbox 815 2152 998 2197; x_wconf 86' lang='lat' dir='ltr'><strong>fulmine</strong></span> <span class='ocrx_word' id='word_1_108' title='bbox 1015 2165 1304 2207; x_wconf 88' lang='lat' dir='ltr'><strong>percussum:</strong></span> <span class='ocrx_word' id='word_1_109' title='bbox 1348 2152 1508 2194; x_wconf 88' lang='lat' dir='ltr'><strong>fratres</strong></span> <span class='ocrx_word' id='word_1_110' title='bbox 1527 2165 1630 2193; x_wconf 87' lang='lat' dir='ltr'><strong>sese</strong></span> 
     </span>
     <span class='ocr_line' id='line_1_18' title="bbox 175 2219 1630 2272; baseline -0.001 -11"><span class='ocrx_word' id='word_1_111' title='bbox 175 2220 339 2262; x_wconf 86' lang='lat' dir='ltr'><strong>mutuis</strong></span> <span class='ocrx_word' id='word_1_112' title='bbox 359 2220 616 2261; x_wconf 82' lang='lat' dir='ltr'><strong>vulneribus</strong></span> <span class='ocrx_word' id='word_1_113' title='bbox 646 2220 961 2272; x_wconf 84' lang='lat' dir='ltr'><strong>conficientes;</strong></span> <span class='ocrx_word' id='word_1_114' title='bbox 1004 2233 1086 2261; x_wconf 88' lang='lat' dir='ltr'><strong>nec</strong></span> <span class='ocrx_word' id='word_1_115' title='bbox 1113 2220 1218 2262; x_wconf 89' lang='lat' dir='ltr'><strong>odia</strong></span> <span class='ocrx_word' id='word_1_116' title='bbox 1247 2224 1387 2262; x_wconf 88' lang='lat' dir='ltr'><strong>morte</strong></span> <span class='ocrx_word' id='word_1_117' title='bbox 1414 2219 1630 2268; x_wconf 82' lang='lat' dir='ltr'><strong>extincta,</strong></span> 
     </span>
     <span class='ocr_line' id='line_1_19' title="bbox 176 2285 1629 2341; baseline -0.001 -13"><span class='ocrx_word' id='word_1_118' title='bbox 176 2287 332 2329; x_wconf 86' lang='lat' dir='ltr'><strong>divisis</strong></span> <span class='ocrx_word' id='word_1_119' title='bbox 350 2290 393 2328; x_wconf 88' lang='lat' dir='ltr'><strong>et</strong></span> <span class='ocrx_word' id='word_1_120' title='bbox 410 2299 562 2328; x_wconf 89' lang='lat' dir='ltr'><strong>secum</strong></span> <span class='ocrx_word' id='word_1_121' title='bbox 576 2287 767 2329; x_wconf 85' lang='lat' dir='ltr'><strong>invicem</strong></span> <span class='ocrx_word' id='word_1_122' title='bbox 782 2287 1126 2341; x_wconf 88' lang='lat' dir='ltr'><strong>confligentibus</strong></span> <span class='ocrx_word' id='word_1_123' title='bbox 1141 2287 1237 2340; x_wconf 88' lang='lat' dir='ltr'><strong>rogi</strong></span> <span class='ocrx_word' id='word_1_124' title='bbox 1256 2285 1461 2327; x_wconf 87' lang='lat' dir='ltr'><strong>flammis.</strong></span> <span class='ocrx_word' id='word_1_125' title='bbox 1519 2285 1629 2327; x_wconf 89' lang='lat' dir='ltr'><strong>Hoc</strong></span> 
     </span>
     <span class='ocr_line' id='line_1_20' title="bbox 175 2352 1628 2408; baseline -0.002 -12"><span class='ocrx_word' id='word_1_126' title='bbox 175 2354 348 2396; x_wconf 77' lang='lat' dir='ltr'><strong>illustre</strong></span> <span class='ocrx_word' id='word_1_127' title='bbox 377 2357 674 2408; x_wconf 82' lang='lat' dir='ltr'><strong>argumentum</strong></span> <span class='ocrx_word' id='word_1_128' title='bbox 701 2354 922 2408; x_wconf 88' lang='lat' dir='ltr'><strong>Papinius</strong></span> <span class='ocrx_word' id='word_1_129' title='bbox 952 2361 1043 2396; x_wconf 90' lang='lat' dir='ltr'><strong>tam</strong></span> <span class='ocrx_word' id='word_1_130' title='bbox 1063 2354 1245 2396; x_wconf 75' lang='lat' dir='ltr'><strong>feliciter</strong></span> <span class='ocrx_word' id='word_1_131' title='bbox 1264 2353 1491 2403; x_wconf 87' lang='lat' dir='ltr'><strong>tractavit,</strong></span> <span class='ocrx_word' id='word_1_132' title='bbox 1512 2356 1562 2394; x_wconf 89' lang='lat' dir='ltr'><strong>ut</strong></span> <span class='ocrx_word' id='word_1_133' title='bbox 1581 2352 1628 2393; x_wconf 88' lang='lat' dir='ltr'><strong>in</strong></span> 
     </span>
    </p>
   </div>
   <div class='ocr_carea' id='block_1_6' title="bbox 155 2419 1627 2476">
    <p class='ocr_par' dir='ltr' id='par_1_6' title="bbox 155 2419 1627 2476">
     <span class='ocr_line' id='line_1_21' title="bbox 155 2419 1627 2476; baseline -0.001 -15"><span class='ocrx_word' id='word_1_134' title='bbox 155 2419 324 2475; x_wconf 75' lang='lat' dir='ltr'><strong>‘Epico</strong></span> <span class='ocrx_word' id='word_1_135' title='bbox 362 2434 531 2475; x_wconf 87' lang='lat' dir='ltr'><strong>genere,</strong></span> <span class='ocrx_word' id='word_1_136' title='bbox 561 2425 666 2475; x_wconf 89' lang='lat' dir='ltr'><strong>post</strong></span> <span class='ocrx_word' id='word_1_137' title='bbox 699 2420 885 2463; x_wconf 82' lang='lat' dir='ltr'><strong>Homeri</strong></span> <span class='ocrx_word' id='word_1_138' title='bbox 916 2434 1069 2476; x_wconf 88' lang='lat' dir='ltr'><strong>opera,</strong></span> <span class='ocrx_word' id='word_1_139' title='bbox 1098 2420 1383 2474; x_wconf 86' lang='lat' dir='ltr'><strong>divinamque</strong></span> <span class='ocrx_word' id='word_1_140' title='bbox 1417 2419 1627 2469; x_wconf 87' lang='lat' dir='ltr'><strong>AEneida,</strong></span> 
     </span>
    </p>
   </div>
   <div class='ocr_carea' id='block_1_7' title="bbox 174 2486 1628 2805">
    <p class='ocr_par' dir='ltr' id='par_1_7' title="bbox 174 2486 1628 2805">
     <span class='ocr_line' id='line_1_22' title="bbox 174 2486 1628 2542; baseline -0.001 -13"><span class='ocrx_word' id='word_1_141' title='bbox 174 2487 281 2529; x_wconf 81' lang='lat' dir='ltr'><strong>nihil</strong></span> <span class='ocrx_word' id='word_1_142' title='bbox 297 2487 529 2529; x_wconf 80' lang='lat' dir='ltr'><strong>Thebaide</strong></span> <span class='ocrx_word' id='word_1_143' title='bbox 548 2487 749 2529; x_wconf 82' lang='lat' dir='ltr'><strong>videatur</strong></span> <span class='ocrx_word' id='word_1_144' title='bbox 765 2488 1015 2542; x_wconf 78' lang='lat' dir='ltr'><strong>perfectius.</strong></span> <span class='ocrx_word' id='word_1_145' title='bbox 1060 2487 1179 2538; x_wconf 84' lang='lat' dir='ltr'><strong>Quid</strong></span> <span class='ocrx_word' id='word_1_146' title='bbox 1200 2487 1350 2541; x_wconf 85' lang='lat' dir='ltr'><strong>Sylvis</strong></span> <span class='ocrx_word' id='word_1_147' title='bbox 1369 2486 1468 2540; x_wconf 84' lang='lat' dir='ltr'><strong>ejus</strong></span> <span class='ocrx_word' id='word_1_148' title='bbox 1488 2498 1628 2528; x_wconf 90' lang='lat' dir='ltr'><strong>amoe-</strong></span> 
     </span>
     <span class='ocr_line' id='line_1_23' title="bbox 175 2551 1627 2608; baseline -0.002 -12"><span class='ocrx_word' id='word_1_149' title='bbox 175 2555 307 2596; x_wconf 68' lang='lat' dir='ltr'><strong>nius?</strong></span> <span class='ocrx_word' id='word_1_150' title='bbox 350 2553 471 2605; x_wconf 84' lang='lat' dir='ltr'><strong>Quid</strong></span> <span class='ocrx_word' id='word_1_151' title='bbox 501 2554 732 2596; x_wconf 66' lang='lat' dir='ltr'><strong>floridius?</strong></span> <span class='ocrx_word' id='word_1_152' title='bbox 778 2553 959 2605; x_wconf 91' lang='lat' dir='ltr'><strong>Quanta</strong></span> <span class='ocrx_word' id='word_1_153' title='bbox 989 2555 1060 2596; x_wconf 87' lang='lat' dir='ltr'><strong>hic</strong></span> <span class='ocrx_word' id='word_1_154' title='bbox 1087 2567 1268 2608; x_wconf 87' lang='lat' dir='ltr'><strong>operum</strong></span> <span class='ocrx_word' id='word_1_155' title='bbox 1301 2552 1525 2596; x_wconf 81' lang='lat' dir='ltr'><strong>varietas!</strong></span> <span class='ocrx_word' id='word_1_156' title='bbox 1570 2551 1627 2593; x_wconf 87' lang='lat' dir='ltr'><strong>In</strong></span> 
     </span>
     <span class='ocr_line' id='line_1_24' title="bbox 175 2620 1627 2675; baseline -0.001 -13"><span class='ocrx_word' id='word_1_157' title='bbox 175 2620 440 2672; x_wconf 86' lang='lat' dir='ltr'><strong>Achilleide,</strong></span> <span class='ocrx_word' id='word_1_158' title='bbox 463 2620 652 2663; x_wconf 86' lang='lat' dir='ltr'><strong>Achillis</strong></span> <span class='ocrx_word' id='word_1_159' title='bbox 680 2621 937 2665; x_wconf 84' lang='lat' dir='ltr'><strong>Graecorum</strong></span> <span class='ocrx_word' id='word_1_160' title='bbox 954 2621 1183 2663; x_wconf 86' lang='lat' dir='ltr'><strong>fortissimi</strong></span> <span class='ocrx_word' id='word_1_161' title='bbox 1203 2624 1328 2675; x_wconf 84' lang='lat' dir='ltr'><strong>gesta</strong></span> <span class='ocrx_word' id='word_1_162' title='bbox 1347 2620 1627 2662; x_wconf 87' lang='lat' dir='ltr'><strong>conscribere</strong></span> 
     </span>
     <span class='ocr_line' id='line_1_25' title="bbox 177 2687 1628 2743; baseline -0.001 -15"><span class='ocrx_word' id='word_1_163' title='bbox 177 2692 407 2729; x_wconf 84' lang='lat' dir='ltr'><strong>statuerat.</strong></span> <span class='ocrx_word' id='word_1_164' title='bbox 465 2687 588 2739; x_wconf 89' lang='lat' dir='ltr'><strong>Quid</strong></span> <span class='ocrx_word' id='word_1_165' title='bbox 607 2690 652 2731; x_wconf 89' lang='lat' dir='ltr'><strong>in</strong></span> <span class='ocrx_word' id='word_1_166' title='bbox 670 2688 755 2730; x_wconf 85' lang='lat' dir='ltr'><strong>hoc</strong></span> <span class='ocrx_word' id='word_1_167' title='bbox 773 2701 904 2743; x_wconf 88' lang='lat' dir='ltr'><strong>opere</strong></span> <span class='ocrx_word' id='word_1_168' title='bbox 930 2700 1128 2729; x_wconf 89' lang='lat' dir='ltr'><strong>summus</strong></span> <span class='ocrx_word' id='word_1_169' title='bbox 1148 2688 1222 2730; x_wconf 73' lang='lat' dir='ltr'><strong>ille</strong></span> <span class='ocrx_word' id='word_1_170' title='bbox 1242 2692 1284 2729; x_wconf 86' lang='lat' dir='ltr'><strong>et</strong></span> <span class='ocrx_word' id='word_1_171' title='bbox 1303 2687 1483 2729; x_wconf 80' lang='lat' dir='ltr'><strong>excitati</strong></span> <span class='ocrx_word' id='word_1_172' title='bbox 1500 2687 1628 2740; x_wconf 88' lang='lat' dir='ltr'><strong>spiri-</strong></span> 
     </span>
     <span class='ocr_line' id='line_1_26' title="bbox 220 2762 1536 2805; baseline -0.001 -10"><span class='ocrx_word' id='word_1_173' title='bbox 220 2762 335 2805; x_wconf 77' lang='lat' dir='ltr'><strong>Delph.</strong></span> <span class='ocrx_word' id='word_1_174' title='bbox 351 2767 381 2795; x_wconf 73' lang='grc' dir='ltr'><strong>ιι</strong></span> <span class='ocrx_word' id='word_1_175' title='bbox 401 2764 475 2798; x_wconf 63' lang='lat' dir='ltr'><strong>Vm.</strong></span> <span class='ocrx_word' id='word_1_176' title='bbox 488 2764 573 2796; x_wconf 70' lang='lat' dir='ltr'><strong>cun.</strong></span> <span class='ocrx_word' id='word_1_177' title='bbox 853 2763 940 2795; x_wconf 68' lang='lat' dir='ltr'><strong>scat.</strong></span> <span class='ocrx_word' id='word_1_178' title='bbox 1506 2762 1536 2794; x_wconf 80' lang='lat' dir='ltr'>A</span> 
     </span>
    </p>
   </div>
  </div>
 </body>
</html>
