1800 3060
229 187 314 230 160

226 293 288 335 Et
310 297 524 348 suspecta
541 293 648 335 mali
667 300 880 349 ruperunt
896 283 1051 339 nubila
1071 299 1227 340 somni.

724 200 763 230 P.
798 201 992 234 PAPINII
1027 203 1194 235 STA'rn

1604 303 1693 346 110

222 361 423 416 Adjuvat
441 363 539 416 ipse
562 363 705 413 Deos,
724 364 974 419 morboque
994 365 1222 416 valentius
1235 368 1362 410 omni

223 427 433 483 Occupat
450 429 664 470 auxilium
682 443 693 471 ε
725 431 857 471 citius
876 444 961 473 non
982 436 1075 474 arte
1094 433 1287 475 refectus

222 496 448 549 Telephus
468 495 701 549 AEmonia3
731 510 810 539 nec
833 512 935 552 quae
955 500 1189 542 metuentis
1209 499 1386 544 Atridae

223 563 359 604 Saeva
379 562 653 606 Machaonio
674 566 875 607 coierunt
897 567 1079 610 vulnera
1101 581 1253 611 succo.

219 694 252 722 et
267 690 433 729 funestum
448 702 587 733 soporem
612 692 703 725 noxii
716 694 848 727 veterni.
893 696 966 736 Ipse
990 696 1079 728 Deus
1093 697 1236 739 adiuvat,
1252 702 1285 730 ct
1304 699 1463 740 potentior
1474 701 1559 733 omni
1572 702 1689 741 morbo,

216 735 371 774 proevenit
386 736 531 766 remedia.
580 736 728 776 Telephus
750 747 812 768 non
831 739 991 778 promtius
1005 744 1134 772 miratus
1146 744 1191 772 est
1203 744 1272 773 arte
1286 743 1448 784 AEmom‘a,
1462 754 1518 775 nec
1531 744 1609 785 ipsae
1618 754 1686 776 cru-

217 777 300 808 deles
319 777 425 818 plugoe
439 777 580 810 timentis
600 778 728 811 Atridae
752 780 846 813 citius
870 781 1052 814 coaluerunt
1076 783 1194 824 liquore
1219 784 1417 818 Machaonio.
1464 787 1564 823 Quem
1586 788 1685 819 locum

814 880 857 894 Ν

218 952 322 992 paulo
338 957 419 985 ante
434 952 636 994 aitjungam‚
657 964 720 986 nos
736 955 880 996 legimus
900 958 1016 998 carpsi,
1039 958 1063 990 i.
1091 967 1123 991 e.
1149 959 1299 1000 collegi!
1322 960 1559 994 nomia—110
1581 962 1679 994 Unus

216 995 327 1026 codex
343 999 632 1037 rapuerunt.—1ll
656 997 798 1037 Adiuvat
811 999 877 1040 ipse
893 1000 981 1032 Deus
994 1000 1100 1033 Aldd.
1118 1001 1231 1034 Colin.
1247 1003 1382 1044 Gryph.
1399 1009 1436 1036 et
1447 1004 1554 1038 Basil.
1591 1005 1681 1036 Deos

215 1037 340 1069 Venet.
360 1042 389 1071 l.
406 1039 523 1070 Parm.
538 1040 639 1072 Rom.
654 1045 691 1072 et
702 1041 839 1073 Vicent.
856 1044 947 1084 quod
962 1044 1091 1084 primus
1106 1045 1238 1085 recepit
1251 1046 1380 1077 Markl.
1397 1047 1454 1078 cui
1477 1047 1624 1079 debetur
1642 1047 1680 1078 τὸ

214 1080 389 1118 valentium
413 1091 529 1113 omnes
545 1083 634 1114 enim
662 1083 762 1116 codd.
788 1089 823 1116 et
849 1085 932 1117 edd.
958 1091 1047 1118 vett.
1072 1088 1297 1120 valentiam—1
1307 1091 1346 1120 12
1369 1089 1475 1121 Bern.
1503 1089 1594 1130 conj.
1614 1099 1679 1121 nou

211 1132 274 1154 aere
288 1123 432 1166 refectus,
454 1125 670 1167 improbante
694 1127 814 1159 eodem
831 1128 1159 1161 Marklando.—113
1183 1130 1353 1163 Hoemonia
1375 1131 1456 1165 edd.
1482 1135 1677 1164 vem—115

869 1219 1019 1252 NOTAE

257 1283 321 1313 110
343 1281 428 1314 Mali
440 1283 556 1325 somni]
579 1284 637 1316 Sic
666 1283 780 1324 etiam,
803 1282 917 1324 λήθαρ-

209 1342 270 1372 ’γον
285 1333 451 1374 exprimit
477 1334 600 1366 Poeta.
645 1334 777 1374 Supra:
803 1334 814 1351 ‘
830 1333 915 1365 Insi-

211 1385 309 1417 diosa
338 1386 434 1427 quies
460 1391 498 1418 et
528 1388 626 1428 pigra
655 1386 784 1418 oblivia
812 1386 915 1418 vitae.’

209 1435 256 1467 Et
269 1436 437 1477 Epicedio
458 1438 492 1469 in
508 1443 662 1480 patrem:
685 1438 775 1469 ‘Sed
793 1442 826 1469 te
844 1443 913 1469 tor-

209 1495 273 1527 por
294 1487 402 1528 iners,
427 1493 464 1520 et
487 1499 576 1520 mors
601 1489 737 1520 imitata
763 1488 914 1529 quietem

209 1537 399 1579 Explicuit,
413 1537 571 1581 falsoque
597 1540 677 1570 tulit
691 1538 754 1570 snb
769 1539 915 1570 Tartara

206 1588 346 1620 somno?
390 1589 490 1630 Muli]
513 1589 603 1623 Quia
626 1589 751 1629 letalis,
778 1598 845 1621 non
871 1589 914 1621 ad

207 1639 391 1670 sanitatem
407 1639 561 1670 animalis
574 1639 762 1672 institutus.

250 1691 313 1720 113
333 1689 498 1731 Telephus]
513 1690 687 1730 Telephus
702 1699 761 1721 rex
775 1690 914 1731 Mysiae,

205 1738 368 1772 Herculis
383 1744 420 1772 et
433 1739 552 1781 Auges
562 1739 664 1780 filius,
679 1740 912 1772 cuvaraecos

203 1794 327 1822 euntes
340 1789 383 1821 ad
394 1790 836 1831 expeditionemTrojanam
853 1790 913 1822 im-

197 1839 325 1880 pedire
337 1843 532 1880 conaretur,
542 1849 588 1871 ne
606 1850 668 1881 per
677 1840 826 1880 Mysiam
840 1840 910 1872 iter

201 1888 372 1927 facerent,
385 1890 428 1921 ab
439 1889 575 1922 Achille
583 1891 740 1931 graviter
751 1891 909 1923 vulnera-

202 1943 258 1972 tus
269 1945 336 1973 est.
375 1942 461 1973 Cum
471 1946 586 1973 autem
598 1941 662 1974 hoc
678 1942 799 1973 vulnus
816 1943 908 1974 nullo

201 1991 355 2024 remedio
368 1992 482 2024 curari
496 1997 628 2033 posset,
640 1993 812 2024 oraculum
827 2003 907 2025 con·

201 2042 320 2083 suluit,
334 2052 355 2074 a
369 2051 436 2084 quo
459 2052 660 2083 responsum
676 2047 743 2084 est,
768 2043 854 2084 fore,
869 2047 907 2075 ut

201 2092 322 2125 eadem
337 2093 449 2133 hasta,
470 2103 536 2134 qua
557 2093 758 2124 vulneratus
780 2092 906 2134 fuerat,

200 2148 394 2177 sanaretur.
438 2145 575 2176 Relicta
595 2145 713 2186 itaque
730 2145 842 2186 patria
857 2144 905 2176 Α-

198 2195 337 2227 chillem
347 2194 445 2232 adiit,
456 2195 501 2226 ab
512 2204 622 2236 eoque
637 2194 799 2234 obtinuit,
809 2198 849 2226 ut
862 2205 904 2227 ex

197 2246 320 2284 hastae,
337 2255 405 2288 qua
418 2246 622 2278 vulneratus
636 2249 724 2285 erat,
739 2245 904 2287 rubigine,

197 2296 388 2328 remedium
413 2295 602 2328 conficeret
628 2299 666 2327 et
689 2295 820 2326 vulneri
843 2304 904 2326 suo

197 2347 403 2387 imponeret,
419 2356 486 2388 quo
505 2345 599 2377 facto
614 2345 649 2376 id
663 2345 781 2376 statim
805 2355 903 2376 sana·

197 2401 270 2430 tum
296 2402 361 2429 est.
416 2397 496 2428 Hoc
522 2395 825 2437 comprehenditur
852 2395 902 2427 his

195 2447 329 2479 duobus
355 2446 474 2479 ovidii
497 2446 655 2478 versibus
676 2445 754 2478 Art.
775 2444 852 2478 Am.
868 2454 899 2476 1.

195 2499 272 2530 696.
294 2496 447 2528 ‘Vulnus
465 2495 618 2528 Achilleo
634 2506 710 2538 qnae
731 2495 899 2537 quondam

195 2547 331 2580 fecerat
344 2546 435 2578 hosti
458 2546 620 2578 Vulneris
645 2545 810 2579 auxilium
831 2545 898 2576 Pe-

189 2598 258 2630 lias
286 2596 387 2629 hasta
417 2595 520 2628 tulit)
563 2595 725 2636 AEmonia]
761 2595 804 2627 Id
834 2598 900 2635 est,

194 2647 408 2680 Thessalica:
431 2645 583 2678 Tessalia
610 2646 700 2677 enim
724 2645 819 2686 prius
842 2644 899 2676 AE·

194 2699 307 2731 monia
342 2696 541 2729 vocabatur.
596 2696 748 2727 Achilles
783 2700 899 2727 autem

194 2749 375 2782 Thessalus
390 2752 479 2788 erat,
501 2750 536 2779 et
559 2746 595 2780 in
618 2746 793 2778 Thessalia
815 2744 897 2779 edu·

971 1288 1069 1316 catus
1105 1284 1195 1326 apud
1235 1285 1429 1318 Chironem.
1497 1287 1674 1320 Metuentes

967 1334 1109 1376 Atridae]
1132 1336 1284 1368 Menelai
1300 1336 1360 1368 filii
1386 1337 1498 1378 Atrei,
1515 1339 1673 1370 vnlnera-

969 1384 1028 1416 tia
1046 1385 1218 1417 Pandaro.
1253 1386 1343 1418 Vide
1359 1386 1547 1419 Homerum
1561 1388 1603 1420 11.
1621 1398 1674 1422 ιν.

969 1435 1161 1476 Metuentis]
1173 1436 1261 1468 Quia
1276 1436 1456 1469 Menelaus
1472 1446 1540 1469 non
1556 1438 1673 1471 admo·

968 1484 1048 1517 dum
1063 1485 1163 1517 fortis
1176 1490 1263 1518 erat.

1012 1539 1074 1568 114
1097 1536 1286 1568 Machaonio
1320 1537 1425 1579 succo]
1477 1538 1671 1571 Herbarum

969 1586 1112 1618 scilicet.
1156 1587 1360 1629 Machaonio]
1385 1588 1672 1622 AMachaone'fi-

966 1637 1014 1668 lio
1029 1637 1229 1679 AEsculapii,
1249 1638 1305 1680 qui
1333 1648 1408 1671 cum
1431 1637 1540 1671 fratre
1555 1639 1671 1672 Poda-

968 1686 1057 1727 lirio‚
1071 1691 1110 1717 ut
1136 1687 1185 1718 ait
1211 1687 1389 1719 Cornelius
1411 1688 1545 1729 Celsus,
1566 1689 1626 1721 lib.
1643 1698 1671 1722 1.

970 1737 1057 1769 bello
1072 1737 1222 1779 Trojano
1243 1738 1365 1770 ducem
1377 1738 1670 1780 Agamemnonem

968 1794 1119 1829 secutus,
1145 1799 1212 1820 non
1229 1789 1436 1822 mediocrem
1457 1800 1558 1832 opem
1577 1801 1668 1823 com-

967 1839 1177 1871 militonibus
1189 1840 1258 1871 suis
1269 1840 1395 1872 attulit.
1441 1841 1537 1874 Quos
1554 1845 1666 1874 tamen

962 1890 1149 1931 Homerus,
1162 1900 1230 1922 non
1241 1890 1274 1922 in
1280 1891 1493 1932 pestilentia,
1506 1900 1619 1933 neque
1631 1893 1666 1924 in

962 1940 1065 1972 variis
1092 1941 1274 1981 generibus
1310 1941 1505 1973 morborum
1535 1942 1663 1984 aliquid

961 1990 1119 2022 attulisse
1145 1990 1276 2031 auxilii,
1297 1990 1359 2022 sed
1377 1991 1573 2024 vulneribus
1589 1997 1664 2024 tan-

962 2038 1138 2071 tummodo
1153 2037 1245 2071 ferro
1267 2043 1305 2071 et
1320 2040 1578 2074 medicamentis
1593 2052 1664 2074 rue-

959 2089 1033 2120 deri
1049 2089 1168 2121 solitos
1183 2099 1272 2131 esse,
1287 2091 1479 2132 proposuit.
1525 2091 1578 2124 Ex
1594 2102 1662 2135 quo

959 2144 1106 2180 apparet
1120 2139 1181 2171 has
1196 2145 1313 2182 partes
1327 2140 1506 2173 medicInae
1522 2142 1610 2173 solas
1618 2141 1662 2174 ab

957 2189 999 2220 iis
1022 2193 1185 2230 tentatas,
1211 2199 1340 2232 easque
1370 2200 1446 2222 esse
1471 2191 1661 2224 vetustissi-

959 2250 1043 2273 mas.
1085 2241 1133 2273 Hi
1150 2240 1277 2273 fratres
1292 2246 1519 2274 exercuerunt
1533 2242 1662 2275 chirur-

959 2291 1071 2331 gicam
1098 2295 1223 2331 artem,
1245 2301 1287 2323 ac
1310 2291 1661 2330 medicamentariam,

958 2350 1018 2372 seu
1040 2340 1077 2372 τὸ
1104 2341 1349 2382 φαρμακεννυῶν
1371 2342 1498 2373 solum:
1522 2351 1598 2373 cum
1621 2341 1660 2372 τὸ

957 2390 1145 2429 &arv-marchi!
1159 2392 1286 2432 primus
1299 2392 1344 2422 sit
1358 2391 1552 2432 auspicatus
1570 2390 1658 2430 Hip-

955 2446 1129 2482 pocrates,
1140 2451 1240 2483 quem
1256 2441 1431 2474 subsecuti
1447 2441 1572 2473 deinde
1586 2441 1658 2473 He-

953 2492 1101 2532 rodicus,
1119 2492 1356 2533 'Praxogoras,
1378 2491 1599 2532 Chrysippus,
1621 2495 1659 2522 et

954 2542 1022 2583 alii,
1044 2541 1138 2573 illam
1153 2541 1333 2573 medicinae
1345 2545 1479 2583 partem
1504 2541 1655 2582 loeuple-

953 2592 1076 2623 tiorem
1093 2591 1332 2623 reddiderunt.
1377 2590 1524 2624 Quidam
1540 2594 1655 2622 tamen

953 2642 1071 2674 volunt
1088 2641 1312 2674 Machaonem
1328 2640 1522 2681 chirurgum
1533 2638 1656 2680 fuisse,

952 2693 1164 2725 Podalirium
1193 2701 1274 2724 vero
1300 2691 1497 2723 exercuisse
1521 2689 1563 2721 τὰ
1584 2690 1655 2732 περὶ

950 2743 1010 2783 τὴν
1023 2742 1150 2777 διαιτᾶν.
1196 2742 1287 2776 Illud
1309 2746 1425 2776 autem
1449 2747 1654 2784 φαρμακευτι-
