1800 3060
207 235 295 279 486
735 249 776 278 P.
811 248 1002 280 ΡΑΡιΝῐι
1037 249 1203 282 STATu

379 342 484 385 Non
503 343 586 393 sal,
608 355 927 396 oxygarumve,
949 358 1178 396 caseusve‚

378 410 472 453 Aut
487 423 631 465 *panes
650 411 886 454 viridantis
908 413 1168 467 aphronitri,

376 477 466 519 Vel
489 492 669 533 passum
692 481 879 534 psythiis
895 482 990 523 suis
1011 486 1255 532 recoctum,

377 545 515 594 Dulci
537 545 709 588 defruta
737 548 807 588 vel
827 547 977 590 lutosa
998 548 1165 590 coeno‘?

378 612 606 664 Quantum
629 615 700 656 vel
721 614 826 656 dare
850 627 1005 657 cereos
1034 615 1220 665 olentes,
1615 619 1677 661 40

207 714 281 746 Non
294 718 355 756 aul,
371 717 583 758 oxiporumve‚
599 728 636 749 ac
651 728 767 758 caseus,
781 722 837 751 aut
861 729 972 751 massae
995 720 1131 752 virentis
1156 719 1332 761 aphronitri
1344 723 1357 752 ‚⁹
1378 721 1425 751 vel
1435 728 1561 761 passum
1574 726 1677 754 matu-

203 761 310 791 mcum
325 759 358 791 in
377 761 515 802 psythiie
528 761 611 793 suis?
636 763 684 794 tel
706 762 832 800 defruta
856 764 950 794 densa
973 766 1068 802 grato
1093 767 1198 794 coeno?
1229 763 1388 799 Quantum
1413 767 1482 795 erat
1496 765 1546 796 vel
1559 765 1678 796 donare

817 857 1058 870 eeeeeeeeeeee

206 923 247 953 35
274 921 392 954 Falisci
407 921 669 954 Heinsius.-36
691 923 833 955 Venett.
850 924 947 956 Rom.
965 924 1069 956 Aldd.
1084 925 1194 957 Colin.
1210 923 1346 966 Grypli.
1362 923 1471 958 Basil.
1487 926 1603 958 Plaut.
1619 936 1675 958 ce-

206 963 304 1003 terae,
335 965 553 1006 oxiporumve;
589 965 706 996 Parm.
734 967 937 1007 oxigarumre
945 978 958 1005 ‚·
983 967 1110 1000 Markl.
1137 972 1448 1010 oxygarumee.—38
1472 968 1531 1001 Vel
1553 979 1677 1010 passum

204 1007 317 1048 positis
331 1008 396 1039 suis
412 1008 517 1048 prisci
535 1008 635 1040 codd.
655 1009 796 1040 Domitii
812 1010 1009 1049 Calderini3
1034 1011 1122 1042 unde
1138 1011 1216 1043 ille:
1239 1012 1374 1052 psythiis
1388 1012 1453 1043 suis
1465 1022 1478 1049 ‚·
1499 1012 1626 1044 Venet.
1642 1015 1676 1044 2.

206 1055 243 1082 et
259 1055 329 1082 vet.
353 1050 612 1091 Lindenbrogii,
629 1052 766 1093 psythiis
790 1053 956 1085 urim—40
983 1054 1147 1085 Heinsius
1170 1053 1212 1085 ad
1239 1053 1406 1085 Prudeut.
1423 1054 1622 1086 Cathemer.
1638 1063 1675 1086 v.

206 1093 260 1124 22.
278 1102 321 1124 ex
338 1093 517 1125 Parmensi
535 1094 816 1127 restituitolentes
831 1106 893 1136 pro
910 1097 1000 1138 vulg.
1015 1097 1161 1128 nitentes.
1186 1096 1275 1127 Vide
1291 1096 1436 1129 Advers.
1453 1107 1486 1138 p.
1503 1099 1579 1129 622.
1602 1098 1676 1130 Do-

205 1136 324 1167 mitius
341 1136 374 1167 in
393 1137 494 1168 codd.
511 1137 579 1168 suis
596 1137 738 1178 invenit,
755 1143 890 1181 aventes,
912 1139 1002 1171 unde
1019 1140 1076 1171 ille
1093 1139 1189 1178 fecit,
1203 1142 1338 1171 arentes.
1361 1141 1486 1171 Venet.
1502 1143 1535 1171 2.
1551 1144 1588 1172 et
1605 1145 1674 1172 vet.

205 1178 463 1222 Lindenbrogii,
477 1184 613 1222 arentes,
638 1181 692 1212 vel
713 1185 848 1214 aventes.
892 1182 1074 1215 Turnebus
1099 1182 1260 1224 legebat:
1291 1192 1392 1215 cereos
1405 1186 1473 1215 erat
1488 1186 1578 1221 tres,·
1599 1183 1677 1214 Mo-

870 1271 1016 1303 NOTAE

205 1334 292 1376 lisci]
317 1334 494 1366 phaliscus
517 1335 621 1366 etiam
643 1344 749 1376 genus
765 1335 914 1368 farcimi-
1011 1340 1053 1369 38
1077 1337 1229 1379 Passum]
1253 1337 1335 1370 Vini
1353 1336 1574 1380 genns‚quod
1596 1326 1675 1367 olim

205 1385 461 1426 nis‚inventum
473 1386 616 1427 primum
634 1386 667 1418 in
685 1386 915 1428 Phaliscis‚ut
969 1398 988 1421 e
1019 1389 1126 1420 Creta
1156 1388 1370 1428 mittebatur,
1398 1398 1442 1419 ex
1471 1397 1540 1418 uva
1574 1391 1675 1428 quam

207 1435 256 1467 ait
273 1435 399 1469 Varro.
441 1436 596 1468 Phalisci
611 1437 701 1468 enim
716 1437 816 1478 primi
835 1447 915 1469 ven-

205 1491 294 1519 trem
313 1487 491 1528 porcinum
507 1487 724 1520 condierunt.
770 1489 915 1520 Martia-

205 1537 247 1569 lis
263 1538 354 1579 epig.
371 1538 482 1570 citato
497 1550 506 1571 z
525 1540 534 1556 ‘
552 1539 597 1570 Et
607 1539 779 1571 Lucanica
794 1545 915 1571 ventre

207 1597 285 1620 cum
324 1588 509 1621 Phalisco.‘
554 1589 644 1621 Vide
676 1589 821 1621 eundem
851 1590 913 1622 lib.

207 1648 294 1672 xm.
308 1639 375 1680 Ep.
399 1641 454 1671 35.
479 1644 515 1671 et
541 1639 748 1671 Athenaeum
774 1639 836 1673 lib.
859 1649 913 1673 ix.

207 1699 285 1731 cap.
305 1692 338 1721 5.
354 1689 448 1721 unde
460 1700 575 1730 graves
590 1694 691 1722 vocat
704 1690 883 1732 Papinius.

250 1743 294 1772 36
319 1741 507 1783 oxygarum
538 1741 739 1783 [oxyporum]
772 1742 916 1784 Oxypo·

207 1801 282 1824 rum
310 1802 418 1834 genus
443 1793 665 1826 condimenti.
712 1794 914 1835 oxygarum

205 1847 309 1875 vocat
326 1844 530 1882 Columella,
547 1854 648 1886 quem
665 1845 818 1876 consule.
853 1846 915 1876 Ca-

205 1893 326 1935 nen-we]
347 1894 477 1926 Caseus
491 1894 594 1926 etiam
617 1894 651 1925 in
672 1895 914 1927 Saturnalibus

205 1944 340 1976 missus.
386 1944 559 1977 Martialis
589 1945 692 1986 Epig.
723 1946 831 1978 citato
856 1946 915 1978 lib.

205 2004 254 2026 xv.
279 1995 289 2013 ‘
308 1995 393 2027 Cum
415 1995 539 2036 bulbis,
555 1996 784 2038 cochleisque,
797 2006 915 2029 caseo-

209 2045 301 2087 que.’

250 2098 293 2127 37
316 2095 384 2128 Aut
411 2105 510 2137 panes
532 2096 698 2128 viridantis
722 2096 915 2138 aphronitri]

206 2146 456 2188 Aphronitrum
478 2157 600 2188 spuma
619 2147 713 2179 nitri.
741 2148 915 2179 Martialis

206 2198 267 2230 lib.
280 2206 358 2230 xiv.
375 2198 439 2238 Ep.
456 2200 509 2230 58.
541 2198 551 2215 ‘
570 2197 730 2229 Rusticus
741 2208 788 2239 es,
804 2199 915 2230 nescis

205 2248 287 2291 quid
318 2249 445 2281 Graeco
471 2249 610 2281 nomine
637 2250 743 2281 dicar.
789 2251 915 2292 Spuma

206 2309 311 2332 vocor
348 2299 451 2331 uitri:
483 2299 628 2331 Graecus
666 2310 714 2341 es,
748 2300 917 2342 Aphroni·

207 2349 323 2381 trum.'
375 2349 568 2390 Viridantis]
593 2350 683 2383 Quia
708 2351 836 2383 nitrum
868 2353 915 2384 vi-

206 2399 294 2431 ride.
340 2400 430 2432 Vide
457 2400 606 2432 Plinium
631 2401 689 2433 lib.
704 2410 808 2434 xxxt.
837 2412 913 2444 cap.

207 2454 261 2483 10.
278 2451 337 2482 ubi
353 2452 402 2483 ait
418 2451 501 2483 illud
518 2451 551 2482 in
569 2452 712 2492 pastillis
729 2451 845 2484 afferri
860 2463 911 2484 so-

206 2503 279 2535 lere
292 2513 301 2534 :
327 2502 547 2544 quamobrem
559 2511 655 2542 panes
669 2503 846 2543 aphronitri
862 2503 911 2535 di-

206 2557 332 2586 cuntur
371 2552 495 2584 Statio.
540 2553 654 2584 Panes
685 2563 765 2585 vero
794 2563 862 2586 non
895 2563 915 2585 e

206 2603 379 2636 frumento
395 2607 543 2642 tantum,
559 2604 618 2635 sed
637 2614 681 2636 ex
700 2605 766 2636 alia
781 2613 915 2647 quoque

207 2665 258 2696 re,
285 2665 347 2697 per
377 2654 633 2686 similitudinem
666 2660 845 2696 vocantur,
874 2660 914 2688 ut

207 2706 370 2737 observat
396 2704 618 2736 Casaubonus
643 2705 677 2736 in
700 2706 912 2738 Suetonium.

207 2750 265 2788 Sic
281 2755 373 2797 apud
389 2766 451 2789 nos
468 2765 575 2798 panes
585 2766 670 2798 quos
685 2762 810 2791 vocant
823 2758 914 2799 pains

207 2806 347 2849 d'espice.

971 1439 1085 1471 Graeci
1103 1439 1113 1456 ‘
1127 1437 1273 1478 nicam?
1301 1438 1445 1470 Romani
1473 1437 1484 1456 ⁴
1500 1437 1655 1479 apianam
1667 1436 1676 1450 '

970 1495 1008 1521 et
1029 1490 1038 1506 ‘
1059 1489 1223 1530 sirpulam
1238 1488 1247 1502 ⁷
1271 1488 1506 1530 appellabant.
1551 1487 1676 1520 Fiebat

970 1540 1125 1581 pluribus
1152 1539 1282 1571 modis:
1319 1539 1556 1580 diligentiores
1594 1547 1676 1570 uvas

970 1590 1150 1622 siccabant
1172 1590 1257 1631 sole,
1272 1588 1383 1620 donec
1407 1589 1510 1630 paulo
1534 1588 1678 1630 amplius

969 1641 1146 1673 dimidium
1162 1640 1296 1682 pondus
1322 1638 1536 1681 superforet:
1560 1638 1678 1681 sicque

968 1702 988 1724 a
1013 1692 1177 1733 patiendo
1200 1692 1270 1723 sole
1285 1691 1296 1709 ‘
1309 1700 1443 1732 passum
1457 1689 1466 1704 ’
1483 1689 1677 1721 denomina-

969 1747 1042 1774 tum
1069 1746 1157 1774 erat.
1202 1741 1347 1783 Psychiis
1361 1741 1426 1773 suis
1439 1739 1612 1781 recoctum]
1633 1739 1676 1772 Id

970 1797 1038 1832 est,
1051 1797 1261 1824 maturatum
1285 1792 1356 1823 sole
1373 1792 1405 1822 in
1431 1790 1577 1832 psythiis
1593 1790 1677 1831 uuis,

970 1842 1005 1873 id
1028 1849 1093 1882 est,
1122 1843 1197 1874 uvis
1213 1841 1398 1884 ‘psythiis'
1423 1841 1578 1880 vocarit-13
1602 1849 1677 1882 pas-

971 1903 1042 1924 sum
1059 1893 1149 1924 enim
1164 1902 1207 1924 ex
1228 1892 1303 1924 uvis
1319 1892 1423 1924 etiam
1438 1901 1515 1933 quae
1531 1891 1676 1932 psythiae

971 1943 1178 1975 dicebantur
1214 1942 1333 1975 fiebat.
1377 1943 1477 1974 Unde
1512 1941 1677 1983 Virgilius

970 1994 1100 2035 Georg.
1131 2003 1171 2025 ιι.
1202 1995 1212 2011 ‘
1229 1993 1375 2036 Psythia
1404 2003 1506 2035 passo
1534 1991 1677 2025 utilior.'

970 2046 1017 2076 Et
1043 2045 1173 2086 Georg.
1189 2053 1244 2076 xv.
1283 2045 1292 2062 ‘
1309 2044 1376 2076 Vel
1397 2043 1535 2086 psythia
1560 2051 1676 2085 passos

970 2096 1014 2127 de
1030 2096 1101 2127 vite
1122 2094 1298 2127 racemos!
1344 2094 1432 2127 Vide
1455 2093 1676 2127 Columellam

969 2147 1029 2179 lib.
1040 2156 1065 2179 1.
1082 2151 1118 2178 et
1134 2146 1288 2178 Macrob.
1304 2146 1364 2178 lib.
1377 2155 1436 2179 ιιι.
1452 2155 1531 2187 cap.
1545 2148 1600 2178 20.

1013 2201 1055 2230 39
1078 2197 1176 2229 Dulci
1203 2196 1329 2236 defruta
1363 2198 1413 2229 vel
1449 2197 1550 2229 lutosa
1577 2195 1678 2238 coeno]

969 2248 1156 2281 Defrutum
1181 2253 1247 2288 est,
1280 2248 1396 2279 vinum
1429 2246 1472 2278 ad
1493 2246 1675 2286 >dimidiam

970 2306 1105 2340 partem
1136 2304 1288 2330 coctum.
1332 2298 1431 2330 Dulci
1449 2297 1549 2339 coeno]
1587 2298 1676 2337 Nam

970 2349 1145 2381 defrutum
1161 2349 1302 2380 densum
1319 2354 1385 2388 est,
1402 2354 1438 2381 et
1460 2348 1620 2381 lentescit
1640 2348 1675 2380 in

972 2401 1126 2441 speciem
1164 2400 1265 2433 coeni.
1317 2399 1437 2441 Dulce]
1475 2399 1673 2442 Epithetum

971 2462 1051 2484 vim.

1011 2505 1054 2534 40
1080 2502 1254 2544 Quantum]
1277 2502 1418 2544 Supple,
1432 2505 1519 2534 erat.
1562 2500 1676 2531 Cer-eos

971 2555 1085 2586 olentes
1093 2554 1259 2596 [nitentes]
1282 2554 1512 2595 Mittebantur
1524 2556 1559 2584 et
1573 2551 1676 2584 Cerei

972 2605 1208 2637 Saturnalibus
1234 2605 1410 2647 rogatione
1432 2602 1579 2636 Publicii
1600 2603 1675 2634 Tri·

971 2655 1053 2687 buni
1077 2655 1200 2697 plebis,
1220 2656 1278 2698 qui
1300 2665 1376 2687 cum
1393 2655 1528 2687 videret
1547 2654 1673 2687 divites

969 2706 1239 2738 Saturnaliorum
1265 2705 1446 2737 occasione
1477 2705 1592 2746 gravia
1614 2713 1674 2736 ex-

969 2761 1133 2798 torquere
1146 2765 1288 2788 munera
1302 2764 1322 2786 a
1336 2754 1558 2797 pauperibus,
1569 2753 1674 2796 jussit

969 2811 1007 2839 ut
1022 2806 1072 2839 liis
1090 2809 1222 2839 tantum
1237 2805 1459 2838 mitterentur
1469 2804 1571 2841 cerei.
1613 2802 1674 2835 Di·
