1800 3060
237 198 326 242 456

241 304 332 345 Hic
355 304 437 346 tibi
460 317 562 358 quae
584 303 722 345 docto
744 302 931 344 multum
952 301 1136 354 vigilata
1157 301 1336 357 Myroni

729 207 769 237 P.
804 207 997 238 PAPINII
1032 206 1198 238 STATn

1645 303 1703 346 25

239 373 361 423 AEra,
381 372 605 414 laboriferi
626 372 776 414 vivant
794 384 898 425 quae
919 383 1138 412 marmora
1157 371 1271 412 caelo

240 439 497 491 Praxitelis,
517 439 637 494 quod
658 440 767 480 ebur
788 439 940 481 Pisaeo
961 440 1124 494 pollice
1146 452 1308 489 rasum,

241 505 375 557 Quod
395 507 672 561 Polycleteis
687 507 865 562 jussum
885 512 954 549 est
975 508 1144 562 spirare
1165 507 1368 558 caminis,

239 573 381 615 Linea
401 587 502 628 quae
522 579 716 616 veterem
735 574 865 629 longe
885 575 1077 617 fateatur
1098 574 1132 615 A
1141 575 1320 629 pellem,

238 702 348 724 nomen
363 692 427 732 eius
440 693 526 734 operi
550 703 610 725 non
632 694 675 725 sit
700 693 908 736 inscriptum?
940 694 1005 726 Hic
1029 698 1060 727 te
1081 694 1200 727 docebit
1225 704 1304 733 atra,
1328 705 1396 735 quoe
1410 694 1543 733 fuerunt
1570 696 1701 727 multum

238 735 397 767 elaborata
413 747 431 767 a
445 738 547 777 perito
561 738 705 778 Myrone,
728 741 758 769 et
783 748 938 769 marmora
962 738 1116 778 spirantia
1141 739 1214 770 caelo
1238 738 1384 769 laboriosi
1411 737 1600 778 Praxitelis,
1621 739 1702 779 quod

239 777 314 810 ebur
326 781 478 820 scalptum
491 781 533 812 sit
549 780 658 812 Pisoea
673 790 776 822 manu,
797 782 878 822 quod
890 781 988 813 citam
1000 782 1120 823 accepit
1141 783 1174 814 in
1186 781 1372 820 fornacibus
1386 781 1556 823 Polycleti,
1577 784 1608 813 et
1631 791 1701 823 quoe

852 879 969 891 σσσσσσ

972 879 1089 892 oooooo

240 952 423 994 denbrogii
437 965 616 996 cognoscere
630 957 751 993 ductus,
774 956 864 999 qnod
878 957 1016 988 admisit
1034 957 1360 990 Marklandns.-25
1383 956 1594 989 Parmensis:
1618 957 1702 990 Hoec

241 997 300 1028 tun·
316 1007 385 1037 quae
399 1000 489 1029 docto
504 1000 634 1031 multum
651 1000 793 1031 laborata
809 1000 1037 1041 Myroni.—2o
1061 1001 1178 1033 Parni.
1193 1001 1307 1041 juvant
1334 1011 1403 1042 qua:
1428 1010 1585 1032 marmora
1605 1000 1676 1032 coeli
1688 1012 1702 1040 ,-

240 1040 395 1071 Romana
419 1043 534 1078 etiam,
565 1043 732 1075 cali—28
758 1044 848 1079 Quod
878 1043 1072 1084 Polycletaeis
1100 1044 1200 1075 visum
1228 1048 1274 1075 est
1303 1045 1424 1084 spirare
1454 1043 1559 1075 Aldd.
1589 1044 1702 1077 Colin-

241 1083 373 1124 Grypo.
389 1085 494 1117 Basil.
510 1086 625 1118 Plant.
652 1091 688 1118 et
715 1086 861 1119 Gevart.
877 1086 1001 1124 jussum
1025 1090 1071 1118 est
1095 1087 1215 1128 spirare
1240 1087 1348 1118 codex
1376 1087 1456 1119 Seu.
1481 1097 1558 1118 cum
1586 1087 1703 1118 Parm.

240 1125 340 1158 Rom.
358 1133 394 1159 et
410 1128 554 1160 Venett.
562 1129 689 1168 jussum
701 1130 823 1170 spirare
849 1129 1003 1162 Gronov.
1031 1130 1150 1162 Barth.
1169 1131 1277 1162 Veen.
1303 1135 1339 1162 et
1364 1130 1581 1171 nemin—29
1602 1130 1704 1162 Linea

902 1224 935 1257 N
938 1224 1046 1257 OTAE

284 1288 324 1317 25
340 1287 484 1331 Myroni]
499 1289 621 1331 Myron
638 1289 824 1321 statuarius
838 1290 943 1321 maxi-

241 1346 295 1368 me
312 1338 513 1370 nobilitatus
529 1351 643 1373 vacca.
688 1340 780 1372 Vide
794 1341 944 1373 Tiburti-

241 1395 322 1418 num
339 1388 474 1430 Manlii,
491 1400 539 1422 vs.
553 1394 608 1423 50.

283 1439 326 1470 26
348 1439 444 1480 AEra]
479 1440 521 1472 Id
548 1446 614 1482 est,
641 1451 741 1474 aereae
768 1440 945 1481 imagines.

246 1487 365 1520 Vivant
393 1499 462 1530 qua·
490 1492 660 1533 marmora]
697 1491 739 1524 Id
771 1496 840 1531 est,
874 1496 944 1524 tam

242 1538 330 1572 bene
357 1541 473 1573 efficta
497 1548 588 1583 sunt,
610 1549 650 1575 ut
674 1552 741 1574 non
767 1542 944 1584 imagines,

241 1591 300 1622 sed
319 1601 476 1633 personae
493 1593 579 1635 ipsae
595 1604 672 1626 esse
687 1593 883 1626 credantur.

283 1645 326 1675 2⁷
342 1645 536 1688 Praxiteles]
558 1647 754 1679 Praxiteles
771 1646 946 1678 marmoris

240 1695 421 1736 sculpendi
445 1697 586 1738 insignis
612 1697 749 1739 artifex,
772 1702 871 1728 natus
892 1703 945 1729 est

241 1745 276 1776 in
305 1751 463 1779 extrema
491 1749 602 1781 Italiae
628 1759 702 1788 ora,
719 1759 821 1791 quam
847 1750 945 1791 Mag-

240 1804 320 1828 nam
347 1797 521 1831 Graeciam
546 1800 626 1832 olim
653 1800 833 1832 vocabant.
878 1800 946 1833 Sed

241 1846 314 1879 cito
328 1848 465 1889 claruit,
489 1860 529 1881 ac
553 1850 698 1883 civitate
718 1852 871 1883 Romana
887 1851 946 1883 do-

240 1902 356 1939 natus,
378 1899 499 1932 urbem
527 1901 670 1933 Romam
695 1902 831 1934 ornavit
847 1912 947 1943 quam

242 1948 396 1989 plurimis
410 1952 556 1993 egregiis
570 1952 686 1993 signis.
732 1952 801 1984 Sed
828 1953 948 1992 praeci-

243 2009 311 2040 pue
338 2000 469 2033 duobus
492 2002 695 2035 nobilitatus
714 2001 793 2042 fuit,
808 2003 947 2035 Venere

243 2049 330 2089 Coa}
350 2056 384 2083 et
401 2051 532 2084 Cnidia.
579 2053 712 2084 Plinius
737 2053 796 2085 lib.
812 2061 947 2087 xxxvi.

241 2109 322 2143 cap.
349 2106 381 2135 5.
409 2103 462 2135 his
493 2103 626 2136 verbis:
657 2107 666 2122 ‘
683 2105 778 2137 Duas
803 2104 948 2147 fecerat,

243 2152 411 2196 simulque
441 2155 624 2196 vendebat,
662 2157 805 2187 alteram
835 2157 950 2188 velata

242 2204 375 2244 specie,
397 2216 500 2247 quam
521 2206 566 2239 ob
581 2206 616 2238 id
631 2208 770 2249 quidem
787 2210 949 2249 praetule-

242 2259 324 2286 runt
338 2256 492 2298 optione,
515 2266 657 2300 quorum
683 2258 837 2291 conditio
862 2264 949 2300 erat,

244 2303 320 2346 Coi,
334 2315 411 2338 cum
424 2308 566 2340 alteram
579 2310 683 2341 etiam
697 2308 818 2341 eodem
835 2311 949 2351 pretio

244 2355 441 2399 detulisset,
465 2370 621 2392 severum
652 2361 686 2392 id
718 2371 758 2393 ac
785 2362 949 2402 pudicum

245 2406 476 2442 arbitrantes:
515 2411 681 2452 rejectam
714 2411 827 2443 Cnidii
858 2421 950 2443 eme-

245 2462 337 2499 runt,
351 2459 513 2492 immensa
526 2460 723 2494 differentia
737 2461 851 2494 famae.
880 2463 949 2495 Vo-

244 2509 310 2541 luit
324 2519 398 2541 eam
415 2516 534 2552 postea
548 2523 569 2545 a
585 2514 714 2545 Cnidiis
727 2513 874 2544 mercari
887 2523 950 2544 rex

246 2559 469 2600 Nicomedes,
493 2567 600 2595 totum
626 2564 674 2596 ae‘s
697 2564 849 2596 civitatis
868 2564 949 2596 alie-

245 2620 339 2652 num,
353 2613 443 2654 quod
459 2619 535 2645 erat
552 2614 686 2656 ingens,
705 2614 949 2647 dissoluturum

246 2672 283 2694 se
314 2665 539 2704 promittens:
573 2668 686 2699 omnia
715 2669 853 2710 perpeti
882 2678 951 2700 ma-

246 2713 363 2746 luere:
380 2724 445 2748 nec
460 2717 653 2750 immerito:
671 2719 728 2751 ille
744 2719 835 2751 enim
850 2719 949 2760 signo

246 2763 441 2798 Praxiteles
457 2767 651 2801 nobilitavit
667 2769 825 2802 Cnidum.
856 2769 948 2802 AEdi-

982 1291 1078 1333 >cula
1094 1295 1168 1322 toto
1194 1290 1270 1332 ejus
1294 1290 1460 1332 aperitur,
1486 1295 1524 1322 ut
1549 1290 1705 1332 conspici

1001 1341 1110 1382 possit
1124 1341 1274 1384 undique
1289 1340 1419 1382 effigies
1438 1342 1539 1382 Deae,
1563 1340 1704 1374 favente

1000 1392 1088 1432 ipsa,
1111 1399 1148 1424 ut
1165 1392 1333 1433 creditur,
1358 1391 1477 1424 facto:
1504 1401 1568 1423 nec
1595 1393 1705 1424 minor

999 1451 1043 1472 ex
1060 1452 1275 1485 quacumque
1300 1447 1399 1484 parte
1425 1443 1604 1474 admiratio
1624 1441 1706 1474 est!

1000 1492 1091 1524 Vide
1111 1493 1256 1526 eundem
1283 1493 1340 1526 lib.
1358 1502 1492 1525 xxxiv.
1515 1503 1591 1535 cap.
1607 1496 1640 1526 Β.
1668 1497 1706 1525 et

1000 1543 1060 1575 lib.
1076 1552 1212 1576 xxxvr.
1227 1554 1304 1586 cap.
1318 1548 1350 1576 5.
1394 1545 1500 1576 Pisaeo
1511 1543 1640 1585 pollice]
1662 1544 1704 1576 Id

1001 1601 1068 1636 est,
1083 1596 1229 1628 Phidiae.
1272 1595 1413 1628 Phidias
1433 1595 1523 1628 enim
1539 1595 1634 1626 illum
1650 1604 1706 1627 ce-

999 1645 1220 1678 leberrimum
1236 1646 1395 1687 Pisaeum,
1416 1645 1489 1677 sive
1506 1645 1706 1687 Olympium

999 1695 1123 1728 Jovem
1138 1695 1233 1728 fecit.
1278 1695 1368 1728 vide
1391 1696 1490 1737 Equo
1509 1694 1641 1727 Domit.
1657 1703 1706 1727 vs.

1002 1748 1077 1778 102.

1043 1800 1087 1829 28
1109 1797 1200 1833 Quod
1223 1798 1411 1839 Polycleteis
1425 1797 1548 1836 jussum
1571 1800 1617 1830 est
1640 1796 1706 1838 spi-

1000 1858 1073 1880 rare
1085 1849 1233 1890 caminis]
1254 1850 1312 1881 De
1326 1849 1504 1890 Polycleto
1517 1846 1624 1879 nobili
1637 1851 1707 1880 sta-

1004 1900 1113 1932 tuario
1144 1900 1221 1932 vide
1248 1900 1407 1932 Surrent.
1435 1898 1541 1930 Pollii
1571 1907 1622 1930 vs.
1649 1900 1706 1929 67.

1003 1950 1158 1982 Ibidem:
1182 1951 1192 1967 ⁴
1203 1949 1276 1982 Aut
1292 1949 1497 1990 Polycleteo
1502 1948 1636 1990 jussum
1652 1952 1706 1980 est

1003 2000 1093 2042 quod
1111 2000 1226 2032 vivere
1241 1998 1349 2032 caelo.’

1045 2055 1088 2084 29
1118 2052 1219 2083 Linea
1233 2061 1302 2093 «μισ.
1315 2053 1449 2082 veterem
1462 2050 1553 2090 longe
1558 2048 1707 2095 fateatur

1003 2101 1160 2143 Apellem]
1183 2102 1252 2134 Hic
1279 2102 1374 2134 locus
1399 2101 1622 2132 illustratura
1637 2100 1709 2133 Pli-

1003 2155 1059 2186 nio
1087 2154 1149 2186 lib.
1173 2162 1290 2186 xxxv.
1320 2162 1398 2193 cap.
1424 2154 1477 2183 10.
1507 2151 1605 2192 cujus
1631 2151 1707 2183 haec

1003 2211 1083 2239 sunt
1099 2206 1222 2238 verba:
1247 2205 1399 2238 ‘Scitum
1422 2209 1491 2244 est,
1515 2203 1606 2236 inter
1621 2203 1707 2235 Pro·

1004 2262 1165 2299 togenem
1193 2262 1228 2289 et
1254 2257 1427 2298 Apellem,
1453 2253 1543 2298 quod
1569 2254 1707 2288 accidit·

1004 2308 1070 2340 Ille
1088 2308 1199 2340 Rhodi
1215 2307 1370 2339 vivebat:
1388 2314 1456 2345 quo
1471 2314 1548 2338 cum
1565 2304 1707 2346 Apelles

1002 2360 1256 2400 adnavigasset,
1305 2358 1427 2390 avidus
1477 2354 1707 2397 cognoscendi

1002 2420 1105 2452 opera
1121 2411 1209 2451 ejus,
1235 2409 1326 2442 fama
1339 2413 1472 2441 tantum
1486 2407 1551 2440 sibi
1567 2406 1707 2448 cogniti,

1002 2463 1166 2495 continuo
1203 2461 1370 2494 officinam
1413 2460 1540 2502 petiit:
1586 2458 1709 2490 aberat

1004 2514 1092 2555 ipse,
1116 2512 1178 2544 sed
1207 2512 1360 2544 tabulam
1385 2520 1518 2553 magnae
1544 2508 1706 2551 amplitu-

1004 2564 1093 2596 dinis
1122 2564 1158 2595 in
1183 2563 1339 2595 machina
1363 2567 1518 2603 aptatam
1546 2560 1708 2601 picturae,

1004 2625 1088 2647 anuis
1104 2625 1172 2647 una
1186 2613 1424 2646 custodiebat:
1448 2612 1522 2643 haec
1538 2611 1707 2652 Protoge-

1002 2675 1080 2698 nem
1095 2665 1180 2697 foris
1203 2673 1280 2696 esse
1305 2662 1494 2704 respoudit,
1516 2663 1706 2704 interroga-

1002 2716 1131 2758 vitque,
1155 2725 1176 2748 a
1201 2724 1267 2757 quo
1281 2714 1464 2756 quaesitum
1480 2713 1638 2745 diceret:
1659 2713 1704 2746 ab

1000 2768 1079 2807 hoc,
1103 2766 1214 2808 inquit
1228 2764 1391 2807 Apelles:
1415 2769 1623 2807 arreptoque
1646 2773 1706 2806 pe·
