1800 3060
224 205 310 247 412

720 217 759 247 Ρ.
793 217 983 249 PAPINH

1016 218 1182 250 STATII

224 310 514 365 Triptolemi:
546 311 610 352 sic
629 310 810 353 vitifero
828 312 909 354 sub
925 313 1106 367 palmite
1123 314 1265 356 nudos

226 377 459 420 Umbravit
475 378 632 430 colles,
654 382 698 421 et
717 380 864 422 sobria
884 393 983 422 rura
1003 380 1183 435 Lyaeus.

224 445 314 486 Sed
332 445 438 487 mihi
454 459 542 487 non
563 446 735 501 epulae,
759 447 939 489 Indisve
961 449 1112 490 innixa
1134 448 1349 490 columnis

222 512 411 554 Robora
433 512 707 565 Maurorum,
726 513 975 557 famulasve
993 528 1051 556 ex
1069 515 1218 557 ordine
1238 519 1429 569 turmas;

223 580 398 633 Ipsum,
418 580 562 634 ipsum
584 581 748 634 cupido
769 585 940 623 tantum
962 586 1167 636 spectare
1186 584 1365 625 vaeavit

1619 584 1677 625 40

225 648 534 703 Tranquillum
554 650 720 699 vultus,
742 654 789 690 et
807 650 1041 704 majestate
1063 662 1215 692 serena

226 715 500 758 Mulcentem
519 717 683 767 radios,
704 718 1138 771 summittentemque
1155 717 1358 760 modeste

223 846 378 887 damiam,
399 847 446 878 sic
460 847 605 878 Bacchus
618 849 758 888 opacavit
780 848 878 879 ramis
898 847 998 879 vineoe
1026 848 1124 878 nudos
1138 848 1227 879 colles
1241 851 1273 879 et
1287 848 1450 880 abstemios
1469 856 1573 887 agros.
1617 845 1680 878 Sed

224 899 285 920 non
307 890 384 921 mila·
406 893 474 921 erat
489 891 597 931 cupido
611 891 767 931 spectandi
788 891 881 932 dapes
906 894 936 922 et
962 900 1083 922 mensas
1102 890 1215 922 citreae
1240 900 1281 922 ex
1301 891 1501 922 Mauritania
1524 891 1680 930 advectas,

223 931 352 973 effultus
371 933 498 973 pedibus
511 933 663 971 eburneis,
678 937 710 964 et
731 943 886 965 servorum
912 934 1067 965 examina.
1115 934 1247 965 Tantum
1270 934 1371 964 oculos
1380 934 1469 975 fixos
1484 932 1680 965 habebamini

224 975 325 1015 ipsum
340 976 576 1018 Imperatorem,
594 976 752 1017 placidam
768 977 902 1016 sronte;
925 979 955 1007 et
969 976 1132 1008 lenientem
1147 976 1225 1009 comi
1239 975 1399 1016 maiestate
1409 977 1569 1016 fulgorem
1582 985 1681 1016 ruam,

838 1071 955 1083 cccccc

958 1070 1078 1083 eeeeee

226 1147 300 1178 vult
313 1146 428 1187 Acta-i,
450 1146 665 1189 improbante
684 1147 990 1180 Marklando.——3S
1013 1147 1162 1188 Indisque
1177 1146 1280 1180 Aldd.
1297 1147 1407 1180 Colin.
1423 1147 1558 1189 Gryph.
1572 1147 1681 1179 Basil.

227 1190 343 1222 Plant.
355 1196 482 1222 ceterae
496 1201 504 1222 :
528 1190 656 1223 Indiave
672 1195 726 1222 est
740 1201 784 1222 ex
795 1190 1037 1222 emendatione
1049 1190 1342 1223 Marklandi.—4l
1368 1191 1580 1232 Tranquillum
1594 1191 1682 1222 vulla

226 1235 279 1265 sed
294 1233 373 1264 edd.
389 1238 471 1264 vett.

517 1235 527 1251 ‘
545 1233 636 1265 Olim
665 1234 938 1271 emendaveran,
966 1234 1181 1274 Tranquillum
1202 1235 1304 1265 vultus
1317 1236 1348 1265 et
1373 1233 1544 1273 majestate,
1568 1235 1622 1275 ᾃτ.
1646 1238 1683 1264 et
1736 1255 1740 1258 -

227 1276 277 1308 ita
290 1276 484 1317 Behottius,
499 1280 650 1308 testante
666 1277 841 1309 Gronovio
854 1277 966 1309 Diatr.
981 1287 1058 1318 cap.
1074 1276 1139 1308 38!
1161 1277 1370 1309 Morka—43
1397 1277 1464 1311 Pro
1478 1280 1581 1309 tamen
1595 1277 1682 1309 Par·

887 1374 1030 1408 NOTAE

269 1453 309 1482 35
334 1451 478 1483 AEtherei
500 1451 587 1491 felix
618 1452 663 1484 sic
688 1452 791 1484 orbita
819 1451 924 1494 fluxit

228 1501 425 1542 Triptolemi]
459 1502 692 1544 Triptolemus
727 1502 797 1535 fuit
835 1502 924 1534 tilius

224 1551 320 1583 Celei
335 1556 372 1583 et
388 1552 530 1594 Hyones
545 1564 554 1592 ς
578 1563 598 1584 a
611 1553 731 1595 quibus
758 1563 836 1586 cum
862 1553 926 1585 Ce-

225 1613 279 1636 res
293 1604 442 1645 benigne
463 1605 610 1646 hospitio
636 1609 778 1646 recepta
803 1604 927 1637 fuisset

224 1654 268 1686 ad
282 1655 485 1695 Eleusinem,
497 1655 554 1687 illa
570 1656 603 1688 in
617 1655 761 1696 gratiam
777 1655 853 1696 ejus
867 1654 926 1686 be-

225 1704 351 1746 neficii,
383 1706 629 1746 Triptolemum
664 1715 779 1738 eorum
820 1704 927 1737 filium

225 1756 375 1797 conjecit
386 1755 419 1786 in
431 1755 559 1796 focum,
571 1760 621 1796 ut,
633 1762 756 1788 exusto
766 1755 927 1798 quicquid

224 1806 259 1836 in
275 1815 316 1837 eo
331 1806 477 1837 mortale
489 1811 594 1846 esset,
606 1806 803 1838 immortalis
818 1805 929 1838 fieret.

225 1856 291 1888 Sed
308 1865 386 1888 eum
402 1857 649 1899 superveniens
665 1861 775 1889 mater
787 1857 926 1897 eduxit;

225 1908 281 1939 cui
298 1907 403 1940 Ceres
434 1908 557 1950 inquit,
574 1908 687 1950 Impia
701 1918 738 1940 es
754 1909 787 1940 in
799 1907 925 1940 filium:

225 1957 252 1989 si
270 1958 358 1990 enim
374 1959 616 1999 permansisset
641 1959 676 1990 in
690 1959 782 2000 igne,
804 1958 927 1991 fuisset

225 2009 439 2041 immortalis.
483 2009 551 2040 Sed
579 2013 695 2041 tamen
710 2019 731 2041 a
745 2020 799 2041 me
821 2010 924 2041 habe-

226 2060 291 2100 bit,
307 2066 344 2092 ut
361 2061 487 2102 primus
502 2061 626 2093 doceat
642 2072 759 2094 serere
773 2061 925 2094 frumen-

226 2116 315 2143 tum:
333 2116 438 2153 atque
447 2112 494 2143 ita
507 2112 635 2144 volucri
645 2122 748 2144 curru
760 2113 925 2154 abreptus

225 2163 460 2204 Triptolemus
474 2161 590 2204 fruges
611 2173 672 2205 per
687 2163 842 2195 Atticam
859 2163 924 2195 dis-

226 2213 418 2246 seminavit.
455 2212 534 2245 Hoc
550 2223 633 2246 vero
644 2214 806 2256 loquendi
822 2214 923 2246 modo

225 2264 393 2306 Papinius
422 2264 534 2296 innuit
550 2265 726 2304 Cererem,
756 2266 791 2298 in
821 2267 924 2308 epulo

226 2315 431 2355 Domitiani,
443 2315 549 2347 tantis
572 2316 719 2357 dapibus
732 2316 923 2358 eduliisque

225 2375 388 2396 onerasse
409 2375 552 2406 mensas,
565 2370 604 2398 ut
618 2366 862 2398 abundantiam
889 2370 925 2398 et

226 2416 360 2456 copiam
369 2415 575 2447 mirarentur
586 2426 715 2456 omnes,
724 2418 812 2449 sicut
820 2416 928 2449 Athe-

225 2466 362 2497 nienses
379 2466 491 2497 mirati
506 2471 587 2498 sunt
609 2467 741 2508 copiam
757 2466 891 2508 fmgum
909 2477 929 2499 a

225 2515 440 2556 Triptolemo
452 2520 613 2550 satarum.
659 2517 760 2550 Quod
777 2517 867 2549 idem
884 2518 927 2550 de

225 2564 365 2597 Baccho
379 2564 559 2597 dicendum
574 2571 639 2598 est.
687 2567 818 2608 Orbita]
842 2568 925 2600 Cur-

227 2626 266 2647 ru
282 2615 370 2647 enim
387 2615 516 2646 volueri
536 2615 603 2647 fuit
617 2622 736 2650 vectus
751 2618 926 2659 Triptole-

225 2676 311 2698 mus.
348 2664 460 2705 Felix]
483 2666 568 2698 Quae
584 2671 739 2706 portaret
754 2666 927 2708 frugeslo-

227 2725 269 2747 co
283 2715 473 2756 glandium,
496 2715 617 2758 quibus
632 2716 726 2758 prius
742 2717 928 2750 vesceban-

226 2770 284 2798 tur
299 2765 464 2799 homines.

1020 1453 1062 1482 36
1087 1449 1212 1491 Nudos]
1237 1449 1357 1482 Nudos
1370 1454 1550 1491 antequam
1565 1448 1682 1490 palmi-

980 1506 1031 1533 tes
1047 1500 1177 1533 vitiferi
1195 1501 1393 1533 umbrarent
1409 1510 1479 1532 eos.

1022 1555 1063 1584 3⁷
1086 1551 1213 1593 Sobria]
1236 1552 1436 1592 Eleganter,
1448 1555 1528 1582 ante
1552 1549 1683 1591 planta-

981 1609 1051 1637 tam
1065 1604 1181 1636 vitem.

1023 1657 1066 1686 38
1087 1655 1214 1686 Indi-sve
1241 1654 1354 1686 innixa
1381 1653 1530 1686 columnis
1556 1653 1683 1685 Robora

983 1705 1183 1747 Maurorum]
1205 1705 1374 1745 Intelligit
1403 1713 1534 1736 mensas
1555 1704 1684 1736 citreas

983 1765 1059 1797 quae
1095 1755 1241 1797 pedibus
1275 1754 1432 1787 eburneis
1468 1753 1682 1786 sustineban-

984 1811 1052 1838 tur.

1025 1859 1067 1888 39
1091 1857 1275 1889 Famula-we
1289 1865 1329 1887 ex
1343 1855 1450 1886 ordine
1469 1854 1603 1896 turmas]
1625 1853 1681 1886 Sic

983 1908 1088 1940 Coma
1117 1906 1260 1939 Earini:
1299 1906 1310 1924 ‘
1328 1905 1569 1947 Famulumque
1603 1913 1683 1945 gre-

1004 1958 1066 1989 es.’

981 1968 1002 2000 g
1021 2010 1060 2040 41
1090 2006 1305 2048 Tranquillum
1323 2004 1428 2037 vallas
1448 2004 1569 2046 [vultu]
1591 2004 1682 2037 Gro-

978 2058 1100 2090 novius
1130 2058 1215 2099 legit
1243 2057 1347 2088 vultus
1371 2065 1415 2088 ex
1440 2055 1680 2089 emendatione

979 2109 1142 2142 Behottii.
1163 2108 1319 2140 Imitatus
1334 2112 1390 2139 est
1401 2106 1611 2139 Claudianus
1623 2106 1682 2140 lib.

979 2169 1021 2192 11.
1052 2160 1096 2192 de
1117 2159 1291 2191 Laudibus
1315 2158 1531 2191 Stilichonis:
1557 2158 1682 2191 ‘Blan-

979 2211 1024 2242 da
1051 2210 1189 2253 quidem
1213 2210 1340 2249 vultus,
1366 2208 1427 2240 sed
1449 2218 1518 2250 qua
1541 2218 1610 2241 non
1632 2212 1683 2241 te-

979 2261 1066 2292 trior
1092 2261 1160 2292 ulla
1190 2258 1366 2292 Interius!
1410 2258 1471 2291 Sic
1498 2259 1588 2291 enim
1612 2259 1682 2292 dno

979 2312 1064 2343 Mss.
1076 2321 1142 2342 non
1159 2312 1258 2343 valta.
1290 2309 1460 2350 Maiestate
1471 2319 1578 2342 serena
1593 2310 1682 2342 Mal-

977 2366 1096 2394 cenlem
1121 2360 1242 2401 radios]
1279 2360 1375 2392 Nihil
1411 2359 1680 2400 magnificentius

983 2413 1051 2445 dici
1066 2416 1182 2454 potest
1205 2411 1248 2443 de
1267 2411 1362 2453 regio
1377 2411 1484 2443 vultu.
1529 2411 1585 2443 Ita
1599 2410 1681 2444 Piu-

984 2464 1119 2495 tarchus
1139 2472 1182 2494 ex
1209 2461 1366 2503 Pompeii
1391 2461 1487 2493 vultu
1513 2464 1550 2492 et
1571 2461 1679 2493 oculis

981 2515 1124 2557 gratiam
1148 2514 1316 2555 quandam
1333 2515 1371 2544 et
1397 2520 1568 2550 venerem,
1584 2511 1680 2553 regia

982 2570 1096 2598 tamen
1121 2563 1293 2604 dignitate
1309 2566 1344 2594 et
1357 2561 1536 2604 majestate
1550 2561 1680 2594 admix-

980 2621 1062 2656 tam,
1078 2615 1242 2647 reluxisse
1258 2614 1318 2646 ait.

1007 2670 1050 2699 42
1064 2665 1374 2704 Summittentemque
1384 2664 1518 2694 modeste
1526 2663 1679 2695 Fortuna

977 2718 1095 2750 vexilla
1115 2716 1193 2758 ⁸11oe]
1214 2713 1490 2755 Elegantissime,
1504 2713 1690 2755 metaphoq

980 2778 1019 2800 ra
1034 2771 1146 2800 sumta
1157 2776 1200 2798 ex
1214 2765 1282 2797 ritu
1290 2764 1451 2798 militari:
1468 2764 1688 2807 dictumque,
