<?xml version="1.0" encoding="UTF-8"?>
<!DOCTYPE html PUBLIC "-//W3C//DTD XHTML 1.0 Transitional//EN"
    "http://www.w3.org/TR/xhtml1/DTD/xhtml1-transitional.dtd">
<html xmlns="http://www.w3.org/1999/xhtml" xml:lang="en" lang="en">
 <head>
  <title>
</title>
<meta http-equiv="Content-Type" content="text/html;charset=utf-8" />
  <meta name='ocr-system' content='tesseract 3.04.00' />
  <meta name='ocr-capabilities' content='ocr_page ocr_carea ocr_par ocr_line ocrx_word'/>
</head>
<body>
  <div class='ocr_page' id='page_1' title='image "./operaomniaexedit01statuoft_0105.png"; bbox 0 0 1800 3060; ppageno 0'>
   <div class='ocr_carea' id='block_1_1' title="bbox 621 168 1145 212">
    <p class='ocr_par' dir='ltr' id='par_1_1' title="bbox 621 168 1145 212">
     <span class='ocr_line' id='line_1_1' title="bbox 621 168 1145 212; baseline -0.004 -1"><span class='ocrx_word' id='word_1_1' title='bbox 621 179 898 212; x_wconf 71' lang='lat' dir='ltr'><strong>vavARum</strong></span> <span class='ocrx_word' id='word_1_2' title='bbox 933 178 1027 210; x_wconf 74' lang='lat' dir='ltr'><strong>mn.</strong></span> <span class='ocrx_word' id='word_1_3' title='bbox 1051 179 1084 208; x_wconf 87' lang='lat'><strong>1.</strong></span> <span class='ocrx_word' id='word_1_4' title='bbox 1102 168 1145 209; x_wconf 77' lang='lat'><strong>2.</strong></span> 
     </span>
    </p>
   </div>
   <div class='ocr_carea' id='block_1_2' title="bbox 155 273 1330 667">
    <p class='ocr_par' dir='ltr' id='par_1_2' title="bbox 155 273 1330 667">
     <span class='ocr_line' id='line_1_2' title="bbox 165 273 1230 331; baseline -0.006 -11"><span class='ocrx_word' id='word_1_5' title='bbox 165 277 384 320; x_wconf 78' lang='lat' dir='ltr'><strong>Theseum</strong></span> <span class='ocrx_word' id='word_1_6' title='bbox 399 275 534 331; x_wconf 82' lang='lat' dir='ltr'><strong>juxta</strong></span> <span class='ocrx_word' id='word_1_7' title='bbox 551 274 669 316; x_wconf 85' lang='lat' dir='ltr'><strong>foret</strong></span> <span class='ocrx_word' id='word_1_8' title='bbox 685 275 782 317; x_wconf 86' lang='lat' dir='ltr'><strong>haec</strong></span> <span class='ocrx_word' id='word_1_9' title='bbox 802 278 1048 327; x_wconf 86' lang='lat' dir='ltr'><strong>conspecta</strong></span> <span class='ocrx_word' id='word_1_10' title='bbox 1069 273 1230 322; x_wconf 82' lang='lat' dir='ltr'><strong>cubile,</strong></span> 
     </span>
     <span class='ocr_line' id='line_1_3' title="bbox 158 341 1296 396; baseline -0.004 -11"><span class='ocrx_word' id='word_1_11' title='bbox 158 342 364 387; x_wconf 83' lang='lat' dir='ltr'><strong>Gnosida</strong></span> <span class='ocrx_word' id='word_1_12' title='bbox 383 342 599 384; x_wconf 83' lang='lat' dir='ltr'><strong>desertam</strong></span> <span class='ocrx_word' id='word_1_13' title='bbox 623 341 838 396; x_wconf 84' lang='lat' dir='ltr'><strong>profugus</strong></span> <span class='ocrx_word' id='word_1_14' title='bbox 857 341 1069 395; x_wconf 85' lang='lat' dir='ltr'><strong>liquisset</strong></span> <span class='ocrx_word' id='word_1_15' title='bbox 1089 345 1135 382; x_wconf 87' lang='lat' dir='ltr'><strong>et</strong></span> <span class='ocrx_word' id='word_1_16' title='bbox 1154 341 1296 382; x_wconf 85' lang='lat' dir='ltr'><strong>Evau.</strong></span> 
     </span>
     <span class='ocr_line' id='line_1_4' title="bbox 158 409 1271 464; baseline -0.004 -11"><span class='ocrx_word' id='word_1_17' title='bbox 158 410 294 464; x_wconf 80' lang='lat' dir='ltr'><strong>Quod</strong></span> <span class='ocrx_word' id='word_1_18' title='bbox 313 411 397 452; x_wconf 90' lang='lat' dir='ltr'><strong>nisi</strong></span> <span class='ocrx_word' id='word_1_19' title='bbox 416 423 486 451; x_wconf 90' lang='lat' dir='ltr'><strong>me</strong></span> <span class='ocrx_word' id='word_1_20' title='bbox 506 410 650 462; x_wconf 82' lang='lat' dir='ltr'><strong>longis</strong></span> <span class='ocrx_word' id='word_1_21' title='bbox 670 409 898 462; x_wconf 84' lang='lat' dir='ltr'><strong>placasset</strong></span> <span class='ocrx_word' id='word_1_22' title='bbox 918 409 944 450; x_wconf 86' lang='lat' dir='ltr'>J</span> <span class='ocrx_word' id='word_1_23' title='bbox 951 422 1039 450; x_wconf 92' lang='lat' dir='ltr'><strong>uno</strong></span> <span class='ocrx_word' id='word_1_24' title='bbox 1062 409 1271 463; x_wconf 80' lang='lat' dir='ltr'><strong>querelis,</strong></span> 
     </span>
     <span class='ocr_line' id='line_1_5' title="bbox 157 476 1261 531; baseline -0.002 -11"><span class='ocrx_word' id='word_1_25' title='bbox 157 477 320 520; x_wconf 86' lang='lat' dir='ltr'><strong>Falsus</strong></span> <span class='ocrx_word' id='word_1_26' title='bbox 338 477 439 518; x_wconf 85' lang='lat' dir='ltr'><strong>hnic</strong></span> <span class='ocrx_word' id='word_1_27' title='bbox 459 489 631 531; x_wconf 88' lang='lat' dir='ltr'><strong>pennas</strong></span> <span class='ocrx_word' id='word_1_28' title='bbox 650 481 694 517; x_wconf 90' lang='lat' dir='ltr'><strong>et</strong></span> <span class='ocrx_word' id='word_1_29' title='bbox 714 488 879 517; x_wconf 89' lang='lat' dir='ltr'><strong>cornua</strong></span> <span class='ocrx_word' id='word_1_30' title='bbox 900 476 1091 517; x_wconf 81' lang='lat' dir='ltr'><strong>sumeret</strong></span> <span class='ocrx_word' id='word_1_31' title='bbox 1112 476 1261 518; x_wconf 84' lang='lat' dir='ltr'><strong>aethrae</strong></span> 
     </span>
     <span class='ocr_line' id='line_1_6' title="bbox 157 543 1251 598; baseline -0.002 -10"><span class='ocrx_word' id='word_1_32' title='bbox 157 545 341 594; x_wconf 81' lang='lat' dir='ltr'><strong>Rector,</strong></span> <span class='ocrx_word' id='word_1_33' title='bbox 363 545 406 585; x_wconf 90' lang='lat' dir='ltr'><strong>in</strong></span> <span class='ocrx_word' id='word_1_34' title='bbox 425 544 534 586; x_wconf 89' lang='lat' dir='ltr'><strong>hanc</strong></span> <span class='ocrx_word' id='word_1_35' title='bbox 555 556 657 585; x_wconf 87' lang='lat' dir='ltr'><strong>vero</strong></span> <span class='ocrx_word' id='word_1_36' title='bbox 677 543 916 585; x_wconf 87' lang='lat' dir='ltr'><strong>cecidisset</strong></span> <span class='ocrx_word' id='word_1_37' title='bbox 934 543 1113 598; x_wconf 85' lang='lat' dir='ltr'><strong>Jupiter</strong></span> <span class='ocrx_word' id='word_1_38' title='bbox 1131 557 1251 586; x_wconf 90' lang='lat' dir='ltr'><strong>auro.</strong></span> 
     </span>
     <span class='ocr_line' id='line_1_7' title="bbox 155 611 1330 667; baseline -0.001 -12"><span class='ocrx_word' id='word_1_39' title='bbox 155 611 243 655; x_wconf 78' lang='lat' dir='ltr'><strong>Sed</strong></span> <span class='ocrx_word' id='word_1_40' title='bbox 263 612 437 654; x_wconf 88' lang='lat' dir='ltr'><strong>dabitur</strong></span> <span class='ocrx_word' id='word_1_41' title='bbox 450 611 621 666; x_wconf 86' lang='lat' dir='ltr'><strong>juveni,</strong></span> <span class='ocrx_word' id='word_1_42' title='bbox 641 612 712 652; x_wconf 89' lang='lat' dir='ltr'><strong>cui</strong></span> <span class='ocrx_word' id='word_1_43' title='bbox 733 616 796 662; x_wconf 85' lang='lat' dir='ltr'><strong>tu,</strong></span> <span class='ocrx_word' id='word_1_44' title='bbox 818 624 919 653; x_wconf 88' lang='lat' dir='ltr'><strong>mea</strong></span> <span class='ocrx_word' id='word_1_45' title='bbox 940 625 1112 653; x_wconf 88' lang='lat' dir='ltr'><strong>summa</strong></span> <span class='ocrx_word' id='word_1_46' title='bbox 1131 616 1330 667; x_wconf 87' lang='lat' dir='ltr'><strong>potestas</strong></span> 
     </span>
    </p>
   </div>
   <div class='ocr_carea' id='block_1_3' title="bbox 151 754 1613 926">
    <p class='ocr_par' dir='ltr' id='par_1_3' title="bbox 151 754 1613 926">
     <span class='ocr_line' id='line_1_8' title="bbox 151 754 1613 796; baseline 0 -9"><span class='ocrx_word' id='word_1_47' title='bbox 151 764 248 796; x_wconf 73' lang='lat' dir='ltr'><strong>prope</strong></span> <span class='ocrx_word' id='word_1_48' title='bbox 269 755 380 787; x_wconf 65' lang='lat' dir='ltr'><strong>leem</strong></span> <span class='ocrx_word' id='word_1_49' title='bbox 402 755 523 795; x_wconf 73' lang='lat' dir='ltr'><strong>Thesei,</strong></span> <span class='ocrx_word' id='word_1_50' title='bbox 547 754 691 786; x_wconf 65' lang='lat' dir='ltr'><strong>Bacchus</strong></span> <span class='ocrx_word' id='word_1_51' title='bbox 712 754 903 796; x_wconf 67' lang='lat' dir='ltr'><strong>profugisset</strong></span> <span class='ocrx_word' id='word_1_52' title='bbox 926 764 994 786; x_wconf 69' lang='lat' dir='ltr'><strong>cum</strong></span> <span class='ocrx_word' id='word_1_53' title='bbox 1019 765 1056 786; x_wconf 80' lang='lat' dir='ltr'><strong>ea</strong></span> <span class='ocrx_word' id='word_1_54' title='bbox 1080 758 1110 787; x_wconf 74' lang='lat' dir='ltr'><strong>et</strong></span> <span class='ocrx_word' id='word_1_55' title='bbox 1132 754 1275 795; x_wconf 71' lang='lat' dir='ltr'><strong>liquisset</strong></span> <span class='ocrx_word' id='word_1_56' title='bbox 1301 756 1495 795; x_wconf 74' lang='lat' dir='ltr'><strong>Cretensem,</strong></span> <span class='ocrx_word' id='word_1_57' title='bbox 1520 765 1613 796; x_wconf 73' lang='lat' dir='ltr'><strong>quant</strong></span> 
     </span>
     <span class='ocr_line' id='line_1_9' title="bbox 157 798 1613 839; baseline 0.001 -10"><span class='ocrx_word' id='word_1_58' title='bbox 157 798 290 830; x_wconf 73' lang='lat' dir='ltr'><strong>Theseus</strong></span> <span class='ocrx_word' id='word_1_59' title='bbox 302 799 490 830; x_wconf 68' lang='lat' dir='ltr'><strong>deseruerat.</strong></span> <span class='ocrx_word' id='word_1_60' title='bbox 536 798 628 834; x_wconf 78' lang='lat' dir='ltr'><strong>Quod</strong></span> <span class='ocrx_word' id='word_1_61' title='bbox 641 798 704 829; x_wconf 76' lang='lat' dir='ltr'><strong>nisi</strong></span> <span class='ocrx_word' id='word_1_62' title='bbox 718 808 765 829; x_wconf 87' lang='lat' dir='ltr'><strong>me</strong></span> <span class='ocrx_word' id='word_1_63' title='bbox 785 799 871 830; x_wconf 71' lang='lat' dir='ltr'><strong>Jeno</strong></span> <span class='ocrx_word' id='word_1_64' title='bbox 894 798 1031 829; x_wconf 71' lang='lat' dir='ltr'><strong>leniissee</strong></span> <span class='ocrx_word' id='word_1_65' title='bbox 1046 798 1148 837; x_wconf 72' lang='lat' dir='ltr'><strong>longia</strong></span> <span class='ocrx_word' id='word_1_66' title='bbox 1161 798 1306 838; x_wconf 73' lang='lat' dir='ltr'><strong>querelis,</strong></span> <span class='ocrx_word' id='word_1_67' title='bbox 1322 798 1453 839; x_wconf 72' lang='lat' dir='ltr'><strong>Jupiter</strong></span> <span class='ocrx_word' id='word_1_68' title='bbox 1470 807 1529 831; x_wconf 76' lang='lat' dir='ltr'><strong>rex</strong></span> <span class='ocrx_word' id='word_1_69' title='bbox 1543 799 1613 830; x_wconf 83' lang='lat' dir='ltr'><strong>coeli</strong></span> 
     </span>
     <span class='ocr_line' id='line_1_10' title="bbox 151 840 1612 882; baseline 0 -10"><span class='ocrx_word' id='word_1_70' title='bbox 151 849 210 882; x_wconf 78' lang='lat' dir='ltr'><strong>pro</strong></span> <span class='ocrx_word' id='word_1_71' title='bbox 228 840 285 872; x_wconf 72' lang='lat' dir='ltr'><strong>iun</strong></span> <span class='ocrx_word' id='word_1_72' title='bbox 295 841 421 880; x_wconf 65' lang='lat' dir='ltr'><strong>cepisset</strong></span> <span class='ocrx_word' id='word_1_73' title='bbox 428 840 531 878; x_wconf 69' lang='lat' dir='ltr'><strong>salsas</strong></span> <span class='ocrx_word' id='word_1_74' title='bbox 543 841 610 872; x_wconf 66' lang='lat' dir='ltr'><strong>ala,</strong></span> <span class='ocrx_word' id='word_1_75' title='bbox 624 844 655 872; x_wconf 77' lang='lat' dir='ltr'><strong>et</strong></span> <span class='ocrx_word' id='word_1_76' title='bbox 671 850 796 880; x_wconf 76' lang='lat' dir='ltr'><strong>cornua,</strong></span> <span class='ocrx_word' id='word_1_77' title='bbox 810 845 839 872; x_wconf 80' lang='lat' dir='ltr'><strong>et</strong></span> <span class='ocrx_word' id='word_1_78' title='bbox 865 843 899 872; x_wconf 79' lang='lat' dir='ltr'><strong>in</strong></span> <span class='ocrx_word' id='word_1_79' title='bbox 913 841 991 872; x_wconf 72' lang='lat' dir='ltr'><strong>hanc</strong></span> <span class='ocrx_word' id='word_1_80' title='bbox 1007 841 1135 881; x_wconf 76' lang='lat' dir='ltr'><strong>illapsus</strong></span> <span class='ocrx_word' id='word_1_81' title='bbox 1159 844 1239 872; x_wconf 70' lang='lat' dir='ltr'><strong>esset</strong></span> <span class='ocrx_word' id='word_1_82' title='bbox 1261 851 1423 872; x_wconf 76' lang='lat' dir='ltr'><strong>conversus</strong></span> <span class='ocrx_word' id='word_1_83' title='bbox 1447 842 1480 872; x_wconf 77' lang='lat' dir='ltr'><strong>in</strong></span> <span class='ocrx_word' id='word_1_84' title='bbox 1505 850 1612 873; x_wconf 75' lang='lat' dir='ltr'><strong>rerum</strong></span> 
     </span>
     <span class='ocr_line' id='line_1_11' title="bbox 153 883 1611 926; baseline 0.001 -12"><span class='ocrx_word' id='word_1_85' title='bbox 153 891 275 915; x_wconf 72' lang='grc' dir='ltr'><strong>«ιν-ιιι.</strong></span> <span class='ocrx_word' id='word_1_86' title='bbox 305 883 367 915; x_wconf 75' lang='lat' dir='ltr'><strong>Sed</strong></span> <span class='ocrx_word' id='word_1_87' title='bbox 380 884 524 915; x_wconf 74' lang='lat' dir='ltr'><strong>tradetur</strong></span> <span class='ocrx_word' id='word_1_88' title='bbox 536 883 658 924; x_wconf 72' lang='lat' dir='ltr'><strong>juveni,</strong></span> <span class='ocrx_word' id='word_1_89' title='bbox 680 884 741 922; x_wconf 78' lang='lat' dir='ltr'><strong>cui,</strong></span> <span class='ocrx_word' id='word_1_90' title='bbox 764 887 811 924; x_wconf 75' lang='lat' dir='ltr'><strong>ta,</strong></span> <span class='ocrx_word' id='word_1_91' title='bbox 822 884 894 926; x_wconf 81' lang='lat' dir='ltr'><strong>fili,</strong></span> <span class='ocrx_word' id='word_1_92' title='bbox 915 893 990 915; x_wconf 78' lang='lat' dir='ltr'><strong>meae</strong></span> <span class='ocrx_word' id='word_1_93' title='bbox 1004 883 1101 924; x_wconf 73' lang='lat' dir='ltr'><strong>vires,</strong></span> <span class='ocrx_word' id='word_1_94' title='bbox 1115 887 1244 924; x_wconf 67' lang='lat' dir='ltr'><strong>exoptas</strong></span> <span class='ocrx_word' id='word_1_95' title='bbox 1259 884 1368 916; x_wconf 78' lang='lat' dir='ltr'><strong>illam.-</strong></span> <span class='ocrx_word' id='word_1_96' title='bbox 1393 884 1466 915; x_wconf 73' lang='lat' dir='ltr'><strong>licet</strong></span> <span class='ocrx_word' id='word_1_97' title='bbox 1480 894 1611 916; x_wconf 79' lang='lat' dir='ltr'><strong>moerens</strong></span> 
     </span>
    </p>
   </div>
   <div class='ocr_carea' id='block_1_4' title="bbox 761 989 999 1002">
    <p class='ocr_par' dir='ltr' id='par_1_4' title="bbox 761 989 999 1002">
     <span class='ocr_line' id='line_1_12' title="bbox 761 989 999 1002; baseline 0 0"><span class='ocrx_word' id='word_1_98' title='bbox 761 989 999 1002; x_wconf 57' lang='lat' dir='ltr'><strong>“OOONJOOOO</strong></span> 
     </span>
    </p>
   </div>
   <div class='ocr_carea' id='block_1_5' title="bbox 150 1065 1612 1365">
    <p class='ocr_par' dir='ltr' id='par_1_5' title="bbox 150 1065 1612 1365">
     <span class='ocr_line' id='line_1_13' title="bbox 150 1065 1611 1108; baseline 0.001 -10"><span class='ocrx_word' id='word_1_99' title='bbox 150 1065 230 1098; x_wconf 78' lang='lat' dir='ltr'><strong>bilis</strong></span> <span class='ocrx_word' id='word_1_100' title='bbox 249 1065 412 1098; x_wconf 79' lang='lat' dir='ltr'><strong>videatur.</strong></span> <span class='ocrx_word' id='word_1_101' title='bbox 429 1066 565 1108; x_wconf 83' lang='lat' dir='ltr'><strong>Reliqui</strong></span> <span class='ocrx_word' id='word_1_102' title='bbox 580 1076 697 1099; x_wconf 85' lang='lat' dir='ltr'><strong>omnes</strong></span> <span class='ocrx_word' id='word_1_103' title='bbox 715 1067 889 1108; x_wconf 79' lang='lat' dir='ltr'><strong>vulgatum</strong></span> <span class='ocrx_word' id='word_1_104' title='bbox 905 1067 1058 1099; x_wconf 83' lang='lat' dir='ltr'><strong>ordinem</strong></span> <span class='ocrx_word' id='word_1_105' title='bbox 1076 1070 1227 1099; x_wconf 81' lang='lat' dir='ltr'><strong>servant.</strong></span> <span class='ocrx_word' id='word_1_106' title='bbox 1252 1065 1403 1107; x_wconf 72' lang='lat' dir='ltr'><strong>Daphnes</strong></span> <span class='ocrx_word' id='word_1_107' title='bbox 1418 1066 1516 1098; x_wconf 85' lang='lat' dir='ltr'><strong>Vatt.</strong></span> <span class='ocrx_word' id='word_1_108' title='bbox 1529 1068 1562 1098; x_wconf 75' lang='lat'><strong>3.</strong></span> <span class='ocrx_word' id='word_1_109' title='bbox 1577 1068 1611 1099; x_wconf 77' lang='grc'><strong>4.</strong></span> 
     </span>
     <span class='ocr_line' id='line_1_14' title="bbox 151 1108 1612 1151; baseline -0.001 -9"><span class='ocrx_word' id='word_1_110' title='bbox 151 1109 249 1142; x_wconf 84' lang='lat' dir='ltr'><strong>Urat.</strong></span> <span class='ocrx_word' id='word_1_111' title='bbox 263 1114 301 1141; x_wconf 83' lang='lat' dir='ltr'><strong>et</strong></span> <span class='ocrx_word' id='word_1_112' title='bbox 314 1108 438 1142; x_wconf 85' lang='lat' dir='ltr'><strong>Venet.</strong></span> <span class='ocrx_word' id='word_1_113' title='bbox 454 1113 486 1142; x_wconf 91' lang='lat' dir='ltr'><strong>l.</strong></span> <span class='ocrx_word' id='word_1_114' title='bbox 503 1110 637 1151; x_wconf 77' lang='lat' dir='ltr'><strong>Daphne</strong></span> <span class='ocrx_word' id='word_1_115' title='bbox 651 1111 747 1142; x_wconf 86' lang='lat' dir='ltr'><strong>Vatt.</strong></span> <span class='ocrx_word' id='word_1_116' title='bbox 758 1113 789 1142; x_wconf 89' lang='lat'><strong>1.</strong></span> <span class='ocrx_word' id='word_1_117' title='bbox 800 1113 832 1142; x_wconf 83' lang='lat'><strong>2.</strong></span> <span class='ocrx_word' id='word_1_118' title='bbox 848 1109 947 1142; x_wconf 89' lang='lat' dir='ltr'><strong>Leid.</strong></span> <span class='ocrx_word' id='word_1_119' title='bbox 959 1115 994 1142; x_wconf 86' lang='lat' dir='ltr'><strong>et</strong></span> <span class='ocrx_word' id='word_1_120' title='bbox 1006 1110 1196 1142; x_wconf 65' lang='lat' dir='ltr'><strong>Pan—1³3</strong></span> <span class='ocrx_word' id='word_1_121' title='bbox 1222 1110 1335 1141; x_wconf 75' lang='lat' dir='ltr'><strong>Euhan</strong></span> <span class='ocrx_word' id='word_1_122' title='bbox 1352 1109 1451 1140; x_wconf 87' lang='lat' dir='ltr'><strong>Rom.</strong></span> <span class='ocrx_word' id='word_1_123' title='bbox 1467 1109 1612 1140; x_wconf 88' lang='lat' dir='ltr'><strong>Venett.</strong></span> 
     </span>
     <span class='ocr_line' id='line_1_15' title="bbox 150 1152 1611 1189; baseline -0.001 -5"><span class='ocrx_word' id='word_1_124' title='bbox 150 1154 184 1184; x_wconf 83' lang='lat'><strong>2.</strong></span> <span class='ocrx_word' id='word_1_125' title='bbox 209 1155 242 1184; x_wconf 73' lang='lat'><strong>8.</strong></span> <span class='ocrx_word' id='word_1_126' title='bbox 269 1155 302 1184; x_wconf 76' lang='lat'><strong>4.</strong></span> <span class='ocrx_word' id='word_1_127' title='bbox 321 1156 357 1184; x_wconf 83' lang='lat' dir='ltr'><strong>et</strong></span> <span class='ocrx_word' id='word_1_128' title='bbox 382 1152 478 1185; x_wconf 89' lang='lat' dir='ltr'><strong>Leid.</strong></span> <span class='ocrx_word' id='word_1_129' title='bbox 503 1153 616 1184; x_wconf 70' lang='lat' dir='ltr'><strong>Euahn</strong></span> <span class='ocrx_word' id='word_1_130' title='bbox 642 1153 881 1185; x_wconf 63' lang='lat' dir='ltr'><strong>vicent—134</strong></span> <span class='ocrx_word' id='word_1_131' title='bbox 906 1153 997 1189; x_wconf 75' lang='lat' dir='ltr'><strong>Quod</strong></span> <span class='ocrx_word' id='word_1_132' title='bbox 1018 1153 1081 1185; x_wconf 80' lang='lat' dir='ltr'><strong>nisi</strong></span> <span class='ocrx_word' id='word_1_133' title='bbox 1101 1163 1156 1184; x_wconf 70' lang='lat' dir='ltr'><strong>uec</strong></span> <span class='ocrx_word' id='word_1_134' title='bbox 1177 1152 1303 1183; x_wconf 85' lang='lat' dir='ltr'><strong>Venet.</strong></span> <span class='ocrx_word' id='word_1_135' title='bbox 1332 1154 1471 1183; x_wconf 84' lang='grc'><strong>1.-135</strong></span> <span class='ocrx_word' id='word_1_136' title='bbox 1498 1152 1611 1183; x_wconf 80' lang='lat' dir='ltr'><strong>Falsas</strong></span> 
     </span>
     <span class='ocr_line' id='line_1_16' title="bbox 151 1194 1610 1235; baseline -0.001 -9"><span class='ocrx_word' id='word_1_137' title='bbox 151 1195 251 1227; x_wconf 83' lang='lat' dir='ltr'><strong>codd.</strong></span> <span class='ocrx_word' id='word_1_138' title='bbox 266 1204 344 1226; x_wconf 87' lang='lat' dir='ltr'><strong>cum</strong></span> <span class='ocrx_word' id='word_1_139' title='bbox 358 1195 483 1227; x_wconf 77' lang='lat' dir='ltr'><strong>venet.</strong></span> <span class='ocrx_word' id='word_1_140' title='bbox 501 1198 532 1226; x_wconf 86' lang='lat'><strong>1.</strong></span> <span class='ocrx_word' id='word_1_141' title='bbox 547 1196 644 1227; x_wconf 84' lang='lat' dir='ltr'><strong>Rom.</strong></span> <span class='ocrx_word' id='word_1_142' title='bbox 662 1196 775 1227; x_wconf 89' lang='lat' dir='ltr'><strong>Parm.</strong></span> <span class='ocrx_word' id='word_1_143' title='bbox 793 1196 889 1227; x_wconf 86' lang='lat' dir='ltr'><strong>Brix.</strong></span> <span class='ocrx_word' id='word_1_144' title='bbox 905 1201 941 1227; x_wconf 88' lang='lat' dir='ltr'><strong>et</strong></span> <span class='ocrx_word' id='word_1_145' title='bbox 957 1196 1093 1227; x_wconf 87' lang='lat' dir='ltr'><strong>Vicent.</strong></span> <span class='ocrx_word' id='word_1_146' title='bbox 1109 1195 1182 1226; x_wconf 75' lang='lat' dir='ltr'><strong>ltine</strong></span> <span class='ocrx_word' id='word_1_147' title='bbox 1192 1205 1297 1235; x_wconf 80' lang='lat' dir='ltr'><strong>poenas</strong></span> <span class='ocrx_word' id='word_1_148' title='bbox 1312 1195 1416 1226; x_wconf 88' lang='lat' dir='ltr'><strong>etiam</strong></span> <span class='ocrx_word' id='word_1_149' title='bbox 1434 1194 1467 1225; x_wconf 86' lang='lat' dir='ltr'><strong>in</strong></span> <span class='ocrx_word' id='word_1_150' title='bbox 1484 1194 1610 1226; x_wconf 83' lang='lat' dir='ltr'><strong>Venet.</strong></span> 
     </span>
     <span class='ocr_line' id='line_1_17' title="bbox 153 1237 1611 1278; baseline -0.001 -9"><span class='ocrx_word' id='word_1_151' title='bbox 153 1241 185 1269; x_wconf 91' lang='lat' dir='ltr'><strong>l.</strong></span> <span class='ocrx_word' id='word_1_152' title='bbox 210 1237 321 1270; x_wconf 69' lang='lat' dir='ltr'><strong>Falsus</strong></span> <span class='ocrx_word' id='word_1_153' title='bbox 341 1237 451 1269; x_wconf 83' lang='lat' dir='ltr'><strong>codex</strong></span> <span class='ocrx_word' id='word_1_154' title='bbox 475 1237 673 1270; x_wconf 85' lang='lat' dir='ltr'><strong>Drackenb.</strong></span> <span class='ocrx_word' id='word_1_155' title='bbox 699 1248 775 1270; x_wconf 88' lang='lat' dir='ltr'><strong>cum</strong></span> <span class='ocrx_word' id='word_1_156' title='bbox 802 1238 906 1270; x_wconf 87' lang='lat' dir='ltr'><strong>Aldd.</strong></span> <span class='ocrx_word' id='word_1_157' title='bbox 931 1241 962 1270; x_wconf 92' lang='lat'><strong>1.</strong></span> <span class='ocrx_word' id='word_1_158' title='bbox 987 1241 1020 1270; x_wconf 82' lang='lat'><strong>2.</strong></span> <span class='ocrx_word' id='word_1_159' title='bbox 1045 1238 1154 1270; x_wconf 88' lang='lat' dir='ltr'><strong>Colin.</strong></span> <span class='ocrx_word' id='word_1_160' title='bbox 1177 1237 1311 1278; x_wconf 83' lang='lat' dir='ltr'><strong>Gryph.</strong></span> <span class='ocrx_word' id='word_1_161' title='bbox 1340 1239 1371 1268; x_wconf 92' lang='lat'><strong>1.</strong></span> <span class='ocrx_word' id='word_1_162' title='bbox 1386 1239 1417 1267; x_wconf 79' lang='lat'><strong>2.</strong></span> <span class='ocrx_word' id='word_1_163' title='bbox 1435 1238 1611 1269; x_wconf 60' lang='lat' dir='ltr'><strong>&amp;cm—136</strong></span> 
     </span>
     <span class='ocr_line' id='line_1_18' title="bbox 152 1279 1610 1321; baseline -0.001 -10"><span class='ocrx_word' id='word_1_164' title='bbox 152 1280 270 1311; x_wconf 71' lang='lat' dir='ltr'><strong>flector</strong></span> <span class='ocrx_word' id='word_1_165' title='bbox 283 1280 315 1311; x_wconf 74' lang='lat' dir='ltr'><strong>in</strong></span> <span class='ocrx_word' id='word_1_166' title='bbox 326 1280 405 1311; x_wconf 73' lang='lat' dir='ltr'><strong>hanc</strong></span> <span class='ocrx_word' id='word_1_167' title='bbox 417 1281 479 1311; x_wconf 81' lang='lat' dir='ltr'><strong>alio</strong></span> <span class='ocrx_word' id='word_1_168' title='bbox 493 1281 584 1321; x_wconf 89' lang='lat' dir='ltr'><strong>conj.</strong></span> <span class='ocrx_word' id='word_1_169' title='bbox 601 1280 794 1312; x_wconf 83' lang='lat' dir='ltr'><strong>Markland.</strong></span> <span class='ocrx_word' id='word_1_170' title='bbox 810 1282 862 1312; x_wconf 83' lang='lat' dir='ltr'><strong>vel</strong></span> <span class='ocrx_word' id='word_1_171' title='bbox 879 1281 983 1320; x_wconf 75' lang='lat' dir='ltr'><strong>salto,</strong></span> <span class='ocrx_word' id='word_1_172' title='bbox 997 1282 1051 1312; x_wconf 84' lang='lat' dir='ltr'><strong>vel</strong></span> <span class='ocrx_word' id='word_1_173' title='bbox 1072 1280 1202 1321; x_wconf 64' lang='lat' dir='ltr'><strong>pluam,-</strong></span> <span class='ocrx_word' id='word_1_174' title='bbox 1235 1280 1380 1311; x_wconf 84' lang='lat' dir='ltr'><strong>Lenzius</strong></span> <span class='ocrx_word' id='word_1_175' title='bbox 1406 1279 1495 1320; x_wconf 87' lang='lat' dir='ltr'><strong>conj.</strong></span> <span class='ocrx_word' id='word_1_176' title='bbox 1524 1289 1610 1318; x_wconf 82' lang='lat' dir='ltr'><strong>raro,</strong></span> 
     </span>
     <span class='ocr_line' id='line_1_19' title="bbox 150 1322 1611 1365; baseline 0 -11"><span class='ocrx_word' id='word_1_177' title='bbox 150 1323 207 1356; x_wconf 79' lang='lat' dir='ltr'><strong>vel</strong></span> <span class='ocrx_word' id='word_1_178' title='bbox 231 1323 293 1354; x_wconf 71' lang='lat' dir='ltr'><strong>ado</strong></span> <span class='ocrx_word' id='word_1_179' title='bbox 302 1332 317 1361; x_wconf 88' lang='lat'><strong>,·</strong></span> <span class='ocrx_word' id='word_1_180' title='bbox 351 1323 492 1356; x_wconf 73' lang='lat' dir='ltr'><strong>Jacobs.</strong></span> <span class='ocrx_word' id='word_1_181' title='bbox 523 1333 603 1365; x_wconf 80' lang='lat' dir='ltr'><strong>puro</strong></span> <span class='ocrx_word' id='word_1_182' title='bbox 613 1333 624 1361; x_wconf 91' lang='lat'><strong>,·</strong></span> <span class='ocrx_word' id='word_1_183' title='bbox 660 1324 875 1356; x_wconf 70' lang='lat' dir='ltr'><strong>Burmannus</strong></span> <span class='ocrx_word' id='word_1_184' title='bbox 903 1325 1030 1356; x_wconf 71' lang='lat' dir='ltr'><strong>iterum.</strong></span> <span class='ocrx_word' id='word_1_185' title='bbox 1067 1324 1152 1355; x_wconf 82' lang='lat' dir='ltr'><strong>Post</strong></span> <span class='ocrx_word' id='word_1_186' title='bbox 1179 1323 1294 1354; x_wconf 72' lang='lat' dir='ltr'><strong>Rector</strong></span> <span class='ocrx_word' id='word_1_187' title='bbox 1324 1322 1480 1354; x_wconf 86' lang='lat' dir='ltr'><strong>Handius</strong></span> <span class='ocrx_word' id='word_1_188' title='bbox 1511 1322 1611 1364; x_wconf 84' lang='lat' dir='ltr'><strong>pouit</strong></span> 
     </span>
    </p>
   </div>
   <div class='ocr_carea' id='block_1_6' title="bbox 808 1431 949 1464">
    <p class='ocr_par' dir='ltr' id='par_1_6' title="bbox 808 1431 949 1464">
     <span class='ocr_line' id='line_1_20' title="bbox 808 1431 949 1464; baseline 0 0"><span class='ocrx_word' id='word_1_189' title='bbox 808 1431 949 1464; x_wconf 74' lang='lat' dir='ltr'>NOTAE</span> 
     </span>
    </p>
   </div>
   <div class='ocr_carea' id='block_1_7' title="bbox 141 1505 852 2758">
    <p class='ocr_par' dir='ltr' id='par_1_7' title="bbox 141 1505 852 2758">
     <span class='ocr_line' id='line_1_21' title="bbox 151 1505 848 1538; baseline 0 0"><span class='ocrx_word' id='word_1_190' title='bbox 151 1515 227 1538; x_wconf 86' lang='lat' dir='ltr'><strong>rum</strong></span> <span class='ocrx_word' id='word_1_191' title='bbox 250 1515 426 1538; x_wconf 81' lang='lat' dir='ltr'><strong>conversa.</strong></span> <span class='ocrx_word' id='word_1_192' title='bbox 469 1505 559 1538; x_wconf 85' lang='lat' dir='ltr'><strong>Vide</strong></span> <span class='ocrx_word' id='word_1_193' title='bbox 587 1505 692 1537; x_wconf 80' lang='lat' dir='ltr'><strong>Ovid.</strong></span> <span class='ocrx_word' id='word_1_194' title='bbox 714 1505 804 1537; x_wconf 85' lang='lat' dir='ltr'><strong>Met.</strong></span> <span class='ocrx_word' id='word_1_195' title='bbox 822 1514 848 1538; x_wconf 90' lang='lat'><strong>1.</strong></span> 
     </span>
     <span class='ocr_line' id='line_1_22' title="bbox 151 1554 850 1597; baseline -0.003 -8"><span class='ocrx_word' id='word_1_196' title='bbox 151 1555 284 1597; x_wconf 72' lang='lat' dir='ltr'><strong>Secum]</strong></span> <span class='ocrx_word' id='word_1_197' title='bbox 307 1556 384 1588; x_wconf 80' lang='lat' dir='ltr'><strong>Non</strong></span> <span class='ocrx_word' id='word_1_198' title='bbox 397 1557 487 1588; x_wconf 87' lang='lat' dir='ltr'><strong>enim</strong></span> <span class='ocrx_word' id='word_1_199' title='bbox 508 1556 596 1587; x_wconf 87' lang='lat' dir='ltr'><strong>hanc</strong></span> <span class='ocrx_word' id='word_1_200' title='bbox 611 1556 787 1588; x_wconf 85' lang='lat' dir='ltr'><strong>insecutus</strong></span> <span class='ocrx_word' id='word_1_201' title='bbox 798 1554 850 1587; x_wconf 85' lang='lat' dir='ltr'><strong>fn-</strong></span> 
     </span>
     <span class='ocr_line' id='line_1_23' title="bbox 150 1605 852 1647; baseline -0.001 -9"><span class='ocrx_word' id='word_1_202' title='bbox 150 1607 235 1639; x_wconf 79' lang='lat' dir='ltr'><strong>isset</strong></span> <span class='ocrx_word' id='word_1_203' title='bbox 260 1606 400 1647; x_wconf 81' lang='lat' dir='ltr'><strong>Apollo,</strong></span> <span class='ocrx_word' id='word_1_204' title='bbox 431 1605 492 1637; x_wconf 84' lang='lat' dir='ltr'><strong>sed</strong></span> <span class='ocrx_word' id='word_1_205' title='bbox 521 1606 766 1638; x_wconf 84' lang='lat' dir='ltr'><strong>Violantillam.</strong></span> <span class='ocrx_word' id='word_1_206' title='bbox 810 1606 852 1637; x_wconf 79' lang='grc' dir='ltr'><strong>Ιιι</strong></span> 
     </span>
     <span class='ocr_line' id='line_1_24' title="bbox 149 1657 852 1697; baseline -0.003 -7"><span class='ocrx_word' id='word_1_207' title='bbox 149 1659 256 1690; x_wconf 68' lang='lat' dir='ltr'><strong>littore</strong></span> <span class='ocrx_word' id='word_1_208' title='bbox 279 1659 369 1690; x_wconf 69' lang='lat' dir='ltr'><strong>Naxi</strong></span> <span class='ocrx_word' id='word_1_209' title='bbox 397 1659 546 1690; x_wconf 67' lang='lat' dir='ltr'><strong>Theseum</strong></span> <span class='ocrx_word' id='word_1_210' title='bbox 559 1658 660 1697; x_wconf 72' lang='lat' dir='ltr'><strong>juxta</strong></span> <span class='ocrx_word' id='word_1_211' title='bbox 675 1657 764 1696; x_wconf 74' lang='lat' dir='ltr'><strong>foret</strong></span> <span class='ocrx_word' id='word_1_212' title='bbox 786 1657 852 1688; x_wconf 75' lang='lat' dir='ltr'><strong>ltoec</strong></span> 
     </span>
     <span class='ocr_line' id='line_1_25' title="bbox 149 1709 851 1750; baseline -0.001 -9"><span class='ocrx_word' id='word_1_213' title='bbox 149 1712 311 1750; x_wconf 62' lang='lat' dir='ltr'><strong>mapula</strong></span> <span class='ocrx_word' id='word_1_214' title='bbox 323 1709 434 1748; x_wconf 73' lang='lat' dir='ltr'><strong>cubile,</strong></span> <span class='ocrx_word' id='word_1_215' title='bbox 452 1709 594 1740; x_wconf 72' lang='lat' dir='ltr'><strong>Gnosida</strong></span> <span class='ocrx_word' id='word_1_216' title='bbox 612 1710 765 1740; x_wconf 77' lang='lat' dir='ltr'><strong>desertam</strong></span> <span class='ocrx_word' id='word_1_217' title='bbox 777 1718 851 1748; x_wconf 81' lang='lat' dir='ltr'><strong>pro·</strong></span> 
     </span>
     <span class='ocr_line' id='line_1_26' title="bbox 141 1758 851 1800; baseline -0.001 -9"><span class='ocrx_word' id='word_1_218' title='bbox 141 1758 244 1799; x_wconf 69' lang='lat' dir='ltr'><strong>fagus</strong></span> <span class='ocrx_word' id='word_1_219' title='bbox 269 1759 408 1800; x_wconf 69' lang='lat' dir='ltr'><strong>liquisset</strong></span> <span class='ocrx_word' id='word_1_220' title='bbox 431 1762 461 1790; x_wconf 72' lang='lat' dir='ltr'><strong>et</strong></span> <span class='ocrx_word' id='word_1_221' title='bbox 479 1758 585 1799; x_wconf 75' lang='lat' dir='ltr'><strong>Em]</strong></span> <span class='ocrx_word' id='word_1_222' title='bbox 608 1758 709 1798; x_wconf 81' lang='lat' dir='ltr'><strong>Haec,</strong></span> <span class='ocrx_word' id='word_1_223' title='bbox 728 1759 851 1800; x_wconf 79' lang='lat' dir='ltr'><strong>supple</strong></span> 
     </span>
     <span class='ocr_line' id='line_1_27' title="bbox 149 1807 850 1849; baseline 0.003 -9"><span class='ocrx_word' id='word_1_224' title='bbox 149 1809 360 1849; x_wconf 86' lang='lat' dir='ltr'><strong>Violautilla,</strong></span> <span class='ocrx_word' id='word_1_225' title='bbox 386 1809 414 1840; x_wconf 91' lang='lat' dir='ltr'><strong>si</strong></span> <span class='ocrx_word' id='word_1_226' title='bbox 437 1809 510 1840; x_wconf 83' lang='lat' dir='ltr'><strong>visa</strong></span> <span class='ocrx_word' id='word_1_227' title='bbox 532 1807 652 1840; x_wconf 82' lang='lat' dir='ltr'><strong>fuisset</strong></span> <span class='ocrx_word' id='word_1_228' title='bbox 675 1810 710 1840; x_wconf 87' lang='lat' dir='ltr'><strong>in</strong></span> <span class='ocrx_word' id='word_1_229' title='bbox 732 1810 850 1842; x_wconf 85' lang='lat' dir='ltr'><strong>littore</strong></span> 
     </span>
     <span class='ocr_line' id='line_1_28' title="bbox 147 1857 849 1900; baseline 0.001 -10"><span class='ocrx_word' id='word_1_230' title='bbox 147 1857 242 1890; x_wconf 75' lang='lat' dir='ltr'><strong>Naxi</strong></span> <span class='ocrx_word' id='word_1_231' title='bbox 247 1858 353 1900; x_wconf 84' lang='lat' dir='ltr'><strong>juxta</strong></span> <span class='ocrx_word' id='word_1_232' title='bbox 367 1858 492 1890; x_wconf 88' lang='lat' dir='ltr'><strong>lectum</strong></span> <span class='ocrx_word' id='word_1_233' title='bbox 507 1859 641 1898; x_wconf 73' lang='lat' dir='ltr'><strong>Thesei,</strong></span> <span class='ocrx_word' id='word_1_234' title='bbox 656 1868 722 1891; x_wconf 90' lang='lat' dir='ltr'><strong>non</strong></span> <span class='ocrx_word' id='word_1_235' title='bbox 736 1864 849 1892; x_wconf 85' lang='lat' dir='ltr'><strong>autem</strong></span> 
     </span>
     <span class='ocr_line' id='line_1_29' title="bbox 149 1907 850 1950; baseline 0.001 -10"><span class='ocrx_word' id='word_1_236' title='bbox 149 1907 315 1950; x_wconf 77' lang='lat' dir='ltr'><strong>Ariadna,</strong></span> <span class='ocrx_word' id='word_1_237' title='bbox 340 1909 571 1940; x_wconf 86' lang='lat' dir='ltr'><strong>Violantillam</strong></span> <span class='ocrx_word' id='word_1_238' title='bbox 593 1909 750 1941; x_wconf 82' lang='lat' dir='ltr'><strong>Bacchus</strong></span> <span class='ocrx_word' id='word_1_239' title='bbox 769 1909 850 1941; x_wconf 86' lang='lat' dir='ltr'><strong>ada-</strong></span> 
     </span>
     <span class='ocr_line' id='line_1_30' title="bbox 149 1958 850 2000; baseline -0.001 -9"><span class='ocrx_word' id='word_1_240' title='bbox 149 1965 288 2000; x_wconf 82' lang='lat' dir='ltr'><strong>masset,</strong></span> <span class='ocrx_word' id='word_1_241' title='bbox 301 1965 336 1991; x_wconf 90' lang='lat' dir='ltr'><strong>et</strong></span> <span class='ocrx_word' id='word_1_242' title='bbox 352 1968 490 1990; x_wconf 83' lang='lat' dir='ltr'><strong>uxorem</strong></span> <span class='ocrx_word' id='word_1_243' title='bbox 507 1958 675 1999; x_wconf 84' lang='lat' dir='ltr'><strong>duxisset,</strong></span> <span class='ocrx_word' id='word_1_244' title='bbox 689 1969 756 1990; x_wconf 83' lang='lat' dir='ltr'><strong>non</strong></span> <span class='ocrx_word' id='word_1_245' title='bbox 772 1959 850 1990; x_wconf 86' lang='lat' dir='ltr'><strong>Ari-</strong></span> 
     </span>
     <span class='ocr_line' id='line_1_31' title="bbox 148 2009 848 2052; baseline 0.003 -11"><span class='ocrx_word' id='word_1_246' title='bbox 148 2009 286 2051; x_wconf 82' lang='lat' dir='ltr'><strong>adnam,</strong></span> <span class='ocrx_word' id='word_1_247' title='bbox 321 2019 422 2052; x_wconf 89' lang='lat' dir='ltr'><strong>quam</strong></span> <span class='ocrx_word' id='word_1_248' title='bbox 453 2010 602 2041; x_wconf 85' lang='lat' dir='ltr'><strong>Theseus</strong></span> <span class='ocrx_word' id='word_1_249' title='bbox 638 2009 848 2043; x_wconf 77' lang='lat' dir='ltr'><strong>deseruerat.</strong></span> 
     </span>
     <span class='ocr_line' id='line_1_32' title="bbox 148 2060 849 2094; baseline 0.001 -2"><span class='ocrx_word' id='word_1_250' title='bbox 148 2061 236 2093; x_wconf 72' lang='lat' dir='ltr'><strong>Haec</strong></span> <span class='ocrx_word' id='word_1_251' title='bbox 250 2070 332 2092; x_wconf 85' lang='lat' dir='ltr'><strong>vero</strong></span> <span class='ocrx_word' id='word_1_252' title='bbox 353 2060 518 2092; x_wconf 81' lang='lat' dir='ltr'><strong>illustrari</strong></span> <span class='ocrx_word' id='word_1_253' title='bbox 533 2060 661 2092; x_wconf 84' lang='lat' dir='ltr'><strong>debent</strong></span> <span class='ocrx_word' id='word_1_254' title='bbox 679 2070 700 2092; x_wconf 89' lang='lat' dir='ltr'><strong>a</strong></span> <span class='ocrx_word' id='word_1_255' title='bbox 721 2060 849 2094; x_wconf 81' lang='lat' dir='ltr'><strong>fabula.</strong></span> 
     </span>
     <span class='ocr_line' id='line_1_33' title="bbox 148 2110 848 2152; baseline 0.001 -10"><span class='ocrx_word' id='word_1_256' title='bbox 148 2110 284 2143; x_wconf 84' lang='lat' dir='ltr'><strong>Dicunt</strong></span> <span class='ocrx_word' id='word_1_257' title='bbox 295 2111 406 2152; x_wconf 65' lang='lat' dir='ltr'><strong>poetae</strong></span> <span class='ocrx_word' id='word_1_258' title='bbox 419 2111 599 2150; x_wconf 80' lang='lat' dir='ltr'><strong>Theseum,</strong></span> <span class='ocrx_word' id='word_1_259' title='bbox 614 2115 715 2152; x_wconf 89' lang='lat' dir='ltr'><strong>rapta</strong></span> <span class='ocrx_word' id='word_1_260' title='bbox 729 2111 848 2143; x_wconf 83' lang='lat' dir='ltr'><strong>Ariad-</strong></span> 
     </span>
     <span class='ocr_line' id='line_1_34' title="bbox 148 2159 846 2202; baseline 0.003 -10"><span class='ocrx_word' id='word_1_261' title='bbox 148 2159 291 2201; x_wconf 51' lang='lat' dir='ltr'><strong>ngfilia</strong></span> <span class='ocrx_word' id='word_1_262' title='bbox 310 2161 438 2192; x_wconf 84' lang='lat' dir='ltr'><strong>Minois</strong></span> <span class='ocrx_word' id='word_1_263' title='bbox 460 2161 548 2201; x_wconf 76' lang='lat' dir='ltr'><strong>regis</strong></span> <span class='ocrx_word' id='word_1_264' title='bbox 574 2162 689 2193; x_wconf 87' lang='lat' dir='ltr'><strong>Cretae</strong></span> <span class='ocrx_word' id='word_1_265' title='bbox 713 2162 846 2202; x_wconf 77' lang='lat' dir='ltr'><strong>insulae,</strong></span> 
     </span>
     <span class='ocr_line' id='line_1_35' title="bbox 148 2212 847 2255; baseline 0.003 -11"><span class='ocrx_word' id='word_1_266' title='bbox 148 2212 325 2244; x_wconf 78' lang='lat' dir='ltr'><strong>devenisse</strong></span> <span class='ocrx_word' id='word_1_267' title='bbox 349 2212 392 2244; x_wconf 92' lang='lat' dir='ltr'><strong>ad</strong></span> <span class='ocrx_word' id='word_1_268' title='bbox 418 2212 559 2243; x_wconf 86' lang='lat' dir='ltr'><strong>insulam</strong></span> <span class='ocrx_word' id='word_1_269' title='bbox 579 2213 715 2254; x_wconf 85' lang='lat' dir='ltr'><strong>Naxon,</strong></span> <span class='ocrx_word' id='word_1_270' title='bbox 738 2223 847 2255; x_wconf 89' lang='lat' dir='ltr'><strong>eaque</strong></span> 
     </span>
     <span class='ocr_line' id='line_1_36' title="bbox 146 2262 847 2304; baseline 0 -9"><span class='ocrx_word' id='word_1_271' title='bbox 146 2262 195 2296; x_wconf 82' lang='lat' dir='ltr'><strong>ibi</strong></span> <span class='ocrx_word' id='word_1_272' title='bbox 211 2262 344 2303; x_wconf 86' lang='lat' dir='ltr'><strong>relicta,</strong></span> <span class='ocrx_word' id='word_1_273' title='bbox 357 2263 536 2303; x_wconf 77' lang='lat' dir='ltr'><strong>navigasse</strong></span> <span class='ocrx_word' id='word_1_274' title='bbox 547 2263 775 2304; x_wconf 83' lang='lat' dir='ltr'><strong>repetiturum</strong></span> <span class='ocrx_word' id='word_1_275' title='bbox 788 2274 847 2304; x_wconf 88' lang='lat' dir='ltr'><strong>pa-</strong></span> 
     </span>
     <span class='ocr_line' id='line_1_37' title="bbox 146 2313 847 2355; baseline 0 -11"><span class='ocrx_word' id='word_1_276' title='bbox 146 2313 270 2344; x_wconf 79' lang='lat' dir='ltr'><strong>triam:</strong></span> <span class='ocrx_word' id='word_1_277' title='bbox 291 2313 465 2345; x_wconf 78' lang='lat' dir='ltr'><strong>Bacchum</strong></span> <span class='ocrx_word' id='word_1_278' title='bbox 494 2322 589 2354; x_wconf 81' lang='lat' dir='ltr'><strong>vero,</strong></span> <span class='ocrx_word' id='word_1_279' title='bbox 615 2313 672 2355; x_wconf 87' lang='lat' dir='ltr'><strong>qui</strong></span> <span class='ocrx_word' id='word_1_280' title='bbox 697 2319 734 2345; x_wconf 87' lang='lat' dir='ltr'><strong>et</strong></span> <span class='ocrx_word' id='word_1_281' title='bbox 755 2315 847 2346; x_wconf 74' lang='lat' dir='ltr'><strong>Eva·</strong></span> 
     </span>
     <span class='ocr_line' id='line_1_38' title="bbox 147 2361 846 2404; baseline 0.004 -11"><span class='ocrx_word' id='word_1_282' title='bbox 147 2361 286 2402; x_wconf 80' lang='lat' dir='ltr'><strong>dicitur,</strong></span> <span class='ocrx_word' id='word_1_283' title='bbox 306 2363 485 2395; x_wconf 80' lang='lat' dir='ltr'><strong>adamasse</strong></span> <span class='ocrx_word' id='word_1_284' title='bbox 511 2363 711 2404; x_wconf 84' lang='lat' dir='ltr'><strong>Ariadnam,</strong></span> <span class='ocrx_word' id='word_1_285' title='bbox 726 2369 763 2396; x_wconf 87' lang='lat' dir='ltr'><strong>et</strong></span> <span class='ocrx_word' id='word_1_286' title='bbox 781 2365 846 2397; x_wconf 80' lang='lat' dir='ltr'><strong>sibi</strong></span> 
     </span>
     <span class='ocr_line' id='line_1_39' title="bbox 147 2413 846 2455; baseline 0.003 -11"><span class='ocrx_word' id='word_1_287' title='bbox 147 2413 360 2446; x_wconf 84' lang='lat' dir='ltr'><strong>m&#39;atrimouio</strong></span> <span class='ocrx_word' id='word_1_288' title='bbox 380 2414 551 2455; x_wconf 85' lang='lat' dir='ltr'><strong>junxisse.</strong></span> <span class='ocrx_word' id='word_1_289' title='bbox 594 2415 706 2446; x_wconf 80' lang='lat' dir='ltr'><strong>vocat</strong></span> <span class='ocrx_word' id='word_1_290' title='bbox 731 2420 846 2447; x_wconf 86' lang='lat' dir='ltr'><strong>antem</strong></span> 
     </span>
     <span class='ocr_line' id='line_1_40' title="bbox 145 2461 847 2504; baseline 0.003 -10"><span class='ocrx_word' id='word_1_291' title='bbox 145 2461 202 2495; x_wconf 77' lang='lat' dir='ltr'><strong>hie</strong></span> <span class='ocrx_word' id='word_1_292' title='bbox 238 2462 347 2495; x_wconf 64' lang='lat' dir='ltr'><strong>Poeta</strong></span> <span class='ocrx_word' id='word_1_293' title='bbox 380 2463 582 2504; x_wconf 84' lang='lat' dir='ltr'><strong>Ariadnam,</strong></span> <span class='ocrx_word' id='word_1_294' title='bbox 617 2463 782 2503; x_wconf 77' lang='lat' dir='ltr'><strong>Gnosida,</strong></span> <span class='ocrx_word' id='word_1_295' title='bbox 826 2476 847 2496; x_wconf 87' lang='lat' dir='ltr'><strong>a</strong></span> 
     </span>
     <span class='ocr_line' id='line_1_41' title="bbox 147 2513 845 2556; baseline 0.004 -11"><span class='ocrx_word' id='word_1_296' title='bbox 147 2513 267 2546; x_wconf 81' lang='lat' dir='ltr'><strong>Gnoso</strong></span> <span class='ocrx_word' id='word_1_297' title='bbox 290 2515 451 2556; x_wconf 85' lang='lat' dir='ltr'><strong>primaria</strong></span> <span class='ocrx_word' id='word_1_298' title='bbox 477 2515 562 2547; x_wconf 82' lang='lat' dir='ltr'><strong>urbe</strong></span> <span class='ocrx_word' id='word_1_299' title='bbox 583 2515 701 2547; x_wconf 83' lang='lat' dir='ltr'><strong>insulae</strong></span> <span class='ocrx_word' id='word_1_300' title='bbox 718 2516 845 2548; x_wconf 82' lang='lat' dir='ltr'><strong>Cretae.</strong></span> 
     </span>
     <span class='ocr_line' id='line_1_42' title="bbox 146 2562 845 2607; baseline 0.004 -12"><span class='ocrx_word' id='word_1_301' title='bbox 146 2562 314 2597; x_wconf 68' lang='lat' dir='ltr'><strong>Demu-</strong></span> <span class='ocrx_word' id='word_1_302' title='bbox 339 2575 432 2606; x_wconf 86' lang='lat' dir='ltr'><strong>vero,</strong></span> <span class='ocrx_word' id='word_1_303' title='bbox 451 2566 531 2607; x_wconf 85' lang='lat' dir='ltr'><strong>quia</strong></span> <span class='ocrx_word' id='word_1_304' title='bbox 557 2575 631 2597; x_wconf 87' lang='lat' dir='ltr'><strong>eam</strong></span> <span class='ocrx_word' id='word_1_305' title='bbox 655 2566 845 2607; x_wconf 86' lang='lat' dir='ltr'><strong>reliquerat</strong></span> 
     </span>
     <span class='ocr_line' id='line_1_43' title="bbox 145 2612 844 2657; baseline 0.004 -11"><span class='ocrx_word' id='word_1_306' title='bbox 145 2612 311 2655; x_wconf 73' lang='lat' dir='ltr'><strong>Theseus,</strong></span> <span class='ocrx_word' id='word_1_307' title='bbox 326 2615 543 2657; x_wconf 80' lang='lat' dir='ltr'><strong>navigaturus</strong></span> <span class='ocrx_word' id='word_1_308' title='bbox 560 2615 723 2648; x_wconf 73' lang='lat' dir='ltr'><strong>Athenas.</strong></span> <span class='ocrx_word' id='word_1_309' title='bbox 751 2616 844 2649; x_wconf 79' lang='lat' dir='ltr'><strong>Hine</strong></span> 
     </span>
     <span class='ocr_line' id='line_1_44' title="bbox 145 2661 844 2699; baseline 0.007 -5"><span class='ocrx_word' id='word_1_310' title='bbox 145 2661 258 2696; x_wconf 62' lang='lat' dir='ltr'><strong>Poeta</strong></span> <span class='ocrx_word' id='word_1_311' title='bbox 282 2665 422 2698; x_wconf 82' lang='lat' dir='ltr'><strong>innuere</strong></span> <span class='ocrx_word' id='word_1_312' title='bbox 448 2667 522 2698; x_wconf 81' lang='lat' dir='ltr'><strong>vult</strong></span> <span class='ocrx_word' id='word_1_313' title='bbox 547 2666 781 2699; x_wconf 74' lang='lat' dir='ltr'><strong>Violentillam</strong></span> <span class='ocrx_word' id='word_1_314' title='bbox 809 2673 844 2699; x_wconf 82' lang='lat' dir='ltr'><strong>et</strong></span> 
     </span>
     <span class='ocr_line' id='line_1_45' title="bbox 146 2713 841 2758; baseline 0.006 -14"><span class='ocrx_word' id='word_1_315' title='bbox 146 2713 372 2753; x_wconf 80' lang='lat' dir='ltr'><strong>pulchriorem</strong></span> <span class='ocrx_word' id='word_1_316' title='bbox 394 2725 467 2748; x_wconf 81' lang='lat' dir='ltr'><strong>esse</strong></span> <span class='ocrx_word' id='word_1_317' title='bbox 488 2717 633 2758; x_wconf 82' lang='lat' dir='ltr'><strong>Daphne</strong></span> <span class='ocrx_word' id='word_1_318' title='bbox 660 2723 697 2749; x_wconf 89' lang='lat' dir='ltr'><strong>et</strong></span> <span class='ocrx_word' id='word_1_319' title='bbox 718 2717 841 2748; x_wconf 81' lang='lat' dir='ltr'><strong>Ariad-</strong></span> 
     </span>
    </p>
   </div>
   <div class='ocr_carea' id='block_1_8' title="bbox 899 1502 1611 2709">
    <p class='ocr_par' dir='ltr' id='par_1_8' title="bbox 903 1502 1608 1588">
     <span class='ocr_line' id='line_1_46' title="bbox 903 1502 1608 1537; baseline -0.003 0"><span class='ocrx_word' id='word_1_320' title='bbox 903 1514 958 1537; x_wconf 82' lang='lat' dir='ltr'><strong>na.</strong></span> <span class='ocrx_word' id='word_1_321' title='bbox 1005 1506 1062 1537; x_wconf 90' lang='lat' dir='ltr'><strong>De</strong></span> <span class='ocrx_word' id='word_1_322' title='bbox 1091 1505 1193 1537; x_wconf 81' lang='lat' dir='ltr'><strong>Naxo</strong></span> <span class='ocrx_word' id='word_1_323' title='bbox 1226 1503 1336 1536; x_wconf 85' lang='lat' dir='ltr'><strong>insula</strong></span> <span class='ocrx_word' id='word_1_324' title='bbox 1366 1502 1444 1536; x_wconf 84' lang='lat' dir='ltr'><strong>vide</strong></span> <span class='ocrx_word' id='word_1_325' title='bbox 1482 1503 1608 1537; x_wconf 83' lang='lat' dir='ltr'><strong>Achin.</strong></span> 
     </span>
     <span class='ocr_line' id='line_1_47' title="bbox 903 1556 1022 1588; baseline 0 -1"><span class='ocrx_word' id='word_1_326' title='bbox 903 1556 962 1588; x_wconf 82' lang='lat' dir='ltr'><strong>lib.</strong></span> <span class='ocrx_word' id='word_1_327' title='bbox 979 1565 1022 1587; x_wconf 83' lang='grc' dir='ltr'><strong>ιι.</strong></span> 
     </span>
    </p>

    <p class='ocr_par' dir='ltr' id='par_1_9' title="bbox 899 1605 1611 2556">
     <span class='ocr_line' id='line_1_48' title="bbox 948 1605 1611 1646; baseline 0 -8"><span class='ocrx_word' id='word_1_328' title='bbox 948 1609 1009 1638; x_wconf 78' lang='grc'><strong>135</strong></span> <span class='ocrx_word' id='word_1_329' title='bbox 1043 1607 1157 1639; x_wconf 71' lang='lat' dir='ltr'><strong>falsas</strong></span> <span class='ocrx_word' id='word_1_330' title='bbox 1188 1605 1261 1637; x_wconf 64' lang='lat' dir='ltr'><strong>haiz-</strong></span> <span class='ocrx_word' id='word_1_331' title='bbox 1290 1615 1408 1646; x_wconf 76' lang='lat' dir='ltr'><strong>penm</strong></span> <span class='ocrx_word' id='word_1_332' title='bbox 1436 1609 1467 1637; x_wconf 73' lang='lat' dir='ltr'><strong>et</strong></span> <span class='ocrx_word' id='word_1_333' title='bbox 1495 1615 1611 1638; x_wconf 74' lang='lat' dir='ltr'><strong>cornua</strong></span> 
     </span>
     <span class='ocr_line' id='line_1_49' title="bbox 903 1656 1608 1693; baseline -0.003 -3"><span class='ocrx_word' id='word_1_334' title='bbox 903 1662 1036 1690; x_wconf 71' lang='lat' dir='ltr'><strong>sumeret</strong></span> <span class='ocrx_word' id='word_1_335' title='bbox 1051 1658 1160 1689; x_wconf 77' lang='lat' dir='ltr'><strong>oethroe</strong></span> <span class='ocrx_word' id='word_1_336' title='bbox 1184 1657 1315 1693; x_wconf 72' lang='lat' dir='ltr'><strong>Rector,</strong></span> <span class='ocrx_word' id='word_1_337' title='bbox 1326 1657 1358 1687; x_wconf 79' lang='lat' dir='ltr'><strong>in</strong></span> <span class='ocrx_word' id='word_1_338' title='bbox 1382 1656 1462 1687; x_wconf 74' lang='lat' dir='ltr'><strong>hanc</strong></span> <span class='ocrx_word' id='word_1_339' title='bbox 1475 1666 1548 1688; x_wconf 73' lang='lat' dir='ltr'><strong>vero</strong></span> <span class='ocrx_word' id='word_1_340' title='bbox 1560 1666 1608 1689; x_wconf 84' lang='lat' dir='ltr'><strong>ce-</strong></span> 
     </span>
     <span class='ocr_line' id='line_1_50' title="bbox 903 1705 1608 1748; baseline 0 -9"><span class='ocrx_word' id='word_1_341' title='bbox 903 1708 1029 1739; x_wconf 73' lang='lat' dir='ltr'><strong>cidisset</strong></span> <span class='ocrx_word' id='word_1_342' title='bbox 1061 1708 1191 1748; x_wconf 74' lang='lat' dir='ltr'><strong>Jupiter</strong></span> <span class='ocrx_word' id='word_1_343' title='bbox 1225 1705 1317 1746; x_wconf 80' lang='lat' dir='ltr'><strong>auro]</strong></span> <span class='ocrx_word' id='word_1_344' title='bbox 1373 1706 1438 1737; x_wconf 82' lang='lat' dir='ltr'><strong>His</strong></span> <span class='ocrx_word' id='word_1_345' title='bbox 1473 1706 1608 1739; x_wconf 86' lang='lat' dir='ltr'><strong>duobus</strong></span> 
     </span>
     <span class='ocr_line' id='line_1_51' title="bbox 905 1758 1609 1802; baseline 0 -10"><span class='ocrx_word' id='word_1_346' title='bbox 905 1761 1058 1793; x_wconf 84' lang='lat' dir='ltr'><strong>versibus</strong></span> <span class='ocrx_word' id='word_1_347' title='bbox 1074 1760 1185 1793; x_wconf 79' lang='lat' dir='ltr'><strong>Po&#39;e&#39;ta</strong></span> <span class='ocrx_word' id='word_1_348' title='bbox 1200 1765 1271 1792; x_wconf 89' lang='lat' dir='ltr'><strong>tres</strong></span> <span class='ocrx_word' id='word_1_349' title='bbox 1288 1758 1421 1791; x_wconf 81' lang='lat' dir='ltr'><strong>fabulas</strong></span> <span class='ocrx_word' id='word_1_350' title='bbox 1436 1761 1609 1802; x_wconf 88' lang='lat' dir='ltr'><strong>complec-</strong></span> 
     </span>
     <span class='ocr_line' id='line_1_52' title="bbox 904 1809 1608 1854; baseline 0 -10"><span class='ocrx_word' id='word_1_351' title='bbox 904 1812 1014 1850; x_wconf 84' lang='lat' dir='ltr'><strong>titnr;</strong></span> <span class='ocrx_word' id='word_1_352' title='bbox 1038 1811 1161 1854; x_wconf 82' lang='lat' dir='ltr'><strong>quibus</strong></span> <span class='ocrx_word' id='word_1_353' title='bbox 1177 1810 1304 1843; x_wconf 85' lang='lat' dir='ltr'><strong>dicitur</strong></span> <span class='ocrx_word' id='word_1_354' title='bbox 1325 1809 1478 1852; x_wconf 82' lang='lat' dir='ltr'><strong>Jupiter,</strong></span> <span class='ocrx_word' id='word_1_355' title='bbox 1506 1812 1608 1844; x_wconf 91' lang='lat' dir='ltr'><strong>modo</strong></span> 
     </span>
     <span class='ocr_line' id='line_1_53' title="bbox 905 1862 1607 1903; baseline 0.001 -11"><span class='ocrx_word' id='word_1_356' title='bbox 905 1872 1033 1903; x_wconf 84' lang='lat' dir='ltr'><strong>pennas</strong></span> <span class='ocrx_word' id='word_1_357' title='bbox 1068 1862 1241 1901; x_wconf 74' lang='lat' dir='ltr'><strong>sumsisse,</strong></span> <span class='ocrx_word' id='word_1_358' title='bbox 1278 1870 1353 1892; x_wconf 91' lang='lat' dir='ltr'><strong>cum</strong></span> <span class='ocrx_word' id='word_1_359' title='bbox 1385 1865 1536 1892; x_wconf 86' lang='lat' dir='ltr'><strong>mutatus</strong></span> <span class='ocrx_word' id='word_1_360' title='bbox 1570 1862 1607 1893; x_wconf 86' lang='lat' dir='ltr'><strong>in</strong></span> 
     </span>
     <span class='ocr_line' id='line_1_54' title="bbox 901 1910 1607 1954; baseline -0.001 -9"><span class='ocrx_word' id='word_1_361' title='bbox 901 1913 1053 1954; x_wconf 84' lang='lat' dir='ltr'><strong>Cycnum</strong></span> <span class='ocrx_word' id='word_1_362' title='bbox 1076 1911 1265 1944; x_wconf 82' lang='lat' dir='ltr'><strong>concubuit</strong></span> <span class='ocrx_word' id='word_1_363' title='bbox 1287 1921 1363 1942; x_wconf 89' lang='lat' dir='ltr'><strong>cum</strong></span> <span class='ocrx_word' id='word_1_364' title='bbox 1386 1910 1493 1951; x_wconf 78' lang='lat' dir='ltr'><strong>Leda,</strong></span> <span class='ocrx_word' id='word_1_365' title='bbox 1506 1913 1607 1944; x_wconf 83' lang='lat' dir='ltr'><strong>modo</strong></span> 
     </span>
     <span class='ocr_line' id='line_1_55' title="bbox 901 1961 1608 2002; baseline 0.001 -9"><span class='ocrx_word' id='word_1_366' title='bbox 901 1971 1043 2002; x_wconf 85' lang='lat' dir='ltr'><strong>cornua,</strong></span> <span class='ocrx_word' id='word_1_367' title='bbox 1058 1972 1136 1994; x_wconf 87' lang='lat' dir='ltr'><strong>cum</strong></span> <span class='ocrx_word' id='word_1_368' title='bbox 1159 1967 1311 1993; x_wconf 85' lang='lat' dir='ltr'><strong>mutatus</strong></span> <span class='ocrx_word' id='word_1_369' title='bbox 1337 1961 1371 1992; x_wconf 91' lang='lat' dir='ltr'><strong>in</strong></span> <span class='ocrx_word' id='word_1_370' title='bbox 1397 1967 1532 1994; x_wconf 84' lang='lat' dir='ltr'><strong>taurum</strong></span> <span class='ocrx_word' id='word_1_371' title='bbox 1557 1972 1608 1994; x_wconf 87' lang='lat' dir='ltr'><strong>ra-</strong></span> 
     </span>
     <span class='ocr_line' id='line_1_56' title="bbox 902 2012 1605 2054; baseline 0.001 -10"><span class='ocrx_word' id='word_1_372' title='bbox 902 2014 977 2054; x_wconf 86' lang='lat' dir='ltr'><strong>puit</strong></span> <span class='ocrx_word' id='word_1_373' title='bbox 993 2014 1177 2054; x_wconf 86' lang='lat' dir='ltr'><strong>Europam,</strong></span> <span class='ocrx_word' id='word_1_374' title='bbox 1193 2018 1228 2044; x_wconf 91' lang='lat' dir='ltr'><strong>et</strong></span> <span class='ocrx_word' id='word_1_375' title='bbox 1245 2012 1344 2043; x_wconf 91' lang='lat' dir='ltr'><strong>modo</strong></span> <span class='ocrx_word' id='word_1_376' title='bbox 1370 2022 1555 2045; x_wconf 85' lang='lat' dir='ltr'><strong>conversus</strong></span> <span class='ocrx_word' id='word_1_377' title='bbox 1570 2014 1605 2045; x_wconf 90' lang='lat' dir='ltr'><strong>in</strong></span> 
     </span>
     <span class='ocr_line' id='line_1_57' title="bbox 902 2062 1605 2103; baseline 0.003 -10"><span class='ocrx_word' id='word_1_378' title='bbox 902 2072 1033 2103; x_wconf 84' lang='lat' dir='ltr'><strong>aurum,</strong></span> <span class='ocrx_word' id='word_1_379' title='bbox 1046 2072 1123 2094; x_wconf 90' lang='lat' dir='ltr'><strong>cnm</strong></span> <span class='ocrx_word' id='word_1_380' title='bbox 1140 2062 1336 2102; x_wconf 86' lang='lat' dir='ltr'><strong>penetravit</strong></span> <span class='ocrx_word' id='word_1_381' title='bbox 1352 2062 1386 2093; x_wconf 91' lang='lat' dir='ltr'><strong>in</strong></span> <span class='ocrx_word' id='word_1_382' title='bbox 1410 2062 1605 2095; x_wconf 81' lang='lat' dir='ltr'><strong>cubiculum</strong></span> 
     </span>
     <span class='ocr_line' id='line_1_58' title="bbox 902 2111 1605 2152; baseline 0.003 -9"><span class='ocrx_word' id='word_1_383' title='bbox 902 2112 1052 2145; x_wconf 67' lang='lat' dir='ltr'><strong>Danaes.</strong></span> <span class='ocrx_word' id='word_1_384' title='bbox 1097 2112 1199 2143; x_wconf 90' lang='lat' dir='ltr'><strong>Unde</strong></span> <span class='ocrx_word' id='word_1_385' title='bbox 1220 2111 1352 2152; x_wconf 85' lang='lat' dir='ltr'><strong>colligit</strong></span> <span class='ocrx_word' id='word_1_386' title='bbox 1371 2112 1605 2145; x_wconf 83' lang='lat' dir='ltr'><strong>Violantillam</strong></span> 
     </span>
     <span class='ocr_line' id='line_1_59' title="bbox 900 2161 1606 2204; baseline 0.001 -10"><span class='ocrx_word' id='word_1_387' title='bbox 900 2163 1128 2204; x_wconf 84' lang='lat' dir='ltr'><strong>pulchriorem</strong></span> <span class='ocrx_word' id='word_1_388' title='bbox 1161 2171 1234 2193; x_wconf 83' lang='lat' dir='ltr'><strong>esse</strong></span> <span class='ocrx_word' id='word_1_389' title='bbox 1256 2161 1365 2201; x_wconf 87' lang='lat' dir='ltr'><strong>Leda,</strong></span> <span class='ocrx_word' id='word_1_390' title='bbox 1391 2162 1543 2204; x_wconf 86' lang='lat' dir='ltr'><strong>Europa,</strong></span> <span class='ocrx_word' id='word_1_391' title='bbox 1569 2171 1606 2197; x_wconf 88' lang='lat' dir='ltr'><strong>et</strong></span> 
     </span>
     <span class='ocr_line' id='line_1_60' title="bbox 902 2211 1605 2251; baseline 0.003 -7"><span class='ocrx_word' id='word_1_392' title='bbox 902 2213 1035 2245; x_wconf 67' lang='lat' dir='ltr'><strong>Danae.</strong></span> <span class='ocrx_word' id='word_1_393' title='bbox 1063 2211 1205 2251; x_wconf 76' lang='lat' dir='ltr'><strong>AEthroe]</strong></span> <span class='ocrx_word' id='word_1_394' title='bbox 1228 2212 1298 2243; x_wconf 89' lang='lat' dir='ltr'><strong>Pro</strong></span> <span class='ocrx_word' id='word_1_395' title='bbox 1310 2212 1437 2244; x_wconf 80' lang='lat' dir='ltr'><strong>aethere</strong></span> <span class='ocrx_word' id='word_1_396' title='bbox 1449 2222 1510 2245; x_wconf 78' lang='lat' dir='ltr'><strong>seu</strong></span> <span class='ocrx_word' id='word_1_397' title='bbox 1525 2214 1605 2246; x_wconf 69' lang='lat' dir='ltr'><strong>aere</strong></span> 
     </span>
     <span class='ocr_line' id='line_1_61' title="bbox 900 2261 1606 2296; baseline 0.001 -1"><span class='ocrx_word' id='word_1_398' title='bbox 900 2263 1096 2296; x_wconf 69' lang='lat' dir='ltr'><strong>Politicum.</strong></span> <span class='ocrx_word' id='word_1_399' title='bbox 1139 2263 1261 2294; x_wconf 81' lang='lat' dir='ltr'><strong>Cicero</strong></span> <span class='ocrx_word' id='word_1_400' title='bbox 1285 2261 1329 2293; x_wconf 91' lang='lat' dir='ltr'><strong>de</strong></span> <span class='ocrx_word' id='word_1_401' title='bbox 1351 2262 1488 2295; x_wconf 86' lang='lat' dir='ltr'><strong>Natura</strong></span> <span class='ocrx_word' id='word_1_402' title='bbox 1514 2264 1606 2296; x_wconf 88' lang='lat' dir='ltr'><strong>Deo-</strong></span> 
     </span>
     <span class='ocr_line' id='line_1_62' title="bbox 899 2311 1605 2353; baseline 0.004 -9"><span class='ocrx_word' id='word_1_403' title='bbox 899 2322 974 2344; x_wconf 90' lang='lat' dir='ltr'><strong>rum</strong></span> <span class='ocrx_word' id='word_1_404' title='bbox 991 2313 1049 2345; x_wconf 88' lang='lat' dir='ltr'><strong>lib.</strong></span> <span class='ocrx_word' id='word_1_405' title='bbox 1066 2322 1108 2344; x_wconf 88' lang='lat'><strong>11.</strong></span> <span class='ocrx_word' id='word_1_406' title='bbox 1152 2313 1163 2329; x_wconf 88' lang='lat'>‘</span> <span class='ocrx_word' id='word_1_407' title='bbox 1180 2311 1305 2343; x_wconf 85' lang='lat' dir='ltr'><strong>Ae&#39;rem</strong></span> <span class='ocrx_word' id='word_1_408' title='bbox 1318 2313 1501 2353; x_wconf 82' lang='lat' dir='ltr'><strong>complexa</strong></span> <span class='ocrx_word' id='word_1_409' title='bbox 1514 2323 1605 2347; x_wconf 77' lang='lat' dir='ltr'><strong>sum-</strong></span> 
     </span>
     <span class='ocr_line' id='line_1_63' title="bbox 900 2362 1605 2406; baseline 0.003 -10"><span class='ocrx_word' id='word_1_410' title='bbox 900 2374 956 2396; x_wconf 86' lang='lat' dir='ltr'><strong>ma</strong></span> <span class='ocrx_word' id='word_1_411' title='bbox 971 2374 1051 2405; x_wconf 86' lang='lat' dir='ltr'><strong>pars</strong></span> <span class='ocrx_word' id='word_1_412' title='bbox 1065 2363 1159 2403; x_wconf 84' lang='lat' dir='ltr'><strong>coeli,</strong></span> <span class='ocrx_word' id='word_1_413' title='bbox 1174 2372 1251 2404; x_wconf 78' lang='lat' dir='ltr'><strong>quae</strong></span> <span class='ocrx_word' id='word_1_414' title='bbox 1275 2362 1393 2395; x_wconf 80' lang='lat' dir='ltr'><strong>AEthra</strong></span> <span class='ocrx_word' id='word_1_415' title='bbox 1408 2363 1550 2406; x_wconf 84' lang='lat' dir='ltr'><strong>dicitnr,</strong></span> <span class='ocrx_word' id='word_1_416' title='bbox 1567 2371 1605 2398; x_wconf 88' lang='lat' dir='ltr'><strong>et</strong></span> 
     </span>
     <span class='ocr_line' id='line_1_64' title="bbox 900 2412 1604 2456; baseline 0.003 -10"><span class='ocrx_word' id='word_1_417' title='bbox 900 2424 997 2446; x_wconf 91' lang='lat' dir='ltr'><strong>suum</strong></span> <span class='ocrx_word' id='word_1_418' title='bbox 1035 2414 1163 2445; x_wconf 87' lang='lat' dir='ltr'><strong>retinet</strong></span> <span class='ocrx_word' id='word_1_419' title='bbox 1191 2412 1348 2444; x_wconf 88' lang='lat' dir='ltr'><strong>ardorem</strong></span> <span class='ocrx_word' id='word_1_420' title='bbox 1386 2419 1535 2456; x_wconf 82' lang='lat' dir='ltr'><strong>tenuem,</strong></span> <span class='ocrx_word' id='word_1_421' title='bbox 1566 2424 1604 2448; x_wconf 87' lang='lat' dir='ltr'><strong>et</strong></span> 
     </span>
     <span class='ocr_line' id='line_1_65' title="bbox 899 2464 1602 2506; baseline 0.004 -10"><span class='ocrx_word' id='word_1_422' title='bbox 899 2466 992 2496; x_wconf 78' lang='lat' dir='ltr'><strong>nulla</strong></span> <span class='ocrx_word' id='word_1_423' title='bbox 1016 2464 1223 2496; x_wconf 79' lang='lat' dir='ltr'><strong>admissione</strong></span> <span class='ocrx_word' id='word_1_424' title='bbox 1246 2469 1457 2506; x_wconf 83' lang='lat' dir='ltr'><strong>concretum,</strong></span> <span class='ocrx_word' id='word_1_425' title='bbox 1471 2471 1508 2498; x_wconf 89' lang='lat' dir='ltr'><strong>et</strong></span> <span class='ocrx_word' id='word_1_426' title='bbox 1525 2477 1602 2499; x_wconf 86' lang='lat' dir='ltr'><strong>cum</strong></span> 
     </span>
     <span class='ocr_line' id='line_1_66' title="bbox 899 2515 1475 2556; baseline 0 -9"><span class='ocrx_word' id='word_1_427' title='bbox 899 2515 987 2547; x_wconf 68' lang='lat' dir='ltr'><strong>aeris</strong></span> <span class='ocrx_word' id='word_1_428' title='bbox 1000 2515 1220 2547; x_wconf 79' lang='lat' dir='ltr'><strong>extremitate</strong></span> <span class='ocrx_word' id='word_1_429' title='bbox 1233 2515 1475 2556; x_wconf 63' lang='lat' dir='ltr'><strong>conjungitur!</strong></span> 
     </span>
    </p>

    <p class='ocr_par' dir='ltr' id='par_1_10' title="bbox 899 2567 1603 2709">
     <span class='ocr_line' id='line_1_67' title="bbox 942 2567 1601 2610; baseline 0.003 -12"><span class='ocrx_word' id='word_1_430' title='bbox 942 2570 1004 2598; x_wconf 77' lang='lat'><strong>137</strong></span> <span class='ocrx_word' id='word_1_431' title='bbox 1032 2567 1090 2606; x_wconf 73' lang='lat' dir='ltr'><strong>Tu,</strong></span> <span class='ocrx_word' id='word_1_432' title='bbox 1103 2576 1172 2598; x_wconf 69' lang='lat' dir='ltr'><strong>mea</strong></span> <span class='ocrx_word' id='word_1_433' title='bbox 1195 2575 1315 2598; x_wconf 75' lang='lat' dir='ltr'><strong>samma</strong></span> <span class='ocrx_word' id='word_1_434' title='bbox 1333 2569 1474 2606; x_wconf 68' lang='lat' dir='ltr'><strong>potestas</strong></span> <span class='ocrx_word' id='word_1_435' title='bbox 1497 2567 1601 2610; x_wconf 70' lang='lat' dir='ltr'><strong>Nate]</strong></span> 
     </span>
     <span class='ocr_line' id='line_1_68' title="bbox 899 2614 1603 2656; baseline 0.003 -8"><span class='ocrx_word' id='word_1_436' title='bbox 899 2616 1052 2648; x_wconf 83' lang='lat' dir='ltr'><strong>Imitatio</strong></span> <span class='ocrx_word' id='word_1_437' title='bbox 1066 2617 1272 2656; x_wconf 77' lang='lat' dir='ltr'><strong>virgiliana:</strong></span> <span class='ocrx_word' id='word_1_438' title='bbox 1318 2615 1328 2632; x_wconf 90' lang='lat'>‘</span> <span class='ocrx_word' id='word_1_439' title='bbox 1346 2614 1438 2647; x_wconf 86' lang='lat' dir='ltr'><strong>Nate</strong></span> <span class='ocrx_word' id='word_1_440' title='bbox 1452 2625 1538 2650; x_wconf 80' lang='lat' dir='ltr'><strong>meae</strong></span> <span class='ocrx_word' id='word_1_441' title='bbox 1554 2618 1603 2650; x_wconf 82' lang='lat' dir='ltr'><strong>vi·</strong></span> 
     </span>
     <span class='ocr_line' id='line_1_69' title="bbox 899 2664 1394 2709; baseline -0.008 -10"><span class='ocrx_word' id='word_1_442' title='bbox 899 2678 965 2708; x_wconf 81' lang='lat' dir='ltr'><strong>res,</strong></span> <span class='ocrx_word' id='word_1_443' title='bbox 981 2678 1059 2701; x_wconf 87' lang='lat' dir='ltr'><strong>mea</strong></span> <span class='ocrx_word' id='word_1_444' title='bbox 1071 2677 1199 2701; x_wconf 81' lang='lat' dir='ltr'><strong>summa</strong></span> <span class='ocrx_word' id='word_1_445' title='bbox 1216 2664 1394 2709; x_wconf 69' lang='lat' dir='ltr'><strong>potentia:</strong></span> 
     </span>
    </p>
   </div>
  </div>
 </body>
</html>
