1800 3060
229 221 285 263 84
705 232 746 263 ι».
780 232 970 264 PAP1N11
1004 232 1170 264 srA'ru

228 329 365 371 Alma
380 327 537 370 Venus
557 327 767 378 thalamo,
788 329 923 382 pulsa
943 328 1077 370 modo
1098 331 1243 379 nocte,
1259 328 1456 384 jacebat,

230 396 462 450 Amplexu
481 395 591 436 duro
612 394 760 437 Getici
779 397 980 438 resoluta
1000 396 1163 438 mariti.

231 465 410 515 Pulcra,
431 470 644 518 torosque
666 464 796 515 Deae,
817 468 1010 506 tenerum
1032 465 1187 518 premit
1208 476 1361 518 agmen
1380 463 1591 508 Amorum
1609 480 1620 509 t

230 533 366 586 Signa
387 535 555 586 petunt,
575 545 688 585 quas
709 531 819 574 ferre
839 532 979 582 faces,
997 545 1098 586 quae
1116 536 1297 586 pectora
1317 532 1394 587 figi

229 600 452 654 Imperet3
484 612 540 640 an
561 600 689 640 terris
709 600 886 650 saevire,
909 613 966 642 an
986 601 1112 642 malit
1132 601 1177 640 in
1199 600 1348 651 undis,

228 666 302 709 An
323 668 509 709 miscere
531 666 671 716 Deos,
694 679 750 707 an
770 667 916 709 adhuc
938 681 1103 709 vexare
1122 667 1385 709 Tonantem.

230 736 328 789 Ipsi
348 735 518 776 animus
538 734 757 785 nondum;
790 748 873 777 nec
892 735 1015 776 cordi
1037 735 1127 776 fixa
1150 735 1382 778 voluntas:

234 801 353 843 Fusa
367 801 492 856 jacet
513 802 674 853 stratis,
695 802 773 842 ubi
794 803 1018 856 quondam
1041 803 1227 844 conscia
1244 803 1389 857 culpae

1633 535 1692 577 55

230 920 282 952 via
298 922 425 959 Lacteu,
441 923 522 954 alma
542 922 657 962 Venus,
675 927 745 954 orto
758 922 827 962 jam
851 923 911 962 die,
926 923 1119 956 recumbebat
1134 924 1167 955 in
1182 924 1273 964 lecto,
1287 924 1388 956 soluta
1402 923 1491 956 duris
1503 922 1695 966 amplexibus

233 965 341 996 Getici
353 965 506 1005 conjugis.
550 966 659 996 Illonis
672 966 780 997 cohors
798 966 987 1007 Cupidinum
1001 967 1114 1007 premit
1129 967 1239 1005 fulcra
1253 970 1285 998 et
1299 967 1412 999 lectum
1425 967 1517 999 Deoe.
1553 967 1695 999 Poscant

231 1009 391 1047 mandata,
415 1019 492 1049 quus
505 1008 617 1047 jubent
640 1012 767 1049 portare
790 1010 903 1047 taedas,
918 1020 987 1050 quae
1003 1011 1097 1040 corda
1112 1009 1246 1050 confodi,
1259 1019 1300 1042 un
1315 1009 1404 1041 malit
1419 1010 1530 1042 soevire
1543 1009 1578 1041 iu
1589 1010 1695 1049 undis,

231 1061 272 1082 an
287 1051 321 1082 in
335 1054 433 1088 terra,
453 1062 493 1083 an
505 1051 689 1092 perturbare
704 1052 801 1091 Deos,
815 1062 855 1082 an
869 1053 1065 1094 inflammare
1087 1052 1186 1083 adhuc
1199 1050 1333 1084 Jovem?
1355 1052 1424 1094 Ipsi
1447 1053 1580 1084 nondum
1597 1061 1696 1091 mena,

230 1103 286 1125 nec
307 1098 426 1126 certum
450 1094 614 1126 consilium
637 1094 750 1126 animo.
794 1094 951 1134 Fatigatu
977 1095 1069 1126 cubat
1095 1095 1129 1126 in
1154 1096 1276 1136 stratis,
1301 1095 1354 1127 ubi
1376 1096 1528 1136 quondam
1554 1094 1694 1127 Lemniae

847 1178 1045 1190 “eume“
1050 1179 1066 1190 o
1070 1179 1088 1190 ο

231 1234 403 1266 barth—53
427 1234 497 1265 Pro
519 1234 626 1265 Getici
639 1234 761 1266 venet.
778 1237 808 1266 l.
823 1234 933 1274 groeci.
967 1234 1153 1266 Santenius
1177 1234 1351 1267 dubitavit
1373 1244 1415 1267 an
1430 1244 1496 1267 non
1513 1234 1695 1273 legendum

232 1279 299 1308 sit:
324 1276 481 1317 Amplexu
498 1277 607 1308 Getici
621 1278 712 1318 duro,
727 1277 942 1317 transpositis
956 1278 1166 1309 verbis.—55
1194 1278 1337 1310 Nostras
1348 1277 1477 1319 Jortin,
1490 1279 1523 1309 in
1548 1277 1695 1310 Miscell-

234 1320 338 1352 Obss.
360 1320 438 1351 Vol.
459 1328 497 1351 11.
524 1331 556 1360 p.
574 1322 649 1351 218.
665 1326 699 1351 et
724 1320 904 1351 Nodellius
930 1319 973 1351 ad
999 1319 1120 1352 Avien.
1148 1331 1182 1362 p.
1199 1323 1271 1353 110.
1294 1320 1383 1362 conj.
1409 1330 1467 1362 qua
1482 1320 1695 1360 ferresucen:

230 1363 353 1394 Heius.
369 1363 403 1393 in
421 1363 571 1403 margine
585 1362 713 1394 codicis
728 1363 915 1394 Burmanni
937 1364 1069 1394 notavit
1084 1374 1154 1404 quo,
1173 1365 1226 1394 vel
1241 1363 1533 1404 quis‚ferrefaces,·
1557 1363 1694 1395 Barthii

231 1406 342 1437 codex
357 1406 463 1437 hahet
477 1406 558 1446 quis,
581 1406 800 1446 improbante
827 1405 1064 1438 flamna-58
1086 1409 1096 1424 ‘
1115 1406 1161 1437 N.
1179 1406 1297 1438 Heius.
1313 1417 1390 1438 cum
1407 1407 1597 1448 conjiceret
1614 1406 1698 1437 scri-

233 1447 384 1480 bendum
399 1458 476 1480 esse
491 1448 575 1487 ausi,
592 1453 650 1480 aut
662 1449 764 1490 coepti,
780 1449 1032 1490 proprietatem
1048 1449 1254 1488 pronominis
1269 1451 1334 1490 ipse
1355 1458 1422 1481 non
1439 1448 1696 1481 consideravit!

235 1491 345 1524 Hand.
374 1491 546 1523 Schrader
560 1492 729 1523 correxit:
752 1491 820 1532 Ipsi
841 1491 955 1523 animis
975 1493 1122 1531 nondum,
1134 1494 1266 1532 nec‚85c.
1294 1492 1450 1524 Haudius
1466 1495 1546 1533 post
1561 1492 1697 1523 nondum

235 1535 349 1576 posuit
363 1544 508 1576 comma,
522 1539 600 1575 post
613 1535 755 1566 voluntas
770 1537 1037 1576 punctu111.-59
1060 1534 1248 1574 Fessajacet
1264 1535 1364 1570 codd.
1383 1538 1420 1567 et
1432 1535 1510 1568 edd.
1524 1540 1611 1567 vett.
1627 1543 1697 1566 mu-

898 1620 1039 1654 NOTAE

235 1695 311 1727 quae
342 1690 422 1716 sunt
451 1690 566 1726 partes
597 1685 802 1718 firmamenti
830 1686 939 1718 multo

237 1736 426 1774 densiores,
440 1741 476 1767 et
492 1736 583 1767 inter
597 1746 633 1767 se
650 1736 830 1768 distantes.
862 1736 940 1768 Fal-

1036 1689 1076 1716 55
1093 1684 1194 1725 Signa
1205 1685 1333 1727 petunt]
1356 1685 1456 1716 More
1472 1683 1699 1726 militari‚quo

995 1739 1138 1767 tesserae
1155 1736 1229 1777 peti
1251 1736 1385 1767 soleant
1405 1735 1449 1766 ab
1483 1734 1698 1775 Imperatore

233 1788 318 1819 litur
333 1786 553 1826 Aristoteles,
569 1787 624 1829 qui
654 1793 753 1828 putat
775 1787 941 1819 circulum

236 1839 387 1870 lacteum
400 1838 551 1870 existere
567 1839 599 1869 in
613 1839 751 1878 regione
767 1838 864 1870 a‘eris.
886 1837 943 1868 In-

237 1887 331 1920 cedit
347 1889 437 1919 enim
454 1889 600 1920 circulus
616 1890 748 1920 lacteus
762 1893 942 1930 perpetuo,

238 1944 276 1970 ut
293 1938 410 1970 videre
426 1946 480 1970 est
508 1940 598 1980 apud
625 1940 850 1971 Ptolemaeum
867 1940 942 1972 loco

238 1989 359 2029 citato,
387 1995 423 2021 et
451 1990 669 2030 experientia
697 1995 849 2030 constat,
878 2000 943 2032 per

238 2041 482 2082 Cassiopeiam,
507 2042 673 2082 Cycnum,
696 2041 856 2082 Aquilam
885 2051 942 2072 vo-

238 2091 377 2131 lantem,
403 2091 572 2132 Sagittam
591 2091 780 2132 Sagittarii,
803 2095 839 2123 et
865 2101 943 2123 cau-

238 2142 315 2174 dam
339 2142 487 2182 Scor-pii,
514 2142 739 2180 Centaurum,
762 2140 857 2183 Argo
887 2151 945 2172 na-

237 2203 327 2234 vem,
345 2192 452 2234 pedes
469 2192 705 2229 Geminorum,
717 2191 945 2231 Heniochum,

238 2250 274 2275 ct
305 2245 484 2283 Perseum,
509 2247 548 2275 ut
574 2242 761 2274 clarissime
787 2246 887 2283 patet
910 2243 943 2273 in

240 2294 341 2334 globo
359 2294 471 2335 aliquo
483 2293 712 2325 astronomico
726 2304 734 2333 ;
748 2292 838 2334 quod
851 2292 943 2333 equi-

239 2345 316 2375 dem
335 2344 495 2375 Manilius
523 2344 666 2384 pulchre
689 2342 855 2376 describit
883 2343 942 2374 lib.

239 2404 266 2426 1.
289 2396 297 2411 ‘
317 2395 477 2426 Lactenm
504 2393 689 2426 circulum’
712 2399 813 2425 vocat
841 2394 944 2426 Ovid.

240 2445 330 2475 Met.
347 2453 372 2476 1.
392 2445 472 2485 iter,
486 2454 554 2485 quo
571 2444 685 2485 superi
702 2444 742 2476 ad
754 2444 876 2476 Jovem
889 2453 944 2476 ac·

240 2495 380 2525 cedunn

283 2547 325 2576 53
352 2544 460 2576 Getici
475 2545 598 2585 mariti]
632 2545 772 2585 Martis,
787 2545 845 2586 qui
861 2544 946 2575 dici-

241 2600 297 2627 tur
315 2595 460 2635 Geticus,
481 2595 572 2636 quod
602 2594 719 2626 sedem
746 2595 884 2635 habeat,
907 2599 946 2626 ut

241 2646 361 2676 volunt
377 2645 508 2680 Poetae,
536 2644 625 2683 apud
644 2644 800 2676 Thraces
815 2649 852 2676 et
876 2643 945 2676 Ge-

241 2700 293 2726 tas
326 2694 553 2727 ferocissimas
590 2699 721 2734 gentes.
778 2695 947 2726 Pindarus

241 2746 344 2776 etiam
362 2749 465 2776 vocat
481 2745 629 2776 Martem
646 2744 737 2776 πόσιν
753 2745 947 2787 Ἀφροδίτας,

242 2795 389 2827 maritum
408 2794 550 2835 Veneris,
565 2794 709 2836 Pythiis.

995 1795 1035 1818 ac
1051 1786 1203 1826 tribuno,
1220 1791 1256 1817 ut
1272 1796 1315 1818 ex
1342 1785 1500 1827 Polybio,
1520 1785 1698 1825 Suetonio,

997 1841 1030 1868 et
1049 1837 1124 1867 aliis
1140 1840 1248 1877 patet.

1042 1887 1128 1922 Quas
1134 1886 1224 1924 ferre
1232 1883 1334 1926 faces,
1347 1893 1416 1926 quoe
1429 1887 1554 1926 pectora
1558 1883 1642 1927 figi]
1654 1883 1701 1916 Α-

996 1946 1110 1968 mores
1126 1938 1214 1968 enim
1231 1937 1325 1969 faces
1337 1942 1374 1969 et
1386 1947 1503 1969 arcum
1519 1938 1700 1979 gerebant,

998 1990 1036 2018 ut
1051 1987 1242 2019 videbimus
1257 1986 1357 2019 infra.

1040 2041 1080 2070 57
1107 2038 1293 2079 Tonantem]
1317 2041 1327 2057 ⁴
1343 2038 1499 2071 Tonans'
1524 2039 1700 2081 proprium

1000 2091 1189 2132 epithetum
1203 2091 1311 2127 Jovis,
1326 2094 1366 2121 ut
1381 2090 1479 2131 pueri
1495 2090 1621 2122 sciunt.

1042 2145 1085 2172 59
1111 2141 1173 2172 Ubi
1188 2142 1339 2182 quondam
1353 2139 1473 2172 conscia
1499 2141 1596 2181 culpae
1611 2140 1702 2172 Lem-

999 2193 1053 2223 nia
1083 2195 1243 2232 repserunt
1272 2192 1420 2232 deprenso
1447 2191 1573 2223 vincula
1593 2191 1702 2232 furto]

1000 2241 1135 2273 Alludit
1151 2241 1263 2272 Poeta
1279 2241 1320 2273 ad
1334 2239 1500 2282 fabulam,
1524 2251 1591 2284 qua
1617 2241 1702 2273 dici-

1001 2298 1058 2323 tur
1076 2292 1259 2328 Vulcanus,
1275 2301 1352 2323 cum
1366 2292 1533 2323 Venerem
1556 2296 1592 2322 et
1608 2292 1704 2323 Mar-

997 2348 1066 2375 tem
1085 2343 1117 2374 in
1129 2343 1299 2375 adulterio
1312 2342 1608 2383 deprehendisset,
1621 2343 1701 2375 ada-

997 2394 1156 2424 mantinis
1172 2402 1212 2424 ac
1227 2391 1461 2424 subtilissimis
1483 2393 1611 2425 catenis
1633 2394 1703 2425 col-

998 2444 1123 2485 ligasse
1140 2444 1279 2480 lectum,
1303 2443 1337 2473 in
1355 2442 1611 2484 quojacebant‚
1631 2453 1701 2475 am-

1000 2495 1130 2536 bosque
1155 2494 1231 2524 Diis
1262 2493 1468 2525 deridendos
1495 2493 1701 2526 exhibuisse.

999 2543 1145 2583 Lemnia]
1176 2543 1218 2574 Id
1235 2549 1300 2583 est,
1323 2543 1502 2584 Vulcania,
1528 2543 1606 2585 quia
1622 2544 1703 2575 Vul-

1000 2604 1118 2634 canus,
1132 2594 1174 2624 de
1198 2593 1286 2625 coelo
1312 2593 1485 2634 dejectus,
1509 2593 1639 2625 cecidit
1666 2593 1702 2624 in

1002 2645 1166 2676 Lemnum
1180 2643 1338 2684 insulam,
1353 2643 1406 2674 vel
1422 2643 1500 2684 quia
1515 2643 1548 2674 iu
1561 2643 1625 2674 hac
1650 2642 1701 2674 in-

1001 2696 1075 2726 sula
1092 2693 1260 2726 officinam
1284 2693 1448 2734 habebat,
1476 2694 1554 2726 hinc
1576 2695 1586 2711 ‘
1605 2694 1703 2725 Lem-

1001 2745 1096 2777 nius'
1122 2749 1273 2777 vocatus.
