1800 3060
208 207 295 249 376
709 219 747 248 P.
783 217 972 248 PAPiNu
1008 218 1172 249 srArn

212 315 318 358 Non
337 328 471 356 unum
493 314 687 368 gaudens
710 313 910 357 Phoebea
931 314 987 356 ad
1008 314 1160 356 limina
1182 327 1341 356 munus
1621 315 1678 358 80

212 383 445 426 Misisses:
467 383 638 436 patrias
659 395 776 423 nunc
798 388 956 424 vertex
978 383 1102 423 solus
1125 382 1183 424 ad
1204 395 1306 424 aras

210 452 428 505 Naviget:
449 453 564 493 hunc
586 451 728 492 multo
744 451 921 505 Paphie
940 451 1170 492 saturabat
1189 463 1379 501 amomo,

212 520 350 561 Hunc
369 532 489 561 nova
510 520 755 573 tergemina
774 519 1005 573 repetebat
1024 518 1185 560 Gratia
1206 517 1380 559 dextra.

210 587 335 630 Huic
356 591 402 629 et
422 587 631 642 purpurei
653 587 789 628 cedat
810 599 940 628 coma
961 586 1120 628 saucia
1142 585 1262 636 Nisi,

210 657 270 698 Et
290 668 425 711 quam
447 655 664 710 Sperchio
683 655 878 698 tumidus
899 654 1104 696 servabat
1124 651 1337 695 Achilles.
1619 654 1676 698 85

209 786 322 817 donum
345 785 435 816 loetus
460 784 595 816 misisses
620 785 663 815 ad
688 784 837 824 templum
857 782 1044 823 AEsculapii.
1088 783 1183 814 Nunc
1204 783 1264 814 soli
1286 783 1387 815 crines
1408 787 1482 815 eant
1507 784 1549 814 ad
1568 783 1678 824 patria

210 829 336 860 altaria.
383 828 505 869 Paphie
526 828 629 860 Venus
652 827 708 859 lios
734 825 890 858 imbuebat
914 826 1011 857 naalto
1040 835 1180 863 amomo,·
1203 827 1257 857 has
1281 826 1408 857 Gratioe
1431 826 1614 858 alternatim
1638 836 1676 859 ac

208 871 323 912 saepius
344 873 494 912 pectendo
519 870 699 911 repetebant
723 868 899 909 tergemina
921 878 1026 900 manu.
1065 869 1206 909 Capillus
1223 878 1397 910 purpureas
1421 869 1497 901 Nisi
1511 870 1561 901 his
1572 870 1676 908 cedat,

209 917 241 945 et
265 914 331 955 ille,
347 925 438 956 quem
451 914 599 956 superbus
622 913 762 946 Achilles
779 911 881 944 alebat
897 911 1060 953 Sperchio.
1108 912 1214 943 Cum
1203 912 1265 954 apsi
1279 913 1401 944 Earino
1423 913 1614 954 propositum
1628 915 1677 944 est

818 995 1061 1021 ”u2m01‘0

210 1083 315 1114 bante
332 1082 487 1114 Barthio.
490 1083 573 1113 —81
601 1082 670 1113 Pro
687 1084 799 1112 vertex
810 1081 917 1112 solas'
909 1090 942 1112 m
959 1079 1115 1112 omnibus
1139 1079 1285 1111 Domitii
1308 1079 1409 1112 codd.
1425 1085 1502 1111 erat
1514 1081 1600 1111 soleas
1613 1081 1677 1112 eic-

207 1129 288 1163 tor,·
279 1125 394 1157 ·unde
409 1125 466 1156 ille
483 1125 650 1166 gloriatur
673 1134 708 1156 se
734 1124 906 1165 vulgatam
935 1123 1059 1155 fecisse
1082 1127 1192 1155 vertex
1214 1124 1304 1155 solus.
1328 1123 1525 1155 Parmensis
1540 1133 1676 1165 quoque

208 1169 291 1200 solus
310 1168 411 1199 victor
436 1169 477 1199 ad
489 1177 572 1200 oras.
617 1168 821 1199 Bernartius
838 1172 938 1199 notat
961 1167 995 1198 iu
1015 1166 1257 1216 manuscriptis
1280 1166 1382 1197 codd.
1398 1165 1502 1198 fuisse
1518 1176 1598 1198 nunc
1612 1167 1674 1198 cri-

207 1212 280 1249 nis;
296 1214 332 1243 et
347 1211 395 1242 sic
412 1211 495 1252 legit
516 1210 709 1242 Politianus
727 1209 841 1250 Epist.
858 1220 909 1242 v1.
925 1212 956 1242 1.
969 1209 1061 1241 forte
1078 1219 1121 1241 ex
1137 1209 1289 1249 scriptis.
1334 1209 1489 1241 ‘Veram
1502 1215 1586 1250 puto
1603 1210 1675 1240 Do-

208 1254 299 1285 mitii
323 1253 626 1286 emendationem!
651 1254 862 1285 MarkL-sa
886 1252 990 1284 Aldd.
1015 1253 1124 1284 Colin.
1153 1252 1286 1294 Gryph.
1302 1252 1407 1284 Basil.
1433 1253 1548 1284 Plaut.
1567 1252 1673 1284 Gras-

208 1307 273 1330 ser.
291 1297 433 1330 Gevart.
459 1299 526 1329 &c.
549 1296 691 1338 pectebat
717 1296 839 1327 Gratia
853 1307 866 1334 ‚·
891 1296 989 1328 Rom.
1006 1302 1043 1327 et
1063 1296 1205 1327 Venett.
1227 1305 1302 1326 cum
1322 1301 1391 1327 vet.
1420 1295 1678 1336 Lindenbrogii,

207 1341 379 1382 repetebat,
405 1340 574 1382 probante
602 1339 778 1385 Gronov-io
803 1340 838 1371 in
865 1339 975 1371 Diatr.
1000 1348 1078 1380 cap.
1094 1340 1237 1370 34.-8³
1262 1338 1348 1370 Huic
1371 1341 1402 1370 et
1422 1338 1572 1380 purpurei
1587 1340 1674 1371 cedet

875 1433 1015 1465 NOTAE

250 1514 292 1543 80
326 1511 401 1542 Non
429 1520 524 1542 unum
550 1509 679 1550 munus]
713 1510 795 1541 Duo
824 1508 914 1540 enim

207 1562 370 1602 misisses,
386 1560 528 1593 barbam
554 1560 703 1600 scilicet,
719 1564 756 1591 et
769 1559 914 1600 capillos

207 1622 249 1644 ex
273 1612 395 1644 eodem
425 1620 532 1643 more.
576 1609 715 1642 Phoebea
728 1611 770 1640 ad
789 1607 914 1649 limina]

206 1663 264 1696 Ad
281 1663 447 1704 templum
463 1661 650 1702 AEsculapii
662 1659 785 1692 Pboebi
796 1659 870 1692 filii.

249 1718 290 1747 81
314 1714 449 1746 Patriae
461 1712 550 1754 aras]
572 1713 792 1753 Pergameas.
838 1711 915 1743 Ver-

205 1770 261 1798 tex
276 1764 372 1806 solus]
397 1764 516 1796 Crines
532 1763 595 1795 soli
610 1763 749 1804 capitis.

248 1819 291 1849 82
317 1815 453 1856 Paphie]
476 1815 608 1853 Venus,
631 1813 712 1855 quia
735 1812 826 1854 apud
853 1812 916 1843 Pa-

206 1868 310 1909 phum
331 1866 491 1907 religiose
513 1865 702 1897 colebatur.
747 1865 852 1895 Multo
865 1873 916 1895 sa·

206 1917 334 1950 tumbae
350 1915 485 1956 amomo]
509 1915 606 1947 Nihil
622 1914 735 1947 notius
759 1914 916 1956 antiquos

206 1967 462 2010 pretiosissimis
487 1967 666 2008 unguentis
693 1975 823 1998 comam
839 1975 915 2007 per-

206 2018 365 2058 fundere,
380 2027 422 2049 ac
436 2026 566 2058 ungere
583 2017 702 2049 solitos
714 2026 800 2048 esse.

251 2070 292 2100 83
323 2068 420 2101 Hunc
450 2077 528 2098 nova
555 2067 730 2107 tergemina
759 2065 916 2107 repetebat

206 2118 382 2161 [pectebat]
406 2117 525 2150 Gratia
550 2117 681 2158 dextra]
707 2118 862 2149 Romana
877 2126 917 2149 ac

206 2173 346 2203 Veneta
358 2170 481 2210 editio,
492 2170 661 2212 repetebat,
675 2169 767 2211 quod
778 2170 897 2200 melius
907 2180 916 2209 ;

205 2223 360 2264 pectebat,
376 2221 467 2263 quod
493 2220 620 2252 Aldina
634 2220 779 2260 invexit,
794 2229 915 2260 angus-

208 2275 278 2306 tius
295 2274 356 2306 illo
371 2277 438 2310 est,
454 2277 490 2304 et
505 2271 567 2304 sub
582 2271 642 2303 illo
657 2271 916 2312 comprehendi·

205 2332 273 2359 tur.
319 2326 493 2368 Repete-bat
521 2331 589 2365 est,
620 2333 715 2366 saepe
744 2322 912 2356 comebat.

206 2378 319 2410 Porro
349 2387 428 2409 nova
458 2377 647 2417 eleganter,
674 2375 753 2416 quia
781 2373 914 2406 Gratiae

206 2428 271 2460 sibi
287 2427 524 2459 succedebant
539 2426 616 2459 aliae
631 2426 706 2458 aliis
718 2425 762 2458 ad
777 2434 914 2457 comen-

207 2479 268 2510 dos
277 2479 338 2510 bos
349 2478 480 2510 crines:
498 2478 588 2519 aliae,
601 2487 668 2509 non
681 2477 827 2518 eaedem,
838 2486 915 2509 cum

207 2534 280 2562 tres
309 2529 388 2560 sint.
431 2528 489 2560 Sic
519 2528 554 2559 in
585 2528 662 2560 aliis
691 2528 791 2568 hujus
819 2527 918 2560 verbi

204 2582 214 2599 ‘
228 2577 411 2622 repetere’
434 2578 597 2620 frequens
620 2589 710 2611 usus.
755 2578 918 2610 Petroni-

208 2641 270 2663 us:
295 2629 593 2671 ‘Repetitumque
623 2628 752 2661 infesto
780 2628 916 2670 gurgite

207 2681 346 2715 hausit.'
381 2680 612 2714 Quintilianus
629 2680 663 2711 in
679 2680 915 2711 Declamatio-

207 2732 331 2764 nibus:
363 2731 471 2764 ‘Cum
493 2734 586 2762 esset
606 2730 651 2761 de
664 2734 784 2770 stupro
799 2730 914 2762 uxoris

208 2782 417 2825 appellatus,
452 2790 531 2816 cum
558 2780 684 2814 deinde
718 2779 914 2823 repetitus?

969 1506 1100 1539 Eodem
1117 1507 1168 1539 usi
1185 1507 1298 1539 Livius
1314 1513 1350 1539 et
1367 1508 1562 1539 Suetonius.

1011 1561 1052 1590 84
1076 1558 1206 1599 Saucia]
1230 1558 1272 1590 Id
1297 1563 1364 1598 est,
1388 1567 1574 1599 purpurea,
1596 1567 1673 1590 san-

967 1610 1105 1651 guinea,
1119 1609 1225 1641 saucii
1249 1609 1396 1641 colorem
1413 1608 1580 1641 referens.
1614 1610 1675 1642 Sic

970 1662 979 1679 ‘
993 1671 1087 1693 mora
1102 1659 1312 1702 sanguinea‚'
1336 1660 1347 1677 ‘
1361 1660 1565 1701 sanguineas
1581 1660 1675 1692 ebuli

968 1711 1119 1750 baccas‚’
1140 1713 1150 1730 ‘
1164 1717 1309 1744 cruenta
1334 1713 1473 1753 myrto,’
1494 1711 1584 1743 dixit
1599 1712 1676 1743 Ma-

970 1774 1020 1797 ro.
1065 1764 1256 1796 ‘Rubidam
1273 1762 1452 1804 spumam,’
1477 1763 1551 1804 apri
1575 1773 1675 1796 cruo-

971 1825 1043 1848 rem
1064 1815 1246 1847 candidum
1269 1813 1371 1845 Silius
1393 1814 1582 1846 imitatione
1597 1813 1676 1846 Vir·

972 1866 1064 1906 gilii:
1086 1866 1096 1883 ‘
1109 1865 1178 1898 Qui
1193 1874 1328 1906 spumas
1343 1864 1414 1905 agit
1434 1874 1493 1895 ore
1506 1863 1674 1897 cruento.'

973 1915 1063 1956 Nisi]
1089 1916 1192 1948 Nisus
1205 1915 1392 1947 Pandionis
1407 1914 1510 1955 filius,
1524 1924 1584 1946 rex
1599 1915 1674 1947 Me-

971 1976 1077 2007 garae,
1099 1965 1248 1998 babebat
1272 1965 1399 1997 crinem
1421 1974 1628 2006 purpureum
1651 1969 1674 1998 a

970 2027 1038 2059 quo
1055 2017 1194 2058 propria
1205 2015 1365 2058 urbisque
1378 2016 1470 2047 salus
1486 2016 1674 2056 pendebat.

970 2069 1075 2100 Hune
1090 2069 1202 2101 secuit
1217 2069 1334 2109 Scylla
1348 2067 1432 2108 filia,
1463 2068 1673 2111 tradiditque

971 2120 1080 2151 Minoi
1096 2120 1274 2160 Megaram
1286 2118 1469 2151 obsidenti.
1515 2119 1611 2151 Nota
1624 2119 1675 2153 fa-

971 2171 1062 2202 bula.
1106 2170 1196 2202 Vide
1207 2169 1311 2202 Ovid.
1329 2170 1418 2201 Met.
1433 2178 1517 2201 vm.

1012 2225 1052 2254 85
1069 2221 1232 2263 Sperchio]
1244 2220 1428 2262 Sperchius
1437 2219 1560 2252 fluvius
1569 2221 1674 2253 Thes-

969 2273 1077 2313 saliae,
1091 2272 1149 2314 qui
1173 2272 1281 2303 oritur
1307 2271 1340 2302 in
1364 2271 1464 2303 Pelio
1486 2276 1616 2312 monte,
1636 2276 1675 2305 et

967 2324 1003 2356 in
1026 2323 1137 2355 sinum
1152 2322 1339 2354 Maliacum
1356 2320 1555 2356 effunditur.
1599 2322 1673 2354 Ser-

967 2375 1060 2407 vabat
1071 2373 1226 2415 Achilles]
1240 2373 1393 2406 Achillea
1403 2382 1503 2405 coma
1513 2373 1673 2414 celebris,

968 2431 1005 2458 et
1030 2425 1247 2467 pervulgata,
1272 2429 1344 2456 tum
1371 2423 1483 2465 quoad
1499 2423 1674 2465 prolixita-

971 2479 1042 2508 tem
1068 2485 1108 2508 ac
1131 2475 1351 2515 densitatem,
1367 2479 1438 2506 tum
1454 2473 1566 2516 quoad
1580 2474 1674 2506 colo·

971 2536 1045 2558 rem
1074 2535 1114 2558 ac
1141 2530 1377 2558 venustatem:
1399 2534 1474 2557 eam
1489 2524 1672 2566 gratiorem

972 2586 1054 2609 auro
1075 2586 1115 2608 ac
1131 2575 1358 2608 venustiorem
1381 2575 1489 2608 tradit
1506 2575 1674 2616 Papinius

971 2626 1158 2660 Achilleid.
1181 2636 1208 2659 1.
1255 2627 1449 2668 ‘Fulvoque
1470 2626 1562 2658 nitet
1575 2635 1673 2659 coma

969 2679 1101 2719 gratior
1117 2676 1222 2709 auro.'
1266 2677 1313 2708 Et
1329 2677 1556 2708 Philostratus
1572 2677 1608 2709 in
1621 2682 1672 2710 ta·

968 2728 1050 2760 bula
1065 2727 1220 2760 Achillis.
1263 2727 1360 2759 Idem
1373 2727 1454 2759 alibi
1468 2737 1622 2769 sparsam
1635 2731 1673 2760 et

969 2779 1136 2822 prolixam
1151 2778 1212 2811 dat
1227 2778 1305 2811 huic
1319 2777 1342 2811 J
1347 2778 1457 2810 uveni.
1498 2778 1584 2811 Eam
1612 2787 1673 2811 aa·
