1800 3060
543 217 821 250 synvsuum
857 217 951 247 Lm.
975 216 1048 247 111.
1075 204 1118 246 3.
1472 202 1559 244 349

112 324 230 377 Quis
249 322 447 377 Superos
468 322 672 362 metuens
692 318 856 373 pariter
875 320 942 359 tot
961 315 1139 370 templa,
1161 318 1227 357 tot
1249 327 1349 356 aras

109 389 413 434 Promeruisse
433 388 591 429 daturi
621 385 780 427 summi
800 383 830 426 J
834 385 931 426 ovis
952 384 1088 435 aliger
1106 383 1252 425 Arcas

109 458 336 501 Nuntius:
364 455 590 498 imbrifera
606 454 774 509 potitur
790 451 1114 493 Thaumantide
1133 449 1163 493 J
1167 464 1253 492 uno
1270 464 1282 493 t

110 525 209 568 Stat
227 524 343 566 celer
361 524 577 578 obsequio
591 523 723 578 jussa
742 521 800 563 ad
821 519 1051 574 Neptunia
1067 518 1248 560 Triton:

109 593 181 636 Tu
199 592 332 635 toties
347 594 517 634 mutata
534 590 695 632 ducum
711 589 820 644 juga
840 589 919 630 rite
937 587 1079 630 tulisti

111 660 304 714 Integer,
324 659 458 714 inque
479 659 599 700 omni
619 658 730 700 felix
750 662 827 698 tua
847 657 1007 711 cymba
1025 654 1259 710 profundo.

110 726 302 781 Jamque
319 725 442 780 piam
461 726 541 767 lux
560 725 653 767 alta
672 724 864 774 domum,
886 724 1195 778 praecelsaque
1214 725 1310 766 toto

111 793 302 837 Intravit
322 793 512 836 Fortuna
529 793 688 847 gradu:
711 792 808 848 jam
829 791 1019 834 creditur
1037 792 1114 834 uni

1503 380 1559 422 80

1504 721 1563 765 85

112 903 158 932 tot
174 899 252 933 Diis
274 908 398 940 operam
418 898 631 941 prestitisse?
661 898 764 930 Arcus
784 898 886 930 alatus
911 897 1039 929 ammius
1056 900 1105 929 est
1122 897 1256 939 supremi
1268 896 1371 930 Jovis.
1415 896 1564 928 Plus-iota

114 942 315 992 mic
376 942 384 949 ‘
425 941 546 974 Junoni
559 941 749 991 furnulum.
797 941 908 972 Triton
929 944 1070 981 promtus
1094 944 1141 972 est
1166 941 1208 972 ud
1232 939 1453 981 obsequendum
1466 939 1568 979 jussis

110 985 266 1026 Neptu-n.
374 995 448 1016 uero
462 985 525 1016 rite
538 985 642 1016 telesti
655 984 819 1025 imperium
838 986 885 1015 tot
899 984 1091 1014 diversorum
1107 983 1298 1015 dominorum
1313 984 1442 1022 iuoem,
1458 985 1489 1014 et
1509 986 1565 1013 tna

107 1025 254 1069 phaselus
257 1027 399 1067 feliciter
412 1028 549 1059 enotavit
561 1027 592 1058 in
608 1027 690 1058 omni
704 1027 795 1059 mari.
828 1027 964 1066 Jamque
971 1027 1082 1065 ingens
1091 1026 1230 1067 splendor
1244 1029 1277 1057 et
1286 1026 1426 1057 sublimis
1431 1025 1565 1064 fortuna

110 1071 207 1103 subiit
219 1073 286 1102 toto
296 1071 400 1111 gradu
410 1071 481 1112 pias
504 1071 586 1102 aedes
599 1074 679 1102 tuus.
719 1070 796 1101 Jam
810 1070 867 1101 ani
889 1069 1095 1101 committitur
1117 1068 1282 1110 dispositio
1304 1078 1463 1101 sacrarum
1483 1067 1566 1100 diti-

711 1151 953 1165 “enom“

112 1218 200 1252 certi
214 1228 328 1252 sumus
341 1229 384 1252 ex
399 1229 501 1252 sensu
516 1224 551 1252 et
566 1219 686 1252 ordine
702 1219 928 1252 narrationis:
954 1220 1111 1262 primum,
1128 1218 1252 1260 inquit,
1265 1218 1396 1251 Tiberii
1412 1217 1488 1250 aula
1503 1216 1568 1250 tibi

115 1262 253 1303 patuit;
274 1272 338 1295 nee
353 1262 471 1304 abegit
486 1263 641 1304 Caligula
658 1263 829 1303 proximus
851 1263 981 1301 haeres3
1005 1262 1066 1294 sed
1092 1263 1126 1295 in
1153 1267 1251 1294 actus
1275 1262 1466 1303 praecipuos
1492 1261 1569 1293 sub-

114 1306 210 1337 vexit
225 1305 401 1342 cumdius,
415 1310 452 1338 et
467 1306 654 1338 transmisit
670 1311 704 1337 te
719 1306 908 1337 successori
924 1306 1069 1337 Neroni.
1113 1305 1208 1338 Nihil
1222 1305 1372 1337 certius:
1396 1309 1433 1336 et
1448 1303 1569 1336 eodem

115 1347 236 1391 ordine
251 1357 310 1380 eos
336 1353 494 1381 recenset
518 1349 657 1381 Tacitus
673 1348 741 1380 An.
767 1357 793 1380 1.
816 1348 927 1387 initio,
949 1349 1068 1380 Sidon.
1087 1347 1199 1389 Apoll.
1216 1357 1251 1380 v.
1265 1350 1339 1380 322.
1357 1351 1394 1380 et
1409 1356 1475 1379 vu.
1493 1348 1568 1378 104.

115 1389 183 1422 Sed
198 1390 523 1432 minimeepitheton
537 1392 627 1431 longo
641 1392 802 1423 convenit
818 1391 951 1428 Neroni,
971 1401 1046 1433 quae
1070 1401 1153 1423 vera
1177 1396 1232 1423 est
1254 1391 1359 1423 Statii
1382 1391 1568 1432 scriptura.

115 1433 218 1464 Latet
232 1433 367 1475 aliquod
385 1434 514 1466 Neroni
530 1434 716 1476 proprium,
737 1438 774 1465 et
786 1434 876 1476 quod
893 1443 1003 1466 mores
1019 1433 1094 1474 ejus
1109 1434 1292 1475 exprimit;
1313 1437 1413 1473 torvo,
1429 1433 1484 1464 vel
1500 1433 1570 1464 tale

115 1475 310 1517 quidpiam:
333 1476 376 1508 de
393 1487 459 1518 quo
473 1477 657 1509 tacendum
672 1486 779 1519 usque
804 1476 883 1508 dum
910 1477 1123 1517 exemplaria
1147 1476 1272 1519 aliquid
1298 1476 1569 1508 subministrent.

114 1517 212 1549 ‘fero
238 1518 367 1551 Neroni
381 1518 391 1533 '
413 1520 575 1561 Protrep.
604 1520 715 1561 Crisp.
745 1519 813 1551 33!
850 1520 1059 1552 Morka—79
1081 1522 1090 1537 ‘
1104 1520 1283 1561 Conjicio:
1318 1519 1398 1556 Quis
1419 1519 1571 1560 Superum

109 1559 395 1603 sumamma,
417 1565 471 1605 ξε.
503 1563 643 1604 antiqua
671 1561 841 1594 scribendi
866 1563 1019 1594 ratione:
1044 1561 1126 1594 inde
1149 1562 1242 1594 istud
1270 1562 1417 1603 Superos.
1461 1562 1570 1593 Potes

117 1603 242 1635 etiam:
278 1605 359 1641 Quis
380 1605 511 1646 Superis
520 1605 695 1643 famulans,
716 1605 770 1645 ξε.
793 1604 854 1636 sed
879 1605 957 1645 hoc,
983 1605 1097 1636 nescio
1130 1605 1200 1645 qui,
1231 1605 1342 1636 minus
1376 1605 1571 1636 statianum

118 1645 266 1679 videtur.
310 1647 460 1680 Omnino
484 1649 613 1689 optime
643 1648 707 1680 hoe
732 1647 834 1679 modo
856 1648 1070 1689 scripsisset:
1096 1648 1158 1680 Cui
1179 1647 1333 1689 Superum
1347 1647 1483 1688 famulo,
1504 1645 1571 1687 ⁸ch

776 1739 809 1772 N
812 1738 918 1772 01¹AE

119 1800 188 1833 Sed
223 1800 308 1833 nihil
341 1802 549 1835 mutandum.
607 1803 815 1836 Graeeismus
868 1804 952 1844 liger
978 1805 1079 1836 Arcus
1110 1804 1265 1845 Nuntius]
1287 1803 1500 1835 Mercurium
1523 1803 1574 1834 in-

119 1852 211 1884 euim
245 1856 314 1884 est.
356 1853 368 1871 ‘
382 1853 502 1895 Nepos
536 1854 640 1886 habet
675 1854 815 1896 longus’
870 1857 1008 1897 telligit,
1020 1856 1053 1888 in
1064 1856 1214 1888 Arcadia
1229 1860 1360 1896 natum,
1376 1860 1414 1887 et
1429 1855 1500 1886 alas
1513 1855 1574 1886 ha·

119 1901 211 1935 idem
225 1907 291 1944 est,
303 1903 396 1946 quod
419 1914 526 1946 nepos
540 1905 644 1938 habet
668 1907 818 1948 longum.
872 1907 1024 1939 bentem.

120 1953 286 1995 Virgilius
297 1965 308 1987 z
332 1956 343 1974 ⁸
352 1954 477 1987 AEneas
488 1965 525 1987 se
537 1956 725 1988 matutinus
739 1966 820 1998 age-

121 2002 206 2044 bat:
225 2003 338 2046 idest,
350 2014 462 2038 mane.
492 2006 717 2047 Propertius:
741 2008 751 2025 ‘
763 2007 820 2038 AE·

122 2058 308 2096 ternaeque
339 2059 433 2087 tuam
466 2060 590 2097 pascat
619 2057 738 2090 Aselle
772 2057 822 2090 fa·

123 2103 234 2135 mem-'
276 2104 347 2136 Pro
366 2110 544 2138 aeternum.
588 2107 721 2148 Nepoti]
752 2108 822 2139 Ne-

125 2154 212 2187 roni.
254 2155 346 2187 Nam
363 2155 568 2198 Agrippina,
582 2163 695 2190 mater
711 2160 822 2191 Nero·

126 2205 193 2245 uis,
208 2205 323 2246 neptis
334 2212 411 2238 erat
423 2206 569 2239 Claudii.
604 2209 715 2241 Porro
728 2210 822 2242 Nero

128 2256 294 2287 suecessit
322 2256 477 2297 Claudio,
506 2262 544 2289 et
566 2260 822 2299 quatuordecim

126 2305 223 2338 annis
237 2305 431 2348 imperavit.

170 2359 215 2389 '19
237 2357 318 2393 Quis
339 2357 638 2401 Super-onmium]
660 2361 745 2393 Quis
758 2365 825 2401 est,

132 2407 196 2448 ait,
219 2407 372 2439 minister
397 2409 565 2449 Deorum,
580 2410 638 2452 qui
669 2414 721 2442 tot
748 2411 824 2443 Diis

130 2461 270 2498 operam
291 2467 438 2500 unquam
456 2460 671 2501 praestiterit,
685 2465 722 2492 et
738 2461 827 2502 pari·

130 2511 187 2540 ter
214 2507 429 2550 satisfecerit,
452 2514 536 2550 quot
556 2514 595 2541 tn
616 2511 829 2552 imperatori·

133 2558 218 2591 bus?
239 2569 318 2592 nam
348 2561 500 2592 Deorum
527 2561 673 2593 ministri
703 2562 827 2603 singuli

133 2609 271 2650 singulis
299 2610 472 2642 serviunt:
497 2617 533 2642 tu
560 2611 604 2642 de
632 2612 748 2644 multis
770 2613 830 2644 im-

135 2659 348 2699 peratoribus
361 2660 447 2692 bene
458 2661 599 2693 meritus
611 2670 659 2694 es.

179 2710 221 2739 80
241 2708 364 2752 Datur]
383 2710 426 2742 Id
442 2715 510 2750 est,
523 2711 661 2743 dicitur.
689 2712 700 2730 ‘
713 2713 809 2744 Dare
820 2711 830 2726 ’

139 2765 200 2798 pro
221 2757 347 2798 dicere,
376 2765 414 2796 ut
441 2761 520 2793 alibi
544 2762 742 2795 monuimus.
784 2763 831 2794 A·

916 1960 955 1988 81
980 1956 1151 1996 Imbrifera
1175 1955 1418 1996 Thaumantide]
1442 1955 1484 1987 Id
1510 1960 1577 1994 est,

873 2007 968 2039 Iride
981 2007 1201 2039 Thaumantis
1215 2006 1297 2047 filia,
1321 2016 1399 2048 quae
1413 2005 1577 2044 imbrifera

875 2058 1015 2098 dicitur,
1037 2058 1116 2099 quia
1140 2058 1207 2090 Iris
1228 2067 1287 2089 seu
1304 2067 1404 2090 arcus
1427 2057 1576 2089 coelestis

874 2108 1019 2140 denotat
1033 2108 1194 2149 pluviam.

918 2161 961 2190 82
985 2158 1112 2199 Τήεοιι]
1128 2158 1288 2190 Minister
1301 2158 1470 2200 Neptuni.
1486 2157 1577 2189 Vide

874 2208 983 2241 Theb.
1000 2218 1037 2242 v.
1048 2212 1126 2241 7⁰⁷.

919 2262 961 2291 83
984 2260 1124 2301 Ducum]
1146 2259 1413 2299 Imperatorum.
1446 2259 1579 2291 Mutata

867 2309 966 2349 juga]
998 2310 1090 2343 Quia
1120 2309 1274 2350 pluribus
1305 2309 1576 2350 Imperatoribus

877 2360 1056 2391 servierat.

920 2411 963 2440 84
987 2409 1083 2440 Omni
1104 2409 1274 2451 profundo]
1295 2408 1461 2441 Homines
1487 2409 1578 2441 enim

881 2459 961 2491 dnm
983 2459 1103 2492 vivunt
1129 2464 1372 2501 comparantur
1394 2469 1471 2492 cum
1488 2461 1581 2492 navi-

883 2509 1063 2551 gantibus3
1101 2510 1172 2542 vita
1197 2511 1289 2542 enim
1314 2511 1497 2552 exponitur
1525 2521 1581 2541 va·

880 2561 939 2591 riis
956 2559 1128 2601 periculis,
1142 2566 1179 2592 ut
1193 2561 1394 2602 navigantes
1405 2562 1439 2592 in
1451 2562 1548 2592 mari.

923 2614 965 2643 85
998 2611 1072 2642 Lux
1094 2612 1174 2654 altu]
1216 2611 1259 2643 Id
1287 2617 1353 2652 est,
1380 2612 1579 2653 dignitates,

883 2671 959 2703 qnae
974 2662 1146 2694 illustrant
1166 2662 1322 2696 familias.
1370 2663 1446 2695 Toto
1463 2661 1585 2703 gradu]

883 2712 964 2743 Hoe
977 2712 1118 2744 denotat
1133 2712 1305 2746 fortunam
1320 2713 1444 2746 favisse
1465 2714 1582 2746 Etrus-

885 2772 925 2794 co
941 2766 1072 2795 tantum
1082 2769 1246 2806 quantum
1263 2768 1410 2805 poterat.
