1800 3060
230 207 318 249 464

730 216 772 247 P.
805 214 995 247 PAPINII
1028 215 1193 248 STA‘rll

234 312 466 362 Comcbat‚
485 311 825 366 semper‘claros
846 313 1007 354 intrare
1027 317 1216 368 penates

232 378 492 430 Assuetum,
515 382 559 421 et
579 379 692 421 felix
713 380 991 423 dominorum
1014 386 1246 424 stemmate
1271 383 1459 437 signum.

232 447 365 490 Nunc
387 460 565 502 quoque
583 447 646 503 (si
666 461 813 490 mores
832 449 1111 503 humanaque
1131 455 1316 504 pectora
1336 464 1457 493 curae

234 515 389 558 Nosse
412 513 546 570 Deis)
575 529 659 557 non
682 516 786 558 aula
806 517 1003 570 quidem,
1023 517 1269 572 Tirynthie,
1292 530 1377 560 nec
1396 522 1441 559 te

234 582 406 636 Regius
427 583 565 624 ambit
584 584 747 626 honos:
780 584 862 626 sed
882 590 1022 636 casta,
1044 585 1286 639 ignaraque
1305 586 1449 640 culpae

233 650 369 692 Mens
390 649 576 702 domini,
598 651 670 693 cui
691 652 842 706 prisca
865 652 992 704 fides,
1015 659 1270 708 coeptaeque
1289 667 1479 709 perenne

234 718 408 760 Foedus
430 718 670 761 amicitiae:
702 721 787 762 scit
814 720 960 762 adhuc
980 721 1161 764 florente
1184 723 1268 764 sub
1291 735 1390 764 aevo

233 786 327 829 Par
346 787 518 840 magnis
538 786 754 829 Vestinus
777 789 890 839 avis,
909 802 1042 842 quem
1063 793 1194 831 nocte
1214 789 1376 844 dieque

236 853 404 908 Spirat,
423 857 469 896 et
487 854 533 896 in
553 867 669 897 carae
691 855 806 897 vivit
827 856 1145 909 complexibus
1165 857 1350 899 umbrae.

234 921 329 963 Hic
349 921 483 975 igitur
502 923 586 964 tibi
606 924 709 965 laeta
730 924 873 977 quies,
893 923 1135 965 fortissime
1158 924 1325 966 Divum

228 988 422 1033 Alcide:
452 1004 532 1033 nec
553 991 675 1034 bella
696 991 821 1034 vides
842 1004 1106 1046 pugnasque
1128 991 1311 1042 feroces,

236 1124 386 1155 eximium
400 1134 454 1156 oes.
500 1123 637 1164 Signum
651 1134 770 1165 semper
795 1128 952 1156 assuetum
975 1124 1080 1157 subire
1102 1125 1240 1157 illustres
1265 1124 1359 1164 lares,
1383 1126 1414 1155 et
1433 1123 1634 1163 fortunatum
1650 1124 1703 1155 do·

236 1167 392 1198 minorum
415 1167 590 1207 nobilitate,
615 1168 746 1199 ornabat
767 1178 903 1199 mensam
929 1167 1039 1210 Sylloe.
1087 1169 1181 1200 Nunc
1203 1167 1299 1199 etiam
1319 1166 1365 1208 (si
1379 1167 1442 1199 Dii
1455 1169 1569 1198 curant
1581 1176 1706 1198 noscere

235 1218 336 1240 mores
349 1214 379 1241 et
396 1213 514 1242 mentes
528 1210 702 1252 hominum)
716 1221 778 1242 non
791 1211 931 1252 equidem
946 1211 1089 1252 Palatia,
1110 1221 1165 1243 nec
1188 1220 1278 1250 reges
1304 1213 1334 1242 te
1351 1209 1510 1252 possident
1528 1209 1707 1251 Tirynthie,

237 1253 291 1283 sed
306 1253 367 1293 vir,
390 1254 478 1292 cujus
492 1257 597 1285 custus
619 1255 754 1293 animus,
775 1257 806 1286 et
828 1254 953 1285 sceleris
972 1264 1080 1295 purus,
1094 1255 1145 1286 cui
1157 1254 1262 1295 prisca
1267 1252 1366 1296 fides,
1380 1252 1498 1293 etjuge
1505 1250 1612 1290 foedus
1628 1252 1706 1283 ami·

236 1295 321 1343 citiae
332 1297 426 1327 semel
440 1297 613 1328 inchoatae:
635 1297 726 1328 testis
740 1297 834 1336 hujus
848 1297 948 1328 adhuc
968 1297 1129 1338 Vestinus,
1152 1297 1206 1338 qui
1226 1296 1260 1327 in
1276 1296 1414 1335 juvenili
1440 1298 1535 1327 oetate
1561 1295 1705 1336 aequabat

237 1342 379 1377 ingentes
393 1349 476 1374 avos,
491 1349 580 1380 quem
594 1343 687 1371 noctu
700 1340 814 1381 diuque
827 1340 861 1372 in
873 1343 975 1371 mente
990 1341 1092 1381 habet,
1106 1344 1137 1372 et
1149 1340 1183 1372 in
1194 1339 1280 1377 cujus
1294 1339 1417 1371 dilectoe
1427 1339 1545 1370 umbroe
1555 1337 1707 1378 amplexi-

238 1381 291 1412 bus
306 1381 396 1414 vivit.
441 1383 510 1414 Hic
524 1393 600 1423 ergo
613 1382 688 1415 loeta
701 1383 761 1415 tibi
783 1386 829 1415 est
850 1385 947 1423 sedes,
962 1382 1075 1416 Alcide
1090 1383 1230 1415 Deorum
1248 1381 1488 1423 generosissime
1498 1391 1509 1413 .·
1532 1391 1589 1412 nec
1604 1380 1706 1412 cernis

853 1477 1093 1490 OOO‘OCOOW

237 1555 397 1595 Egregius
422 1565 454 1596 p.
475 1556 680 1586 domos.-—8⁷
707 1544 856 1586 Coenabae'it
871 1554 968 1585 Rom.
993 1557 1062 1585 vet.
1082 1553 1325 1594 Lindenbrogii
1343 1557 1380 1585 et
1395 1553 1519 1584 Venet.
1534 1554 1566 1583 2.
1594 1551 1707 1582 Coena-

239 1598 285 1630 bit
303 1598 417 1629 Parm.
434 1604 470 1630 et
485 1597 586 1630 codd.
622 1597 789 1636 Domitii;
817 1597 961 1628 Ornubat
976 1596 1079 1628 Aldd.
1101 1597 1210 1628 Colin.
1228 1596 1363 1638 Gryph.
1380 1595 1487 1627 Rasin.
1507 1595 1624 1626 plant.
1639 1596 1705 1625 &c-

240 1641 379 1673 Canebat
395 1641 506 1673 codex
522 1641 681 1673 Senensis
695 1652 705 1680 ;
722 1640 813 1672 unde
829 1640 1025 1680 Scaligerus
1039 1639 1199 1678 Comebat,
1212 1642 1302 1681 quod
1321 1639 1449 1680 primus
1465 1637 1574 1669 edidit
1588 1636 1707 1668 Mark-

235 1684 459 1716 landus—90
478 1684 648 1726 Tirynthia
664 1684 781 1715 Parm.
796 1683 875 1715 Tin.
893 1688 929 1714 et
945 1683 1047 1715 eruc.
1068 1682 1233 1724 Tirynthie
1249 1686 1318 1714 vet.
1335 1681 1592 1722 Lindenbrogii,
1607 1680 1707 1712 Rom.

236 1726 365 1758 Venet.
380 1730 411 1759 2.
438 1727 543 1759 Aldd.
560 1729 714 1759 &c.—92
738 1727 833 1758 Mens
850 1726 951 1757 Nonii
964 1726 1025 1765 cui,
1038 1727 1090 1766 sse.
1107 1725 1264 1757 tentabat
1280 1724 1606 1756 Marklandus.—93
1624 1722 1707 1754 Par-

237 1770 365 1801 mensis
379 1781 387 1800 :
410 1770 454 1801 sit
479 1771 679 1802 adhuc—94
702 1769 833 1801 Eadem
862 1768 986 1800 editio:
1023 1768 1214 1808 Per-magnis
1243 1768 1390 1800 Vestinus
1416 1767 1507 1808 aquis
1513 1777 1526 1805 ;
1560 1764 1707 1798 Domitii

239 1813 416 1844 Calderini
434 1813 536 1845 codd.
571 1814 638 1844 Per
650 1813 774 1854 magnis
794 1811 942 1844 Vestinus
955 1820 1071 1852 aquas5
1095 1812 1184 1842 unde
1199 1811 1256 1842 ille
1272 1809 1381 1842 fecit:
1405 1810 1476 1841 Par
1490 1809 1613 1848 magnis
1632 1808 1706 1840 Ves-

237 1856 325 1887 tinus
346 1857 449 1897 aquis,
471 1861 510 1887 ut
534 1857 568 1888 in
593 1857 693 1888 Rom.
739 1855 941 1888 Lectionem
963 1858 1112 1885 nostram
1135 1854 1300 1885 exhibent
1322 1852 1427 1884 Aldd.
1445 1853 1555 1884 Colin.
1572 1851 1706 1891 Gryph.

236 1898 345 1931 Basil.
356 1899 472 1932 plant.
489 1903 526 1931 et
541 1901 777 1932 meeum—9⁷
795 1898 865 1931 Pro
880 1897 992 1929 Alcide
1008 1897 1214 1938 Parmensis,
1226 1897 1353 1928 Venet.
1366 1899 1398 1928 2.
1416 1899 1453 1927 et
1470 1901 1540 1927 vet.
1557 1894 1708 1926 Linden-

903 1992 1045 2026 NOTAE

239 2080 371 2103 summa
397 2080 474 2102 cum
501 2070 750 2102 inhumanitate
771 2079 811 2101 ac
829 2068 949 2101 crude-

240 2122 339 2154 litate
355 2122 512 2153 saevitum
526 2126 590 2153 est.
635 2120 788 2152 Tandem
810 2119 948 2160 Repub-

239 2174 306 2205 lica
321 2173 512 2214 composita
524 2172 744 2204 Dictaturam
761 2171 944 2213 deposuit:

242 2224 464 2265 unde,sperni
475 2227 624 2265 coeptus,
635 2222 798 2254 Puteolos
810 2221 950 2253 commi·

241 2275 367 2317 gravit,
383 2274 441 2306 ubi
457 2274 589 2315 morbo,
601 2274 658 2316 qui
669 2272 874 2305 Phthiriasis
889 2281 949 2314 ap-

242 2327 408 2368 pellatur,
423 2326 539 2368 periit.

284 2380 325 2409 87
354 2378 464 2409 Claros
494 2376 638 2418 penates]
678 2377 729 2408 Ut
758 2385 878 2417 regum
908 2384 949 2407 ac

240 2437 447 2461 summorum
461 2428 600 2468 ducum,
611 2431 650 2458 ut
664 2427 820 2458 vidimus.

285 2482 327 2511 88
351 2478 538 2519 Stemmate]
567 2478 610 2510 Id
626 2482 690 2515 est,
707 2477 890 2509 nobilitate
906 2485 948 2508 ac

243 2529 427 2572 splendore
444 2530 591 2570 generis.

284 2584 328 2613 89
350 2580 388 2612 Si
403 2590 500 2612 mores
515 2581 708 2621 humanaque
721 2582 852 2619 pectora
867 2588 951 2610 curoe

243 2630 359 2672 Nosse]
382 2630 507 2663 Similis
521 2630 646 2662 locutio
660 2629 827 2672 Epicedio
844 2629 951 2662 Glau-

242 2683 304 2716 ciae
323 2694 331 2715 :
363 2683 374 2702 ‘
389 2683 465 2715 Nec
481 2685 624 2723 pectora
638 2681 759 2713 novit?

284 2737 327 2766 90
355 2731 537 2775 Tirynthie]
559 2732 730 2764 Hercules
747 2742 766 2763 a
782 2731 952 2773 Tirynthe

245 2784 373 2827 oppido
397 2783 585 2826 Argolidis‚
610 2783 645 2815 in
668 2793 736 2826 quo
753 2788 853 2815 natus
879 2782 951 2814 sive

1004 2068 1093 2099 altus
1109 2067 1249 2099 dicitur.

1045 2121 1086 2150 91
1120 2118 1258 2160 Regius]
1288 2118 1368 2150 Non
1395 2118 1503 2149 solum
1527 2126 1603 2149 cum
1631 2125 1709 2157 pos-

1004 2169 1179 2201 sidebatur
1203 2170 1247 2201 ab
1277 2169 1489 2208 Alexandro,
1519 2168 1578 2199 ned
1604 2167 1708 2199 etiam

1003 2221 1203 2253 Hannibale
1220 2226 1256 2253 et
1271 2221 1366 2263 Sylla
1386 2220 1526 2252 summis
1538 2219 1695 2250 ducibus.

1045 2273 1088 2304 94
1105 2271 1265 2313 Vestinus]
1283 2271 1347 2303 Ille
1368 2274 1421 2303 est
1442 2269 1580 2302 Atticus
1595 2268 1708 2300 Vesti-

1003 2332 1065 2354 nus
1090 2324 1221 2364 consul,
1238 2333 1339 2365 quem
1350 2323 1446 2356 Nero
1461 2322 1572 2355 occidi
1592 2320 1709 2363 jussit,

1003 2374 1128 2406 nullius
1155 2381 1269 2406 tamen
1299 2373 1451 2407 criminis
1482 2377 1708 2414 compertum,

1005 2425 1065 2456 sed
1082 2426 1125 2457 ob
1141 2424 1308 2457 ferociam
1325 2424 1442 2464 animi,
1458 2433 1561 2466 qnam
1577 2427 1705 2455 metue-

1005 2475 1076 2508 bat.
1121 2476 1212 2507 Vide
1226 2475 1381 2508 Tacitum
1394 2473 1487 2511 Anu.
1504 2481 1565 2506 ιν.

1046 2531 1089 2560 96
1105 2528 1188 2568 Hic]
1202 2528 1242 2560 In
1258 2527 1359 2559 domo
1373 2524 1538 2558 Vindicis.

1047 2582 1089 2611 97
1112 2578 1239 2620 Alcide]
1252 2578 1419 2610 Hercules
1435 2575 1478 2608 ab
1502 2574 1608 2607 Alcen
1632 2584 1712 2607 avo.
1779 2596 1791 2604 .

1008 2630 1044 2662 N
1044 2639 1077 2662 ec
1090 2630 1168 2662 bella
1177 2631 1262 2661 vides
1268 2624 1592 2670 pugnasqueseroces]
1619 2625 1707 2659 Quae

1006 2681 1160 2721 videbas,
1176 2690 1252 2712 cum
1269 2689 1345 2711 eras
1360 2679 1450 2710 inter
1465 2684 1586 2710 manus
1603 2674 1708 2709 Alex-

1006 2731 1117 2772 andri,
1133 2729 1352 2769 Hannibalis,
1367 2731 1404 2760 et
1418 2727 1536 2770 Syllae.
