1800 3060
196 207 283 249 360

698 214 736 244 P.
769 212 962 244 PAP1N11
995 211 1161 243 STATn

194 311 346 366 Atque
368 311 546 365 hospes,
569 322 658 351 non
679 309 787 350 exul
805 312 922 350 erat:
944 321 1023 350 nec
1044 309 1174 362 plura
1192 311 1389 351 moratus

198 379 465 421 Romuleum
485 389 658 418 reseras
677 377 849 425 iterum,
871 375 1148 425 Germanice,
1169 375 1319 426 limen,

1566 377 1655 420 165

199 446 551 499 Moerentemque
573 443 715 493 foves,
736 442 1058 496 inclinatosque
1079 447 1272 496 penates

199 513 367 567 Erigis:
397 512 510 553 haud
529 512 703 561 mirum,
726 511 902 552 Ductor
919 509 1255 564 placidissime3
1277 509 1452 564 quando

198 580 316 622 Haec
336 583 419 630 est,
441 591 542 633 quae
564 579 696 620 victis
716 578 945 632 parcentia
964 577 1135 618 foedera
1155 576 1314 628 Cattis,

198 647 402 699 Quaeque
421 658 547 687 suum
567 645 709 686 Dacis
730 644 868 686 donat
888 644 1122 686 clementia
1139 649 1356 686 montem:

199 713 316 764 Quae
337 704 472 753 modo
496 712 811 754 Marcomanos
833 717 939 766 post
959 711 1135 752 horrida
1155 712 1283 763 bella,
1304 725 1531 768 vagosque
1566 713 1653 755 170

198 780 487 822 Sauromatas
507 779 641 822 Latio
661 791 752 821 non
773 782 840 820 est
860 778 1040 832 dignata
1059 779 1293 834 triumpho.

197 911 328 941 multum
341 911 514 948 cunctatus,
528 908 662 940 recludis
675 908 738 948 illi,
755 908 952 947 Ger-monice,
967 917 1075 939 rursus
1081 907 1171 946 fores
1185 906 1418 948 Imperator-ias,
1432 911 1464 939 et
1473 908 1585 939 solaris
1599 908 1654 938 do-

195 954 319 991 lentem,
333 956 364 984 et
388 951 506 983 relevas
519 951 651 989 dejectos
664 952 754 982 lares.
803 951 867 982 Nec
882 950 996 981 mirum
1011 953 1069 989 est,
1083 949 1238 981 lenissime
1259 950 1396 991 Imperat

1397 961 1444 989 or,
1465 960 1533 981 cum
1556 959 1593 981 ea
1606 953 1655 981 ese

196 995 371 1034 clementia,
401 1004 470 1034 quae
484 994 619 1033 ignoscit
633 994 788 1034 superatis
817 993 933 1030 Cattis,
951 992 1042 1032 sacto
1067 1002 1135 1023 cum
1156 992 1202 1023 eis
1220 992 1355 1030 soedere,
1372 1003 1409 1023 oc
1433 992 1536 1024 reddit
1552 992 1652 1023 Dacis

197 1048 286 1069 suum
311 1040 456 1077 montem,
471 1040 502 1068 et
516 1046 584 1077 que
603 1040 675 1077 post
689 1036 827 1068 crudelia
853 1035 930 1067 bella
944 1035 1045 1066 uoluit
1071 1036 1181 1066 ducere
1205 1035 1238 1066 ιἰι
1263 1035 1398 1076 trien-ph

933 1078 1011 1109 Jam
1034 1078 1109 1110 vitoe
1136 1079 1225 1109 adest
1240 1078 1403 1117 terminas,
1425 1081 1457 1110 et
1479 1076 1655 1118 inflexibile

198 1080 416 1112 Marcomanos
440 1082 471 1111 et
490 1080 633 1120 palantes
654 1078 867 1111 Sauromatas.

809 1173 927 1185 oooooo

1400 1045 1451 1067 um
1480 1036 1655 1066 mmmm

929 1173 1046 1185 eeeeee

199 1240 242 1271 ad
260 1240 463 1282 sequentia!
489 1239 720 1271 nomin—164
744 1239 754 1256 ⁴
771 1238 812 1270 In
824 1238 1055 1270 vetustissima
1070 1238 1220 1270 editione
1239 1237 1388 1276 invenio,
1410 1237 1512 1278 thue
1522 1237 1631 1278 hospes
1643 1247 1657 1274 ‚-

199 1288 312 1315 tamen
339 1288 461 1315 contra
482 1287 534 1314 tot
560 1283 703 1314 aliorum
726 1281 830 1314 libros
853 1281 936 1313 nihil
962 1281 1159 1314 mutandum
1187 1280 1296 1312 duco!
1313 1279 1536 1312 Barth—168
1561 1280 1654 1312 Cutis

861 1376 1002 1410 NOTAE

197 1454 281 1482 μενοι
293 1441 478 1485 χρήσαντος
491 1444 585 1483 Jura,
598 1442 710 1484 quibus
718 1452 794 1483 ergo
807 1442 899 1475 liber-

199 1498 246 1526 tos
269 1498 333 1526 tam
351 1495 421 1534 alii,
434 1504 525 1535 quam
550 1495 612 1535 ipsi
629 1494 756 1535 patroni
775 1497 899 1526 uteren-

198 1547 262 1576 tur.
308 1544 436 1586 Molles]
461 1545 611 1585 Propter
622 1544 739 1583 Baias,
751 1548 786 1575 et
799 1553 899 1575 amoe-

198 1595 373 1626 nissimum
398 1594 493 1626 inum
513 1599 683 1634 tractum3
707 1593 900 1635 Campania

198 1645 290 1677 enim
305 1650 381 1677 erat
393 1644 603 1678 fertilissima
617 1650 653 1677 et
676 1645 901 1677 amoenissima

200 1696 305 1728 totius
319 1696 433 1728 Italiae
449 1697 557 1737 regio,
565 1696 608 1727 ad
618 1696 796 1728 Orientem
809 1695 900 1727 Latii

199 1747 276 1779 sita.
308 1747 441 1778 Plinius
457 1747 517 1778 lib.
532 1756 588 1780 111.
603 1756 682 1787 cap.
697 1750 730 1777 5.
761 1747 772 1764 ‘
786 1744 900 1785 Hinc,'

198 1798 256 1835 ait,
269 1797 280 1815 ⁴
295 1795 380 1828 felix
394 1797 452 1829 ilia
466 1797 676 1838 Campania3
690 1795 733 1828 ab
746 1796 810 1827 hoc
825 1796 900 1827 sinu

199 1847 365 1889 incipiunt
381 1846 508 1879 vitiferi
531 1848 649 1887 colles,
671 1852 708 1879 et
735 1847 899 1879 temulen-

200 1898 248 1930 tia
273 1898 416 1937 nobiles,
430 1907 535 1930 succo
560 1907 622 1939 per
647 1906 766 1929 omnes
791 1903 898 1928 terras

195 1949 339 1989 inclyto,
349 1953 466 1989 atque,
478 1952 517 1980 ut
528 1953 663 1980 veteres
672 1947 804 1987 dixere,
812 1956 899 1978 sum-

196 2007 288 2030 mum
311 1997 428 2030 Liberi
452 1997 558 2039 patris
581 2007 659 2029 cum
681 1997 808 2029 Cerere
822 2006 895 2028 cer-

196 2048 337 2081 tamem'
379 2048 491 2080 Urbes
514 2048 707 2089 praecipuas
731 2047 813 2079 olim
839 2048 896 2078 ha-

198 2100 275 2132 buit
291 2100 455 2141 Capuam,
478 2099 670 2139 Neapolim,
692 2099 807 2137 Baias,
834 2099 900 2130 Cu·

196 2160 282 2191 mas,
292 2150 470 2190 Puteolos,
483 2149 622 2182 Nolam.
649 2149 838 2181 Diomedeas
848 2158 900 2180 or-

196 2201 263 2242 ces]
284 2200 453 2241 Intelligit
468 2199 715 2241 Argyrippam,
728 2198 900 2229 conditam

198 2262 218 2284 a
242 2250 413 2283 Diomede
449 2250 558 2291 Tydei
588 2249 682 2288 fili03
715 2248 899 2280 Diomedes

199 2303 302 2342 enim,
324 2306 404 2343 post
425 2300 596 2332 excidium
614 2299 724 2340 Trojae
742 2307 900 2330 reversus

196 2353 231 2384 in
257 2352 414 2394 patriam,
438 2360 515 2383 cum
541 2349 719 2382 didicisset
746 2347 900 2389 AEgialen

196 2411 335 2434 uxorem
359 2401 529 2433 adulterio
557 2400 722 2441 pollutam
745 2408 765 2430 a
786 2398 900 2439 Cylla-

196 2454 281 2486 baro
311 2453 471 2494 quodam,
496 2461 620 2485 exosus
648 2451 797 2490 domum,
821 2459 900 2482 con-

197 2503 313 2536 tendit
349 2503 382 2534 in
415 2503 565 2543 Italiam,
598 2502 828 2543 appulsusque
863 2500 898 2531 in

196 2553 370 2595 Apuliam,
386 2552 483 2594 regni
506 2557 638 2593 partem
655 2562 675 2583 a
694 2552 819 2583 Dauno
842 2559 898 2582 ac·

197 2603 304 2644 cepit,
320 2602 435 2644 ibique
449 2600 682 2642 Argyrippam
694 2599 863 2632 condidit.

242 2658 304 2687 164
329 2654 465 2695 Hospes,
485 2652 649 2693 menz]
673 2652 715 2684 Id
738 2655 803 2692 est,
829 2655 899 2683 tam

198 2707 274 2737 leve
290 2710 366 2737 erat
393 2703 532 2736 exilium
557 2702 707 2743 Etrusci,
723 2706 762 2733 ut
783 2704 900 2742 posset

197 2756 266 2788 dici
296 2765 364 2789 non
392 2755 472 2787 iiiuc
497 2753 706 2786 concessisse
733 2755 900 2794 'tanquam

953 1442 1045 1482 exul,
1057 1440 1117 1473 sed
1128 1440 1235 1472 solum
1246 1449 1288 1471 eo
1303 1439 1555 1480 peregrinatum
1567 1449 1654 1481 esse,

952 1501 1055 1523 causa
1071 1501 1224 1523 secessus
1241 1490 1374 1522 amoeui.

996 1545 1057 1574 165
1084 1541 1278 1582 Romuleum]
1303 1542 1505 1581 Romanum,
1520 1551 1579 1573 seu
1595 1552 1655 1584 po·

953 1593 1022 1625 tius
1035 1591 1311 1634 Imperatorium.

997 1645 1060 1674 168
1087 1642 1188 1675 Victis
1210 1641 1371 1682 parcentia
1388 1640 1513 1680 soedera
1536 1642 1657 1685 Cattis]

954 1694 996 1726 ld
1011 1699 1079 1735 est,
1095 1693 1208 1735 potuit
1220 1692 1354 1724 omnino
1369 1702 1410 1724 ac
1425 1691 1577 1724 funditus
1594 1693 1655 1725 de-

954 1745 1025 1777 lere
1056 1748 1193 1786 gentem
1220 1743 1413 1782 Cattorum,
1443 1742 1504 1775 sed
1535 1744 1656 1775 maluit

953 1804 1107 1836 parcere,
1134 1802 1320 1835 pacemque
1345 1793 1413 1824 iilis
1443 1793 1550 1826 dedit.
1595 1794 1653 1826 De

955 1845 1067 1877 Cattis
1085 1844 1163 1876 vide
1186 1844 1282 1885 Equo
1299 1844 1436 1875 Domit.

995 1896 1059 1926 169
1082 1894 1222 1934 Quaeque
1242 1903 1331 1924 suum
1361 1892 1461 1924 Dacis
1485 1893 1580 1924 donae
1593 1893 1654 1924 cle-

951 1945 1068 1977 mentia
1077 1944 1225 1984 montem]
1249 1943 1290 1975 Id
1306 1943 1533 1984 est,reddidit
1544 1944 1654 1976 Dacia

952 2004 1046 2027 suum
1062 1999 1225 2033 montem,
1240 2003 1316 2026 cnm
1336 1993 1401 2025 illis
1423 1993 1573 2025 adimere
1593 2003 1654 2034 po-

954 2045 1089 2086 tuisset,
1105 2054 1145 2076 ac
1161 2054 1220 2076 eos
1245 2043 1399 2076 funditus
1422 2044 1550 2076 delere.
1594 2044 1653 2076 De

952 2095 1059 2127 Dacis
1089 2104 1170 2127 vero
1200 2104 1240 2126 ac
1269 2103 1388 2126 eorum
1418 2097 1548 2133 monte,
1574 2093 1654 2125 vido

954 2156 1029 2188 quae
1045 2146 1189 2177 diximus
1203 2144 1309 2176 Theb.
1321 2153 1348 2176 1.
1362 2146 1414 2176 19.

998 2199 1061 2228 170
1086 2196 1164 2232 Qnae
1176 2196 1264 2226 modo
1273 2194 1568 2234 Marcomanospm
1579 2193 1652 2225 lior-

953 2247 1024 2278 rido
1037 2246 1126 2284 bena,
1138 2245 1209 2285 εμπ]
1233 2245 1284 2276 Ex
1299 2244 1364 2276 hoc
1387 2244 1464 2275 loco
1485 2244 1649 2275 discimus

954 2297 1208 2335 Marcomanos,
1259 2295 1501 2336 Sarmatasqne
1546 2295 1653 2326 etiam

955 2346 1045 2379 bello
1059 2346 1238 2378 lacessisse
1255 2344 1502 2385 Domitianum,
1526 2344 1652 2376 victos-

954 2406 1020 2438 que
1035 2394 1152 2428 fuisse.
1196 2394 1407 2426 Marcomani
1435 2397 1549 2425 autem
1572 2398 1651 2425 sunt

954 2446 1072 2488 populi
1094 2445 1264 2477 interioris
1281 2443 1490 2483 Germaniae,
1514 2443 1652 2484 Hercy-

953 2497 1017 2528 niae
1047 2496 1154 2536 nylvae
1179 2494 1320 2526 accolae.
1364 2492 1494 2533 Hodie,
1510 2493 1650 2534 Mor-wi,

954 2546 1008 2578 vel
1021 2545 1153 2577 Balneum·
1167 2543 1338 2575 dicuntur.

1007 2597 1066 2627 171
1092 2591 1312 2632 Sauromatas]
1354 2591 1523 2623 Sarmatae
1559 2600 1651 2625 nune

955 2646 1075 2680 Poloni
1092 2648 1265 2677 vocantur.
1319 2641 1394 2674 Non
1407 2645 1454 2674 ent
1467 2641 1563 2675 Latio
1576 2642 1650 2683 dig·-

952 2701 1028 2730 παίω
1043 2695 1214 2738 triumpho]
1239 2695 1327 2727 Nam
1343 2693 1385 2725 de
1396 2692 1563 2725 Sarmatis
1577 2693 1651 2725 lau-

953 2758 1045 2782 ream
1061 2748 1170 2780 solum
1192 2745 1272 2780 Jovi
1285 2743 1481 2787 Capitolino
1492 2743 1651 2779 retulisse
