1800 3060
538 218 816 252 srnvsnuu
850 218 947 250 mn.
979 218 1055 251 ιιι.
1086 206 1126 249 1.

103 314 276 359 Parvus
295 313 455 365 adhuc,
475 314 721 371 similisque
740 314 824 366 tui,
845 327 947 357 cum
966 314 1112 370 prima
1126 325 1330 355 novercae

100 381 304 426 Monstra
323 395 461 425 mauu
478 395 715 437 premeres,
735 385 868 436 atque
889 381 1147 424 exanimata
1167 379 1358 421 doleres.

98 450 192 493 Sed
209 462 416 505 quaenam
435 450 573 493 subiti
590 449 845 492 veneranda
862 447 1048 491 exordia
1068 447 1241 502 templi,

106 517 190 558 Dic
210 530 305 571 age,
327 516 561 572 Calliope:
590 517 741 558 socius
761 516 843 558 tibi
865 515 1028 569 grande
1049 514 1228 557 sonabit

98 583 298 635 Alcides,
315 588 528 640 tensoque
548 583 705 626 modos
725 582 967 625 imitabitur
987 595 1110 624 arcu.

99 650 298 706 Tempus
316 656 424 703 erat,
444 650 551 694 coeli
571 663 672 693 cum
694 649 1044 692 torrentissimus
1065 649 1170 690 axis

100 718 325 763 Incumbit
338 719 480 770 terris,
499 719 704 773 ictusque
725 717 984 773 Hyperione
1006 717 1146 758 multo

101 841 135 870 et
155 839 283 880 equali·
303 838 377 878 tibi,
396 848 467 871 cun
487 839 601 871 det-tro
615 838 743 870 elideret
759 837 863 878 prim
885 839 1031 877 portenta
1053 844 1191 867 ,ποτε
1212 837 1288 874 tac,
1310 835 1342 864 et
1365 841 1508 864 noereres
1522 841 1559 864 es

104 881 213 913 occisa.
243 881 367 914 Sodde‘e
380 891 452 922 nge,
465 882 614 923 Calliope,
624 879 805 922 ques-erit
818 884 953 920 uaga-sea
968 889 1062 911 cuasa
1075 878 1194 910 delubri
1207 878 1270 908 cito
1284 875 1435 908 aner-cti
1445 886 1456 907 .·
1471 874 1557 907 Her·

98 924 184 966 cules
206 928 277 956 tans
290 934 389 956 costes
402 924 462 956 tibi
484 924 591 964 mog-ni
631 934 649 956 e
663 922 869 964 respondebit,
889 926 919 953 et
940 922 1118 953 imitabitur
1139 920 1253 952 chorda
1267 927 1359 950 arcas
1382 919 1432 950 m·
1456 918 1560 949 modo·

101 969 181 999 tuos.
226 968 574 1009 remandatum

661 965 1006 1006 ceungeu-incubat
1022 961 1562 1005 terris,etaspersiriu⁸percunu

709 1065 949 1078 ‘mmo‘

100 1142 185 1171 -51
209 1139 307 1172 Unus
335 1140 445 1172 codex
471 1140 724 1181 manuscriptus
749 1142 891 1180 ιειιιοφιε

98 1182 275 1214 solvuntur
302 1183 382 1215 solis
407 1192 512 1225 super
550 1182 621 1214 icta
658 1181 800 1215 calore!

892 1140 989 1170 .—⁵3
1013 1141 1023 1156 ⁸
1038 1137 1171 1169 Recte:
1204 1136 1309 1168 Lucr.
1326 1143 1377 1166 τι.
1400 1134 1411 1151 ‘
1429 1132 1559 1165 Nubila

856 1181 994 1215 Tubero
1031 1189 1089 1221 ap.
1126 1179 1219 1212 Gell.
1257 1178 1363 1210 Noct.
1394 1175 1473 1209 Αιι.
1506 1183 1557 1207 vr.

759 1277 793 1311 N
796 1276 902 1311 01·AE

140 1355 184 1385 47
206 1352 288 1384 Ca-
296 1353 401 1394 pn‘no
414 1362 553 1386 neca-oe
574 1353 720 1385 Mosam
733 1362 799 1384 aa·

100 1413 143 1435 aa
153 1403 325 1445 Μ]
354 1403 538 1445 Hercules,
558 1413 638 1436 cnm
651 1404 687 1436 in
702 1403 799 1436 cunis

90 1454 243 1495 jaceret,
254 1454 341 1487 duos
350 1463 478 1495 angues
493 1464 515 1486 a
527 1453 550 1487 J
554 1463 665 1486 unone
675 1453 800 1486 immis-

101 1503 271 1536 soselisit.
313 1505 371 1537 De
383 1513 452 1547 quo
472 1504 552 1537 vide
578 1505 799 1547 Epigramms

101 1554 195 1587 Galli
210 1554 351 1588 Antinoi.
365 1555 425 1588 lib.
440 1564 492 1587 ιν.

141 1606 186 1636 48
205 1604 310 1645 Atque
333 1605 517 1637 exani-uota
542 1605 676 1646 doleres]
718 1605 798 1637 Non

102 1655 179 1686 line
193 1655 417 1695 intelligenda
429 1659 507 1687 sunt
527 1655 570 1686 de
593 1655 798 1688 draconibus

98 1704 269 1737 infantum
280 1705 503 1738 collusoribus
513 1716 523 1738 :
537 1715 729 1748 quanquam
738 1715 798 1737 no·

99 1761 175 1788 ιιιιι
186 1757 235 1789 sit
257 1757 341 1789 illud
364 1757 515 1790 Lucani:
537 1756 695 1788 ‘donatis
717 1757 799 1789 lusit

99 1808 315 1850 serpentibus
328 1807 463 1848 infans:
483 1812 520 1840 et
533 1807 581 1846 id,
592 1807 683 1850 quod
699 1807 797 1840 Luci·

98 1867 183 1890 anas
196 1857 303 1890 tradit
312 1858 357 1890 de
370 1859 519 1890 Pella-is.
551 1858 628 1891 Nec
640 1857 799 1900 profecto

101 1908 192 1940 tales
205 1908 347 1941 inimisit
356 1908 449 1942 Juno
463 1908 622 1946 Herculi,
637 1909 694 1951 qui
720 1917 798 1941 cum

99 1966 141 1990 eo
156 1957 328 1998 luderent,
352 1959 414 1990 sed
436 1958 495 2000 qui
518 1967 597 1990 enm
617 1958 797 2000 extingue·

98 2013 200 2040 rent:
221 2017 288 2040 nee
301 2009 382 2040 hinc
405 2008 574 2050 probatur
596 2007 797 2049 magnitudo

103 2058 208 2090 animi
222 2060 320 2100 parvi
334 2059 512 2098 Herculis,
534 2062 573 2090 ιιι
595 2062 696 2099 putat
720 2058 797 2090 Mo·

100 2109 227 2148 telina
248 2109 308 2141 sed
321 2109 386 2141 hoc
400 2109 509 2142 solum
530 2108 676 2141 denotat
688 2107 797 2140 infan-

97 2160 192 2192 rilem
205 2159 461 2200 simplicitatem
482 2159 653 2196 Herculis,
677 2164 716 2190 ιιι
737 2169 797 2200 op·

99 2211 184 2242 time
198 2214 315 2242 monet
330 2209 527 2242 Gevsrtins.
572 2209 728 2242 Imitatus
742 2214 798 2242 est

95 2261 187 2293 hunc
199 2261 310 2292 locum
324 2259 484 2291 Sidonius
504 2259 730 2301 Apollinaris,
751 2261 798 2292 E.

99 2311 222 2353 pitbal.
243 2310 390 2343 Polemii
411 2314 449 2342 et
464 2309 667 2342 Araneolae:
690 2310 796 2342 ‘Par-

96 2363 196 2394 vulus
205 2362 260 2393 hic
270 2361 404 2402 gemino
417 2361 552 2393 cinctus
561 2367 723 2403 serpente
737 2371 797 2394 no-

99 2419 211 2444 verea
234 2411 368 2444 Inscius
391 2410 522 2444 arridet
546 2412 717 2449 monstris,
745 2412 798 2444 lu·

97 2461 246 2504 dumque
273 2462 440 2504 putando,
460 2461 624 2503 Insidias,
646 2462 727 2495 dum
739 2472 798 2495 ne·

97 2512 178 2553 scit,
185 2517 289 2554 amat,
299 2513 464 2555 vultuque
473 2512 623 2546 dolentis
633 2514 798 2555 Extingui

98 2562 217 2603 deflet,
237 2573 322 2605 quos
342 2564 416 2604 ipse
437 2562 615 2604 interficit,
644 2564 796 2605 εοεαε)

98 2613 300 2646 Parrhasius
311 2614 422 2656 pinxit
430 2612 516 2645 dnos
526 2623 663 2654 pueros,
675 2614 710 2646 in
722 2615 795 2656 qui-

98 2662 164 2694 bus
176 2665 399 2704 spectabatur
413 2664 591 2704 securitas,
619 2669 657 2697 et
681 2665 796 2697 aetatis

101 2712 311 2753 simplicitas,
320 2718 359 2745 ut
374 2712 481 2745 refert
494 2713 638 2746 Plinius.

143 2765 186 2794 5⁰
209 2762 363 2804 Calliope]
386 2764 464 2796 Una
478 2773 522 2796 ex
543 2764 667 2806 Musis,
686 2770 795 2797 mater

854 1351 999 1393 Orphei.
1042 1349 1154 1382 socius
1175 1347 1321 1389 Alcides]
1351 1345 1556 1379 Plutarchus

853 1401 960 1435 refert
972 1403 1007 1434 in
1017 1401 1274 1436 Quaestionibns
1287 1399 1475 1432 Herculem
1487 1399 1557 1439 pri·

851 1463 944 1486 mum
954 1453 1111 1486 intulisse
1125 1452 1246 1484 literas
1260 1451 1296 1483 in
1313 1450 1463 1490 Italiam,
1477 1458 1556 1482 cum

852 1514 896 1536 ex
927 1503 1095 1546 Hispania
1129 1505 1379 1541 reverteretur,
1405 1508 1558 1532 causam·

852 1565 919 1598 qne
930 1555 1036 1587 fuisse
1053 1553 1212 1591 affirmat,
1236 1558 1276 1585 nt
1291 1552 1412 1584 eodem
1425 1551 1556 1592 templo

852 1616 931 1638 cum
953 1606 1064 1638 Musis
1097 1604 1286 1637 coleretur.
1343 1601 1435 1634 Haee
1459 1600 1554 1633 edes

854 1656 1017 1688 Herculis
1035 1655 1211 1687 Musarum
1242 1652 1442 1691 vocabatur,
1463 1655 1555 1683 teste

852 1706 1017 1740 Suetonio
1032 1705 1190 1747 Augusto
1214 1713 1290 1745 cap.
1304 1706 1358 1735 29.
1402 1701 1555 1743 Hujusce

851 1756 1029 1790 societatis
1053 1757 1221 1788 rationem
1243 1753 1346 1787 affert
1369 1753 1556 1785 Eumenius

852 1808 985 1840 Rhetor
997 1808 1039 1839 de
1050 1807 1183 1839 Scbolis
1199 1803 1421 1838 instituendis
1435 1814 1445 1835 ι
1468 1804 1480 1821 ‘
1496 1803 1555 1835 Ε-

851 1857 928 1889 dem
946 1857 1107 1890 Herculis
1117 1857 1297 1889 Musarum
1313 1855 1349 1886 in
1359 1854 1463 1887 Circo
1475 1853 1554 1885 Fla-

851 1907 955 1939 minio
970 1908 1110 1939 Fulvius
1123 1907 1181 1938 ille
1190 1906 1337 1938 nobilior
1351 1914 1395 1936 ex
1407 1903 1556 1945 pecunia

850 1959 1005 1991 censoria
1018 1958 1119 1998 fecit,
1133 1967 1201 1989 non
1219 1957 1254 1989 id
1279 1955 1382 1988 modo
1401 1959 1555 1995 secutus,

851 2010 941 2052 quod
957 2010 1031 2051 ipse
1046 2009 1156 2041 literis
1168 2013 1204 2040 et
1214 2017 1346 2039 summa
1359 2006 1459 2038 Ennii
1472 2005 1556 2037 ami-

851 2059 935 2091 citis
945 2058 1144 2097 duceretur,
1169 2057 1230 2089 sed
1246 2056 1337 2099 quod
1360 2056 1394 2087 in
1415 2055 1555 2088 Graecia

851 2119 929 2141 cum
943 2115 1036 2141 esset
1050 2110 1249 2150 imperator,
1259 2111 1447 2147 acceperat
1459 2105 1552 2137 Her·

850 2162 962 2193 cnlern
977 2162 1184 2202 Mnsageten
1196 2169 1284 2195 esse,
1303 2158 1338 2189 id
1364 2163 1432 2197 est,
1447 2157 1554 2189 comi-

850 2216 934 2253 tem,
949 2212 1140 2254 ducemque
1151 2211 1341 2242 Musarum.
1384 2208 1553 2249 Idemque

850 2262 978 2304 primus
990 2262 1088 2302 signa
1102 2269 1239 2298 novem,
1254 2259 1321 2290 hoc
1336 2261 1390 2289 est
1404 2256 1553 2288 omniurn

850 2314 1103 2350 Camoenarum,
1114 2321 1158 2343 ex
1168 2307 1408 2341 Ambraciensi
1423 2306 1554 2348 oppido

852 2363 1036 2401 translata,
1049 2362 1113 2394 sub
1130 2361 1240 2392 tutela
1251 2358 1427 2391 fortissimi
1441 2358 1553 2389 numi·

850 2414 902 2446 nis
918 2412 1152 2452 consecravit,
1169 2411 1250 2453 quia
1274 2409 1402 2442 mutuis
1427 2407 1554 2450 operis,

851 2469 887 2497 et
916 2463 1065 2506 praemiis
1083 2461 1215 2503 juvari,
1239 2460 1422 2502 ornarique
1449 2458 1554 2491 debe·

851 2518 940 2555 rent,
950 2514 1128 2545 Musarum
1144 2511 1240 2554 quies
1249 2510 1447 2543 defensione
1460 2509 1551 2541 Her·

850 2566 951 2604 culis,
979 2564 1088 2595 virtus
1125 2562 1287 2605 Herculis
1323 2570 1409 2593 voce
1434 2560 1551 2592 Musa-

849 2614 948 2648 rum.¹
991 2613 1134 2656 Alcides]
1156 2613 1341 2649 Hercules,
1353 2611 1398 2643 ab
1413 2620 1478 2642 svo
1489 2609 1551 2642 Al·

849 2676 937 2699 coeo.

892 2719 934 2748 51
959 2715 1112 2757 remque
1141 2713 1233 2755 ares]
1266 2713 1307 2745 Id
1334 2716 1399 2753 est,
1425 2711 1549 2744 tinnitu

850 2766 940 2799 tensi
954 2775 1063 2798 arcus.
