1800 3060
577 224 854 258 svnwuum
888 223 983 255 ma.
1015 223 1068 254 11.
1087 212 1130 254 7.

116 321 382 366 monstrabit
401 319 612 375 gaudeus,
633 319 910 374 similemque
929 318 1108 360 docebit
1128 328 1338 359 amorem.

1486 210 1574 253 269

1485 317 1572 359 105

115 445 400 496 latin-monstrabit
413 454 511 477 mores
524 454 561 476 ac
574 443 699 493 habitus
711 445 851 485 decoros,
869 447 902 476 et
922 442 1044 475 docebit
1057 442 1146 475 inam
1169 445 1200 474 te
1222 450 1341 481 amare,
1364 444 1400 472 at
1415 444 1445 472 et
1461 441 1526 482 ipse
1539 443 1571 472 te

115 492 243 521 name.

651 539 860 552 ooooooo

861 539 961 552 00000

65 623 68 625 >
115 597 266 631 Floreat.
291 602 328 630 et
349 598 474 631 venet.
498 600 532 630 2.
547 597 677 630 habeut
702 596 822 635 etiam,
843 596 992 632 ‹lea-oms,⁶
1012 594 1107 626 unde
1120 593 1367 626 Marklandus:
1391 593 1571 634 habitusque

113 641 352 674 dmm—105
378 642 493 674 Parm.
521 641 648 672 Venet-
676 641 710 671 2.
738 643 775 671 et
798 639 897 671 Rom.
923 638 1026 669 amari
1055 647 1118 680 pro
1147 647 1295 678 amorem,
1315 636 1406 679 quod
1437 637 1571 678 recepit

117 683 361 722 Marklaudus3
385 683 493 716 sedin
507 683 596 716 curis
611 681 770 714 secundis
785 680 908 722 corrigi
919 680 1035 722 jussit.

770 762 917 799 NOTAE

115 832 207 866 lioria
221 831 359 865 delicati
386 841 438 865 vs.
459 834 535 875 221.
580 830 694 863 Alium
723 830 815 863 forte

116 882 289 916 Philetum
315 882 368 914 aui
383 882 527 914 similem
553 881 618 913 tibi
642 881 758 913 mittet
772 881 816 912 ab

117 932 241 975 Elysiis
256 932 396 974 campis.
426 932 534 964 Mores
548 931 731 972 habitusque
745 931 818 972 [Im-

116 981 287 1024 urnaque]
310 983 438 1014 decoros
462 981 612 1023 [decoris]
649 982 717 1014 Ms.
740 982 817 1013 Flo-

118 1032 284 1072 rentinus,
297 1032 470 1064 Romanus
479 1037 515 1064 et
529 1032 686 1064 Venetus
705 1032 816 1064 codex

114 1083 242 1115 babent
262 1083 398 1114 decoros.

159 1134 220 1164 105
235 1131 432 1173 siaiu-qne
444 1132 566 1164 docebit
577 1131 727 1173 amorem]
745 1131 815 1163 De-

117 1183 152 1216 in
165 1182 296 1224 optima
310 1182 413 1214 lectio
424 1187 459 1214 et
470 1183 576 1224 ipsius
588 1183 702 1222 Statii,
718 1192 816 1224 quam

118 1242 182 1275 pro
194 1232 315 1264 ultimo
328 1232 433 1265 verbo
446 1233 576 1265 habent
592 1233 767 1264 Romanus
782 1238 818 1266 et

117 1282 469 1325 Venetusuim'lemqu
480 1283 600 1316 docebit
611 1283 722 1315 amari.
747 1284 817 1316 Ne-

426 1426 514 1456 vn.

869 840 936 872 que
963 829 1066 869 enim,
1082 830 1227 863 dicitur:
1251 829 1377 863 Forsan
1395 831 1451 862 ille
1470 830 1572 862 alium

870 879 968 912 dabit
981 880 1167 920 Philetum‚
1181 886 1219 912 et
1235 882 1267 912 ei
1284 881 1489 912 monstrabit
1505 890 1575 912 mo-

870 940 924 962 res
940 930 1163 972 habitumque
1188 929 1346 969 decoros,
1366 930 1573 972 docebitque

870 991 946 1014 eum
960 991 1123 1021 amorem,
1139 991 1208 1024 quo
1221 982 1295 1023 ipse
1307 982 1370 1014 tibi
1380 981 1573 1014 serviebat:

869 1032 929 1065 sed
953 1033 1016 1065 boe
1031 1033 1178 1065 diciturt
1211 1032 1324 1064 Dabit
1345 1032 1447 1064 alium
1460 1031 1576 1063 Phile·

871 1088 941 1114 tum
958 1083 1031 1119 tibi,
1048 1083 1123 1124 ejus
1144 1092 1256 1114 mores
1277 1082 1497 1124 habitumque
1513 1081 1574 1114 de·

870 1142 968 1164 coros
999 1133 1062 1164 tibi
1093 1133 1311 1173 monstrabit,
1348 1137 1384 1164 et
1415 1133 1574 1165 ostendet

871 1182 1000 1223 grande
1030 1183 1202 1222 solatium,
1231 1194 1251 1214 a
1276 1188 1310 1216 te
1340 1183 1392 1215 sni
1428 1183 1573 1215 similem

870 1233 988 1265 amari.
1013 1233 1205 1265 Gronau-ias.

574 1426 669 1456 cssN
679 1426 775 1456 ΕΤΗ
785 1425 963 1457 ωΑοοΝ
979 1419 1011 1467 †
1044 1418 1280 1473 LUCAN1.‡

119 1505 163 1538 In
190 1505 336 1546 gratiam
364 1505 477 1538 Pouae
507 1503 747 1546 Argentariae,-
771 1505 887 1536 mariti
916 1505 1088 1538 demortui
1120 1506 1250 1539 Lucani
1282 1506 1394 1548 poetae
1425 1505 1576 1538 natalem

165 1548 328 1584 celebrat.

350 1621 548 1665 Lucnu
570 1623 800 1678 proprium
817 1623 934 1666 diem
954 1623 1202 1679 frequentet

131 1763 135 1766 ,
167 1722 316 1769 Quisquis
327 1726 509 1756 emotum
522 1723 637 1756 habens
658 1727 765 1766 pectas
786 1725 876 1756 docto
892 1723 1020 1765 furore,
1041 1723 1164 1766 potavit
1185 1733 1296 1765 aquam
1307 1722 1413 1762 sontis
1434 1722 1498 1754 orti
1514 1723 1579 1754 ictu

726 1808 788 1820 ‘u

166 1860 282 1893 Parm-
308 1861 532 1894 Genethls’won
559 1861 680 1894 Lucani
704 1863 746 1895 ad
772 1863 906 1895 Pollam.
950 1862 1040 1894 Vide
1062 1862 1350 1904 Epistolam.—ll
1374 1860 1580 1902 Proecingnnt

775 1947 918 1980 NOTAE

164 2013 181 2044 l*
203 2011 440 2053 Gen-emtam]
476 2011 738 2044 vetustissimus
753 2021 824 2044 mos

123 2060 194 2107 diei
206 2062 328 2093 natalis
342 2062 489 2102 colendi,
499 2062 595 2103 cujus
611 2063 716 2093 etiam
733 2071 824 2092 men-

125 2111 175 2142 tio
198 2110 346 2143 habetur
366 2113 399 2143 in
421 2113 599 2153 seripturis
613 2111 719 2143 sacris
734 2112 823 2144 Gen.

124 2168 184 2192 11..
214 2165 252 2192 et
274 2161 309 2192 iu
334 2161 533 2202 Evangelio.
580 2161 697 2194 Persia
721 2161 825 2193 etiam

125 2219 256 2242 summo
270 2211 367 2243 cultu
387 2211 599 2243 observatus.
645 2211 734 2243 Vide
752 2212 825 2244 He-

126 2259 286 2292 rodotum
301 2265 339 2292 et
352 2261 533 2294 Platonem
552 2261 666 2295 Aleib.
690 2271 717 2294 1.
761 2263 825 2294 Ce-

123 2309 306 2342 lebrabunt
319 2311 464 2343 Romani
490 2311 675 2343 amicorum
701 2316 738 2344 et
757 2312 826 2344 Im-

124 2366 321 2402 peratorum
334 2363 478 2402 natales,
492 2371 669 2404 suumque,
691 2371 732 2394 ae
753 2372 827 2394 mu-

122 2420 207 2452 nera,
238 2412 423 2444 mittebant
448 2413 540 2444 diem
566 2413 715 2445 natalem
739 2413 828 2445 cele-

126 2461 319 2503 brantibus,
341 2466 379 2494 ut
393 2461 539 2494 diximus
566 2472 670 2504 supra
692 2462 827 2495 Arbore

127 2512 307 2546 Melioris:
338 2513 561 2545 celebrabant
585 2518 623 2546 et
650 2513 829 2546 defuneto·

129 2570 218 2604 rum,
230 2572 348 2596 eorum
371 2565 516 2596 maxime
541 2574 623 2606 quos
643 2565 679 2596 in
700 2575 830 2597 summa

129 2614 352 2647 veneratione
376 2615 561 2656 habebant,
594 2619 635 2647 ut
662 2615 707 2647 de
744 2615 830 2647 Silio

131 2662 255 2696 Italico
271 2664 381 2698 refert
405 2666 538 2697 Plinius
553 2664 614 2697 lib.
636 2674 693 2697 111.
714 2666 778 2706 Ep.
796 2668 828 2696 7.

129 2709 289 2755 “virgini
302 2720 384 2748 aute
405 2715 549 2756 omnes,’
562 2716 627 2755 ait,
636 2716 647 2733 ‘
658 2719 755 2758 cnjus
771 2725 829 2747 ua-

134 2762 236 2796 talem
252 2765 436 2807 religiosius
448 2775 550 2808 quam
567 2774 663 2798 suum
677 2764 830 2798 celebra·

878 2011 950 2043 bat.
995 2011 1143 2053 Neapoli
1157 2011 1317 2047 maxime,
1344 2010 1403 2042 nbi
1419 2010 1494 2051 ejus
1509 2020 1581 2042 mo-

878 2066 1079 2093 numentum
1094 2061 1188 2092 adire
1201 2065 1239 2092 ut
1250 2061 1413 2101 templum
1424 2059 1582 2092 solebat.’

877 2111 1038 2144 Juvenal.
1065 2112 1139 2143 Sat.
1173 2120 1208 2143 v.
1251 2115 1261 2128 ‘
1277 2111 1389 2144 Quale
1426 2110 1582 2141 coronati

878 2162 1028 2194 Thrasea
1041 2162 1294 2203 Helvidiusque
1311 2161 1478 2192 bibebant
1492 2161 1580 2192 Bru-

878 2217 990 2244 torum
1005 2218 1043 2245 et
1059 2211 1157 2245 Cassi
1183 2211 1377 2243 natalibus!
1420 2211 1499 2243 Non
1524 2221 1584 2243 au-

877 2266 947 2295 tem
977 2263 1114 2304 dignius
1142 2263 1214 2294 dies
1242 2262 1420 2293 natalitius
1451 2262 1583 2294 Lucani

878 2313 944 2345 coli
969 2317 1118 2354 poterat,
1144 2322 1244 2354 quam
1267 2312 1332 2344 hoe
1354 2312 1583 2353 pulcherrimo

881 2363 1107 2404 genethliaco.

923 2418 939 2452 ss
962 2412 1098 2453 Lucani]
1124 2413 1283 2444 Lucanus
1308 2411 1423 2445 Poeta
1447 2413 1585 2445 notissi—

880 2471 955 2494 mus
970 2462 1150 2493 Pharsalia
1173 2472 1245 2495 sua.
1290 2463 1402 2504 Hujus
1422 2463 1584 2505 patriam,

882 2521 999 2554 opera,
1015 2512 1351 2554 matrimoniumque‚
1372 2523 1413 2545 ac
1438 2518 1584 2545 mortem

882 2562 1047 2595 describit
1061 2563 1125 2594 boe
1139 2563 1356 2604 genethliaco
1367 2563 1544 2604 Papinius.

926 2616 944 2644 1
970 2612 1151 2654 Proprium]
1173 2614 1341 2654 Proprius
1365 2618 1400 2644 et
1420 2622 1499 2643 suns
1526 2621 1585 2643 cu-

879 2665 1006 2705 jusque
1021 2663 1095 2695 dies
1108 2669 1161 2696 est
1172 2665 1310 2703 natalis,
1324 2662 1407 2704 ἀρχὴ
1417 2664 1475 2700 τῆς
1497 2661 1585 2701 ’γενέ-

882 2724 960 2747 σεως
974 2716 1031 2752 τῆς
1048 2713 1193 2755 ἑκάστου,
1211 2715 1232 2753 ἢ
1246 2713 1342 2754 ἡμέρα
1356 2713 1407 2754 ἐφ’
1426 2712 1464 2751 ἧς
1481 2713 1585 2754 ἐγένε·

883 2776 933 2806 το,
957 2765 1124 2806 Dionysio
1153 2766 1437 2798 Halicarnassaeo.
1486 2764 1584 2796 Diem
