1800 3060
786 197 1059 231 vnam'mo.
1593 190 1649 232 13

196 294 411 344 henderis,
431 293 620 349 injicias,
639 306 807 347 quaeso,
828 306 1022 342 manum,
1055 297 1100 334 et
1125 292 1170 334 in
1190 291 1310 334 viam
1340 292 1526 336 reducas
1544 307 1556 347 ;
1586 296 1647 337 le·

195 363 311 404 niter
328 365 475 404 tamen
493 367 538 403 et
559 362 655 403 sine
687 361 944 412 acerbitate,
977 364 1107 415 prout
1136 361 1268 402 decet
1300 360 1528 403 Musarum
1557 376 1644 405 non

194 427 330 470 duelli
363 432 407 470 et
426 428 662 470 discordiae
682 427 822 469 sacris
851 433 1060 481 operatos
1081 440 1092 470 :
1122 441 1262 481 neque
1282 428 1411 477 enim,
1433 429 1472 469 si
1493 430 1645 471 calcu·

191 493 285 537 lum
304 499 421 537 recte
437 509 595 550 ponaS,
609 496 719 537 tanti
734 500 837 535 sunt
855 494 1193 536 allucinationes
1206 507 1317 536 meae
1341 501 1388 536 ut
1409 500 1644 550 propterea

191 561 568 604 tu'humanitatem
598 575 767 614 exuas;
809 566 854 603 et
884 562 1010 616 longe
1040 565 1140 603 ante
1167 562 1250 603 tibi
1270 562 1491 614 denuntio,
1514 564 1554 605 si
1574 577 1643 606 me

189 634 401 672 errantem
418 630 665 683 coargueris
678 642 737 672 ex
750 629 924 671 ratione
939 630 1001 670 rei
1013 634 1059 670 et
1078 633 1270 671 veterum
1287 631 1643 682 auctoritatibus,

190 695 436 753 (quomodo
457 701 604 738 tecum
626 695 747 751 ago‚)
774 709 844 737 me
873 697 1018 750 primo
1051 697 1213 738 intuitu
1246 709 1403 738 manus
1423 697 1641 749 daturum,

189 768 237 806 et
253 763 478 805 fassurum
499 764 594 804 sine
622 763 758 816 flagro
779 767 823 804 et
843 763 1119 812 verberibus,
1138 776 1238 817 quae
1259 765 1412 817 procul
1431 778 1643 807 amoven-

189 833 261 872 t'or'
278 842 307 872 a
324 830 582 872 liberalibus
602 830 878 884 disciplinis;
910 831 953 871 in
975 831 1139 884 quibus
1165 832 1431 886 quicumque
1455 833 1643 886 ingenue

187 903 400 947 versatur,
421 897 534 939 civis
566 897 798 939 Romanus
819 902 901 939 est.
959 897 1019 938 Et
1049 898 1155 952 quid
1186 899 1224 939 si
1254 911 1338 952 ego
1369 900 1639 941 erraverim?

187 964 288 1020 quis
306 963 393 1006 hoc
412 977 440 1004 a
458 977 526 1005 me
547 965 701 1016 exigit,
722 969 801 1006 aut
821 964 999 1018 quando
1027 965 1209 1018 promisi
1229 965 1436 1016 futurum,
1458 971 1508 1008 ut
1527 980 1640 1008 nun-

187 1044 320 1086 quam
339 1031 546 1073 fallerer?
578 1044 631 1072 an
654 1032 693 1072 si
712 1030 863 1072 decem
884 1030 999 1072 locis
1020 1030 1094 1085 (ut
1115 1031 1331 1074 Gronovii
1352 1034 1499 1075 verbis
1519 1033 1641 1088 utar)

187 1103 255 1140 ter
272 1099 553 1148 excidissem,
574 1099 729 1140 malles
763 1103 808 1140 tu
842 1099 1010 1153 septies
1042 1098 1158 1140 salsa
1179 1103 1223 1140 et
1242 1100 1430 1142 obscura
1451 1102 1639 1147 lectione

187 1167 391 1221 torqueri,
413 1179 547 1220 quam
567 1170 655 1207 tres
675 1165 782 1207 mihi
794 1166 951 1220 lapsus
970 1170 1014 1208 et
1025 1171 1269 1208 monstrare
1289 1172 1333 1208 et
1352 1168 1601 1210 condonare
1618 1170 1637 1210 l

187 1246 292 1284 non,
312 1234 494 1288 opinor3
537 1235 575 1275 si
594 1233 812 1275 hominem
838 1239 882 1275 te
911 1234 1174 1275 memineris.
1235 1233 1363 1275 Neve
1384 1234 1480 1277 baec
1502 1236 1639 1288 gratis

187 1299 307 1343 dieta
325 1306 473 1354 putes,
492 1300 573 1342 hac
600 1300 839 1342 occasione
860 1305 1088 1355 stuporem
1114 1313 1257 1341 meum
1280 1301 1395 1342 ultro
1413 1314 1637 1356 agnosco;

186 1368 263 1422 qui
284 1367 375 1408 alio
397 1366 626 1420 opusculo
643 1366 805 1421 (Epist.
828 1366 981 1408 Critic.
1001 1381 1044 1421 p.
1064 1365 1157 1421 39.)
1185 1367 1230 1408 in
1251 1368 1350 1410 loco
1365 1368 1417 1409 L.
1438 1369 1559 1411 Flori
1582 1382 1636 1412 11.

184 1434 237 1477 2.-
247 1447 345 1488 pro,
366 1436 379 1455 ‘
399 1432 595 1475 Africam
616 1439 662 1475 et
682 1433 834 1487 Syrtes
852 1434 1048 1476 omnium
1076 1434 1262 1487 imperia
1283 1435 1493 1488 gentium,
1514 1437 1637 1479 insu-

183 1501 326 1545 larum
344 1501 494 1542 littora
513 1499 730 1554 replevit,'
747 1500 971 1554 legebam:
1004 1503 1017 1522 ‘
1040 1501 1193 1554 Syrtes
1224 1505 1269 1543 et
1297 1503 1491 1544 omnium
1514 1504 1557 1544 in
1580 1517 1636 1547 eo

184 1568 294 1610 mari
306 1567 546 1622 jacentium
565 1567 799 1609 insularum
818 1567 964 1609 littora
980 1566 1006 1620 ;'
1036 1579 1135 1610 cum
1166 1580 1317 1609 verum
1337 1575 1473 1620 esset,
1496 1574 1510 1592 ‘
1532 1572 1635 1627 Syr-

184 1639 256 1677 tes
273 1639 320 1676 et
338 1634 534 1676 omnium
556 1634 908 1688 interjacentium
932 1634 1172 1676 insularum
1192 1636 1341 1677 littora
1360 1636 1385 1688 ;’
1414 1643 1543 1692 prout
1562 1652 1634 1681 me

183 1702 365 1744 comiter
382 1705 643 1743 monuerunt
663 1702 823 1743 summi
844 1702 927 1743 viri
947 1701 1221 1744 Franciscus
1243 1703 1369 1746 Hare
1397 1711 1443 1746 et
1474 1705 1634 1750 Ricar-

184 1769 268 1812 dus
287 1769 528 1819 Bentleius,
555 1773 599 1810 et
631 1769 828 1811 eruditus
861 1771 927 1811 vir
947 1769 1110 1812 Daniel
1127 1770 1367 1822 walterus,
1388 1777 1508 1815 tutor
1527 1775 1631 1817 olim

182 1847 336 1878 meus:
366 1836 529 1890 quibus
555 1836 663 1877 viris
694 1836 1089 1890 praestantissimis,
1110 1841 1157 1878 et
1176 1837 1276 1887 boc,
1295 1841 1338 1879 et
1358 1839 1509 1881 multis
1530 1842 1631 1883 aliis

179 1901 447 1952 nominibus,
468 1904 732 1945 obstrictum
761 1917 831 1945 me
861 1903 1056 1958 profiteri
1075 1904 1264 1956 gaudeo.
1321 1904 1445 1947 Idem
1465 1906 1630 1949 dictum

181 1969 284 2012 &blo
303 1969 359 2010 de
379 1970 479 2011 loco
509 1970 734 2012 Ciceronis
767 1971 822 2012 de
859 1971 966 2013 Nat.
998 1971 1134 2012 Deor.
1158 1982 1231 2012 111.
1250 1972 1319 2013 35.
1340 1973 1417 2014 ubi
1437 1986 1519 2027 pro
1551 1977 1565 1996 ‘
1587 1976 1629 2016 vi

181 2035 427 2090 timpanitis
465 2050 572 2090 rogo
609 2038 760 2079 illatus
797 2038 894 2088 est,’
932 2039 1134 2092 legebam
1151 2051 1163 2080 ε
1200 2041 1213 2060 ‘
1233 2038 1279 2079 in
1317 2040 1627 2094 triumphantis

183 2105 288 2155 toga
305 2103 448 2145 elatus
467 2107 536 2145 est
549 2103 574 2146 ε’
604 2104 724 2158 quod
745 2104 904 2146 falsum
926 2109 1008 2155 est,
1029 2117 1130 2146 cum
1152 2104 1207 2146 de
1229 2105 1453 2159 Dionysio
1475 2107 1628 2149 Siculo

180 2179 324 2210 sermo
342 2169 438 2219 fiat,
459 2171 532 2212 cui
549 2184 638 2213 non
663 2173 879 2226 competit
915 2176 928 2194 ‘
949 2171 1079 2226 toga:
1097 2185 1201 2227 quae
1222 2172 1524 2215 Romanorum
1543 2181 1625 2217 est.

180 2234 271 2278 Sed
292 2235 348 2277 ad
369 2249 471 2277 rem.

236 2302 310 2344 De
329 2303 547 2356 prioribus
566 2302 717 2345 harum
738 2304 974 2359 Sylvarum
1012 2306 1266 2348 Editoribus
1287 2320 1443 2360 pamm
1462 2308 1624 2360 dicam,

177 2381 233 2411 ne
251 2381 399 2411 eorum
419 2369 799 2413 existimationem
818 2385 936 2423 vero,
958 2376 1034 2414 aut
1051 2375 1139 2414 mei
1158 2373 1302 2427 ipsius
1322 2373 1435 2416 falso
1449 2375 1623 2429 judicio

166 2431 355 2478 'laedam
412 2437 519 2478 Hoc
538 2437 684 2479 solum
714 2438 885 2481 audebo
916 2439 1080 2490 dicere,
1101 2453 1179 2481 eos
1197 2440 1330 2481 nimis
1349 2441 1623 2495 negligenter

177 2500 282 2544 huic
300 2505 427 2557 operi
447 2504 704 2558 assiluisse3
746 2506 850 2548 dum
871 2520 1006 2548 unum
1025 2507 1222 2561 quemvis
1241 2507 1390 2549 locum
1412 2510 1623 2563 arripien-

178 2572 246 2610 tes
264 2569 308 2610 in
325 2583 416 2624 quo
436 2571 587 2625 aliqua
607 2575 728 2614 esset
747 2572 963 2615 Codicum
993 2577 1072 2615 aut
1092 2573 1346 2616 Editionum
1369 2575 1624 2630 discrepan-

177 2635 257 2686 tia,
269 2635 371 2678 huic
390 2638 466 2678 uni
485 2638 742 2680 catervatim
762 2639 1066 2691 incubuerunt,
1093 2639 1148 2682 de
1180 2641 1334 2682 decem
1354 2643 1620 2687 obscuriori-

178 2701 260 2744 bus
278 2707 324 2746 et
341 2704 720 2758 depravatioribus
748 2706 907 2756 securi,
925 2710 967 2748 et
985 2720 1038 2749 ne
1057 2709 1241 2750 verbum
1261 2708 1438 2762 quidem
1457 2709 1619 2752 facien-
