1800 3060
187 195 275 238 158

688 207 728 236 P.
763 206 954 237 PAPlNll
990 206 1154 238 STATH

186 301 356 350 Herba,
377 300 503 342 tholo
526 300 838 355 quodcumque
859 302 940 343 tibi
961 301 1161 356 Trojana
1181 303 1379 346 recondit

186 370 445 424 Pergamus,
468 374 543 411 aut
562 370 750 412 medicis
777 371 890 412 felix
913 371 1165 425 Epidaurus
1187 373 1334 415 arenis

1566 373 1652 415 100

185 439 380 490 Educat;
412 437 542 479 Idaea
561 438 728 492 profert
747 452 881 493 quam
907 439 1039 480 Creta
1061 439 1145 480 sub
1162 441 1319 481 umbra

135 510 139 512 “
188 505 417 548 Dictamni
437 504 637 548 florentis
654 520 808 561 opem,
830 519 1009 562 quoque
1029 507 1186 561 anguis
1208 507 1408 550 abundat

190 641 352 680 Chironis,
366 643 443 675 illud
457 642 553 685 affer,
569 647 599 675 et
614 645 821 685 quodcumque
849 643 1024 683 Pergamus
1040 643 1177 683 Trojano:
1197 648 1336 677 remae
1351 645 1413 678 tibi
1424 646 1462 679 in
1479 646 1587 687 Tbelo,
1597 650 1653 678 aut

178 684 301 724 florens
324 686 503 725 Epidaurus
516 687 726 726 germinativa.
751 686 817 718 suis
832 685 1067 717 medicinalibus
1089 687 1203 719 arenis.
1246 687 1344 730 Affer
1357 699 1476 730 quoque
1497 689 1653 721 auxilium

184 728 322 766 potentis
336 728 514 770 Dictamm',
529 731 608 770 quod
623 730 720 761 Creta
733 729 876 770 producit
892 730 933 760 ad
952 729 1092 761 umbram
1106 729 1236 771 Idoeum,
1257 734 1290 762 et
1301 740 1452 772 spumam,
1467 742 1529 773 qua
1543 733 1654 763 redun-

821 821 920 836 eeeee

922 824 1022 836 ccccc

183 873 363 914 rapiemus3
383 874 486 906 lectio
511 879 631 907 nostra
652 878 706 907 est
732 885 776 907 ex
803 875 1043 908 emendatione
1066 875 1364 911 Marklandipm
1386 875 1526 918 Lipsius
1542 875 1669 908 Eleet.'

187 925 229 948 ιι.
246 919 297 948 14.
313 917 420 958 legit:
445 918 555 949 Herba
567 922 598 950 et
611 918 710 958 holus,
733 918 758 950 i.
773 928 806 952 e.
827 920 905 950 olus.

187 959 269 991 nino
285 959 449 992 damnant
465 961 587 992 Barth.
603 966 640 992 et
658 961 786 993 Μαι-Η.
807 971 994 1002 quocumque
1017 961 1097 994 edd.
1123 966 1208 993 vett.

948 918 1149 951 Assentitur
1175 920 1401 951 Bernartius:
1424 919 1487 951 sed
1518 919 1553 951 id
1581 929 1652 951 om-

1234 971 1453 1003 quamcumque
1479 962 1652 999 Bar-thius,

188 1002 245 1042 qui
262 1003 360 1034 colon
376 1004 474 1044 ponit
490 1009 567 1044 post
582 1004 813 1036 Herba.—102
835 1004 980 1035 Dictami
1002 1005 1100 1036 Rom.
1115 1005 1257 1036 venett.
1273 1004 1379 1037 Aldd.
1394 1004 1503 1037 Colin.
1517 1004 1653 1046 Gryph.

188 1044 293 1077 Basil.
322 1046 428 1077 Bern.
456 1047 522 1078 &c.
566 1046 732 1079 Die-tumui
761 1047 994 1088 Lindenbrog.
1025 1048 1129 1080 Cruc.
1162 1047 1282 1080 Barth.
1308 1051 1346 1080 et
1374 1047 1529 1080 Gronov.
1582 1047 1653 1079 Pro

851 1133 993 1166 NOTAE

251 1196 274 1226 9
294 1195 407 1238 ΤΙωΖο]
428 1194 510 1227 Non
533 1195 602 1235 hie,
623 1195 737 1236 tholus,
765 1196 892 1237 accipi-

189 1244 299 1276 endus
315 1245 443 1286 vulgari
455 1246 611 1287 notione,
626 1252 664 1279 ut
678 1247 765 1278 bene
778 1247 893 1278 obser-

187 1299 248 1326 vat
264 1295 470 1336 Gronovius,
486 1306 548 1337 pro
564 1296 740 1329 testudine
760 1298 893 1340 templi,

187 1355 249 1378 seu
264 1346 342 1378 loco
357 1347 392 1378 in
407 1347 520 1378 media
544 1348 664 1388 templi
686 1358 834 1387 camera,
849 1358 894 1380 ex

188 1405 257 1438 quo
273 1397 467 1428 voventium
482 1407 625 1428 munera
640 1398 895 1439 suspendeban-

189 1451 257 1486 tur,
281 1451 321 1478 ut
343 1446 425 1478 alibi
439 1447 552 1479 Statio
567 1447 780 1490 Virgilioque
805 1448 897 1480 acci·

190 1496 295 1538 pitur.
331 1496 399 1529 Sed
416 1507 540 1530 nomen
553 1504 607 1530 est
621 1499 797 1540 proprium
814 1499 896 1531 aedi-

188 1548 260 1581 ficii
271 1549 461 1591 cujusdam,
473 1550 563 1592 qnod
580 1551 808 1592 propinquum
821 1554 898 1582 erat

187 1603 320 1642 templo
335 1602 519 1643 AEsculapii
531 1603 747 1644 Pergameni,
758 1607 897 1634 auctore

189 1652 377 1685 Pausania.
411 1653 547 1692 Τνοᾰιιπα
562 1654 752 1695 Pergamus]
768 1653 893 1685 Strabo

186 1702 248 1734 lib.
264 1711 350 1735 xnr.
374 1703 581 1745 Pergamum
597 1705 751 1745 appellat
773 1704 894 1736 urbem

187 1753 357 1795 insignem
372 1754 405 1785 in
421 1755 545 1787 montis
555 1755 810 1796 στροβυλοειδοῦς
821 1764 896 1785 ver-

188 1803 262 1835 tice
282 1804 399 1844 sitam,
423 1814 503 1836 arce
519 1809 555 1836 et
571 1805 814 1847 gazophylacio
830 1805 898 1846 Ly-

190 1855 333 1887 simachi
379 1853 580 1896 Agathoclis
621 1856 682 1887 filii
731 1859 900 1889 ornatam.

189 1905 309 1946 -Longe
326 1905 550 1937 clarissimum
577 1906 666 1937 Asiae
690 1907 899 1948 Pergamum

190 1961 295 1988 vocat
314 1956 460 1996 Plinius,
486 1956 577 1998 quod
604 1957 790 1989 intermeat
813 1957 900 1989 Seli-

191 2015 268 2045 nus,
285 2005 424 2047 profluit
440 2006 581 2048 Caesius,
596 2006 757 2048 profusus
769 2008 898 2039 Pinda-

192 2066 231 2088 so
257 2060 386 2088 monte.
441 2057 552 2096 Regia
577 2056 644 2089 fuit
668 2056 898 2090 Attalicorum

192 2116 326 2148 regum,
350 2110 388 2138 et
412 2111 536 2148 postea
561 2107 792 2139 Romanorum
822 2117 899 2149 pro-

191 2158 306 2189 vincia
321 2156 431 2189 facta.
462 2156 567 2199 Apud
583 2167 658 2190 eam
674 2158 801 2190 chartae
818 2168 898 2189 usus

191 2208 364 2248 inventus,
397 2217 474 2250 quae
511 2218 602 2240 nunc
629 2218 767 2250 quoque
798 2209 899 2249 vulgo

193 2260 203 2276 ‘
219 2257 457 2300 Pergamena’
485 2258 625 2300 dicitnr,
654 2259 696 2290 ab
713 2259 846 2299 Attalo,
860 2263 900 2291 ut

191 2309 358 2348 AElianus,
381 2309 436 2341 vel
454 2308 496 2340 ab
512 2309 682 2346 Eumene,
703 2313 743 2340 ut
766 2309 899 2341 Plinius

192 2359 253 2400 ait,
267 2360 418 2392 inventa.
463 2359 554 2392 Item
570 2359 682 2401 patria
693 2358 760 2391 fuit
774 2359 900 2391 Galeni

192 2409 407 2441 celeberrimi
443 2409 583 2449 medici,
611 2413 648 2441 et
674 2409 897 2451 Apollodori:

190 2459 294 2492 hodie
321 2460 492 2500 Pergamo.
537 2460 730 2492 Pausanias
757 2469 838 2494 vero
863 2460 900 2492 in

192 2509 356 2542 Boeoticis
372 2514 408 2542 et
420 2510 548 2542 Eliacis
559 2519 665 2552 supra
675 2511 824 2553 Caycum
836 2509 900 2542 flu-

193 2569 274 2592 men
284 2560 396 2602 ponit‚
408 2560 468 2592 ubi
484 2561 672 2602 AEsculapii
683 2560 800 2594 fanum
821 2560 898 2593 fuit.

194 2612 334 2652 Τνρὶωια
348 2621 443 2653 vero,
463 2613 518 2644 vel
541 2613 621 2654 quia
640 2612 731 2645 forte
747 2623 767 2645 a
779 2613 899 2654 Troja-

194 2664 247 2695 nis
264 2663 404 2696 condita
417 2663 619 2705 Pergamus,
635 2664 688 2696 vel
704 2663 784 2706 quia
798 2663 899 2704 Troja

195 2714 299 2747 etiam
315 2716 491 2756 Pergamus
505 2714 610 2747 dicta.

993 1199 1056 1229 100
1070 1195 1267 1239 Epidaurus]
1285 1195 1339 1229 De
1351 1196 1417 1229 hoc
1431 1195 1559 1237 oppido
1575 1196 1653 1229 vide

947 1247 1056 1280 Theb.
1079 1257 1131 1280 1v.
1156 1250 1232 1280 123.
1276 1247 1320 1279 Iu
1345 1247 1412 1279 hoc
1436 1247 1653 1288 AEsculapius

951 1302 1051 1330 natus
1073 1298 1202 1330 dicitur
1228 1302 1265 1330 et
1287 1298 1449 1339 religiose
1465 1297 1655 1330 colebatur.

949 1348 1074 1380 Strabo
1089 1349 1210 1381 scribit
1230 1349 1264 1380 in
1291 1347 1466 1389 Epidauro
1489 1348 1652 1388 templum

949 1398 1136 1440 AEsculapii
1151 1398 1256 1431 fuisse
1267 1398 1398 1440 ingenti
1414 1398 1655 1440 aegrotantium

949 1449 1170 1482 multitudine
1195 1449 1379 1490 repletum,
1408 1447 1547 1480 tabellis
1575 1447 1654 1480 hinc

950 1499 1029 1532 inde
1045 1499 1354 1542 propendentibus,
1378 1498 1503 1541 quibus
1519 1502 1654 1531 consta·

950 1554 1015 1590 ret,
1042 1550 1111 1592 qui,
1137 1559 1270 1592 quoque
1300 1548 1493 1581 morborum
1514 1558 1653 1591 genere,

951 1601 1063 1632 curati
1079 1604 1207 1633 essent.
1250 1599 1386 1632 Medicis
1398 1600 1516 1642 arenis]
1530 1599 1588 1632 Ob
1603 1609 1656 1631 sa-

950 1651 1105 1683 lutiferas
1128 1650 1250 1683 herbas
1273 1660 1351 1692 quae
1376 1649 1412 1681 in
1439 1649 1481 1681 iis
1505 1649 1657 1692 reperie-

947 1700 1085 1734 bantur.

993 1753 1054 1783 101
1080 1752 1168 1783 Idaeu
1182 1749 1307 1791 umbra]
1339 1749 1511 1791 Intelligit
1521 1749 1655 1783 Idaeum

950 1807 1098 1834 montem
1115 1803 1242 1836 Cretae.
1288 1801 1400 1844 Creta]
1421 1801 1538 1833 Insula
1552 1800 1655 1832 maris

951 1853 1197 1885 mediterranei
1226 1861 1335 1894 prope
1365 1851 1656 1892 Peloponnesum.

952 1903 1045 1935 Vide
1059 1902 1166 1936 Theb.
1179 1912 1217 1935 v.

997 1955 1059 1984 102
1082 1951 1264 1994 Dictamni]
1298 1951 1390 1984 Haec
1416 1951 1538 1993 herba,
1571 1951 1677 1984 licet·

953 2003 1079 2045 ubique
1094 2003 1224 2043 veniat,
1249 2003 1384 2045 optima
1410 2003 1446 2035 in
1471 2003 1578 2035 Creta
1591 2007 1660 2035 est.

952 2054 1042 2086 -Haec
1066 2054 1204 2085 admota
1228 2053 1375 2095 vulneri,
1387 2052 1423 2085 in
1439 2062 1506 2095 quo
1528 2051 1657 2085 ferrum

953 2108 1020 2145 est,
1042 2104 1193 2136 extrahit
1219 2103 1359 2137 serrum.
1402 2103 1502 2135 Illam
1527 2102 1657 2135 descri-

953 2155 1007 2187 bit
1032 2155 1156 2196 Virgil.
1173 2153 1308 2186 AEneid.
1323 2163 1394 2186 xu.
1413 2154 1424 2171 ⁴
1437 2153 1656 2199 Dictamnum

955 2205 1103 2246 genitrix
1119 2205 1258 2237 Cretaea
1270 2204 1385 2246 carpit
1399 2203 1443 2235 ab
1454 2203 1529 2245 lua,
1542 2202 1657 2235 Pube-

954 2255 1049 2287 ribus
1066 2256 1197 2287 caulem
1218 2253 1324 2295 foliis,
1345 2257 1384 2286 et
1407 2252 1493 2287 flore
1519 2262 1657 2284 coman-

955 2311 1024 2339 tem
1035 2307 1236 2348 Purpureo:
1253 2315 1320 2337 non
1331 2306 1390 2337 illa
1402 2304 1487 2336 feris
1502 2304 1656 2344 incogni-

956 2364 990 2391 ta
1005 2358 1120 2400 capris
1137 2357 1316 2397 Gramina,
1340 2366 1416 2389 eum
1438 2359 1538 2396 tergo
1561 2356 1656 2387 volu-

953 2419 1029 2442 cres
1043 2410 1172 2441 haesere
1194 2406 1357 2450 sagittae!
1398 2406 1489 2439 Vide
1505 2405 1657 2438 Plinium

951 2460 1010 2493 lib.
1025 2469 1108 2492 vm.
1130 2469 1206 2501 cap.
1224 2461 1282 2491 2⁷.
1306 2462 1344 2490 et
1365 2457 1427 2491 lib.
1442 2466 1549 2490 xxv1.
1579 2467 1659 2498 cap.

954 2513 1008 2544 14.
1031 2520 1071 2542 ac
1087 2509 1329 2542 Dioscoridern
1349 2508 1410 2541 lib.
1423 2517 1484 2540 111.
1509 2517 1586 2549 cap.
1603 2510 1657 2540 32.

954 2565 992 2592 et
1027 2563 1082 2592 34.
1141 2560 1310 2592 AElianum
1345 2562 1384 2591 et
1418 2557 1655 2590 Aristotelem.

955 2612 1084 2652 Quoque
1097 2611 1212 2651 aug-uis
1227 2610 1365 2642 abundat
1385 2607 1556 2651 spumata]
1577 2608 1656 2640 Ser-

953 2667 1075 2704 pentes
1101 2661 1328 2693 communiter
1354 2660 1556 2692 tribuuntur
1583 2658 1658 2691 He-

951 2712 1081 2755 roihus,
1095 2712 1233 2754 proprie
1247 2721 1330 2745 vero
1345 2709 1554 2754 AEsculapio.
1596 2709 1657 2742 Sa·
