1800 3060
257 178 346 222 368

259 286 537 340 Intonsoque
557 285 741 327 ostende
762 286 901 340 patri:
934 286 1028 328 sine
1049 285 1179 328 dulce
1197 287 1388 330 nitentes

258 355 516 408 Comparet,
539 356 672 406 atque
693 352 767 394 diu
788 352 938 394 fratris
959 357 1087 407 putet
1107 367 1211 396 esse
1231 354 1373 410 Lyaei.

259 422 428 463 Forsan
449 426 495 462 et
514 422 611 474 ipse
630 433 770 462 comae
791 434 1010 474 nunquam
1029 421 1217 463 labentis
1235 423 1439 465 honorem

257 488 474 538 Proferet,
496 493 632 542 atque
654 488 744 529 alio
765 489 967 530 clausum
987 488 1069 530 tibi
1089 494 1225 543 ponet
1243 491 1290 531 in
1311 504 1435 533 auro.

257 556 489 609 Pergame,
511 554 697 609 pinifera
717 555 900 596 multum
922 555 1095 597 felicior
1116 556 1225 598 Ida!

257 624 345 666 Illa
363 623 469 664 licet
487 635 631 663 sacrae
651 622 826 676 placeat
847 622 935 664 sibi
954 623 1084 665 laude
1104 624 1299 677 rapinae3

255 689 458 745 (Nempe
476 689 599 730 dedit
619 689 801 744 Superis
821 690 964 741 illum,
984 704 1118 745 quem
1139 692 1317 734 turbida
1337 705 1511 748 semper

758 192 799 222 P.
833 191 976 222 PAPIN
989 191 1021 222 ll
1058 192 1222 224 STATu

1660 426 1716 468 10

253 836 403 875 genitori.
449 837 595 869 Patiaris
610 848 661 869 eas
676 838 784 870 blande
799 838 947 870 micantes
961 840 1100 878 conferat
1113 849 1183 871 cum
1202 841 1280 880 suis,
1292 844 1323 872 et
1335 841 1391 872 diu
1404 842 1511 873 credat
1525 841 1716 881 estest-«mh

256 879 387 911 Bacchi.
432 881 555 912 Forsan
577 884 608 912 et
628 881 696 921 ipse
718 885 810 922 pater
825 886 1034 914 consecratam
1055 892 1173 914 comam
1193 886 1226 914 et
1238 886 1388 915 eternum
1402 885 1586 916 duraturam
1599 885 1717 916 eximet

255 931 272 952 e
287 922 401 954 cistula
416 923 450 954 in
465 934 525 963 qua
546 924 672 954 condita
693 927 751 963 est,
763 927 794 955 et
814 933 882 955 eam
893 928 985 964 ponet
1001 927 1035 956 in
1048 925 1111 956 alio
1126 935 1203 956 auro
1217 927 1352 957 clausam
1364 927 1399 958 in
1412 927 1477 958 suis
1490 927 1640 958 sacrariis
1653 926 1715 958 tibi

252 965 507 1038 ςζιζίὶῇοαιιινιω,
523 967 695 1006 AEsculapi.
745 967 775 997 Ο
787 966 941 1005 Pergame
954 970 1085 999 multum
1099 967 1298 1006 fortunatior
1313 969 1372 1000 Ida
1384 969 1523 1009 pinifera
1535 969 1552 1002 !
1572 969 1645 1001 licet
1657 970 1714 1000 illa

253 1006 315 1038 subt
347 1009 507 1040 landiatur
516 1009 697 1050 Ganymede
708 1008 742 1040 in
753 1008 830 1040 nube
843 1013 934 1050 rapto
948 1020 962 1048 ;
982 1020 1054 1042 nam
1064 1011 1200 1052 proebuit
1210 1011 1307 1043 Divis
1317 1021 1386 1043 eum
1395 1021 1486 1053 quem
1496 1012 1584 1044 Juno
1596 1021 1717 1053 semper

867 1092 1103 1106 omom

256 1147 364 1179 Flavii
391 1148 606 1179 Earini.—12
629 1148 672 1179 In
700 1147 902 1189 quibusdam
933 1148 1032 1180 codd.
1059 1150 1220 1191 pinnifer-a
1249 1152 1380 1183 multum
1399 1150 1530 1190 felicior
1557 1149 1714 1181 Ida—13

256 1191 388 1222 Omnes
404 1191 506 1222 codd.
529 1196 564 1222 et
581 1190 660 1223 edd.
685 1196 769 1223 vett.
786 1195 925 1222 servant
941 1202 949 1223 ε
968 1192 1090 1233 placeat
1106 1193 1168 1224 sibi
1178 1193 1268 1225 nube.
1295 1194 1306 1212 ‘
1320 1193 1407 1227 Quis
1429 1193 1510 1224 mini
1526 1191 1716 1232 explicabit

254 1233 334 1273 qnid
347 1234 391 1264 sit
405 1234 499 1264 nubes
510 1234 629 1274 rapina:
640 1232 656 1264 ί)
679 1238 716 1265 et
731 1234 802 1265 scio
815 1234 952 1274 quidem
975 1235 1066 1266 hunc
1084 1236 1195 1266 locum
1211 1236 1338 1268 adduci
1355 1246 1376 1267 a
1390 1235 1590 1267 doctissimo
1607 1233 1713 1266 Hein-

253 1275 303 1306 sio
316 1276 358 1306 ad
374 1276 449 1307 Val-
467 1277 561 1308 Flac.
578 1285 603 1307 ι.
620 1279 696 1308 706.
722 1277 780 1307 sed
807 1277 874 1308 alia
899 1277 988 1308 ratio
1011 1277 1109 1309 istius
1127 1288 1166 1310 ac
1183 1278 1282 1320 hujus
1299 1279 1386 1311 loci:
1413 1282 1452 1310 ut
1472 1278 1563 1310 euim
1587 1277 1714 1308 Daeda-

253 1317 308 1348 lus
325 1323 360 1349 et
377 1319 497 1350 Icarus
509 1318 644 1359 poetice
662 1320 776 1350 vocari
792 1324 931 1360 possent
945 1319 1051 1360 nubes,
1067 1330 1132 1352 non
1147 1326 1259 1352 tamen
1274 1321 1441 1362 explicari
1453 1324 1569 1362 potest
1578 1329 1621 1351 ex
1637 1328 1714 1351 sen-

253 1369 292 1392 su
308 1361 479 1392 communi
506 1361 675 1403 quomodo
692 1361 752 1392 Ida
773 1362 835 1393 sibi
857 1361 980 1402 placere
1003 1363 1115 1403 potuit
1137 1364 1216 1395 nube
1230 1364 1362 1405 rapine.
1406 1364 1461 1395 Ne
1477 1362 1616 1394 dubites
1631 1363 1712 1403 quin

254 1404 432 1443 scripserit
453 1404 604 1435 Statius:
629 1414 728 1435 sacrae
746 1405 870 1444 placeat
898 1404 959 1435 sibi
984 1405 1074 1436 laude
1095 1407 1226 1446 rapinoe.
1273 1405 1328 1438 cf.
1343 1406 1422 1438 Val.
1452 1405 1544 1437 Flac.
1569 1413 1611 1435 ιι.
1635 1406 1711 1436 148.

254 1445 375 1478 Nostr.
397 1447 504 1479 Theb.
521 1455 572 1478 rx.
588 1449 664 1478 704.
686 1451 723 1478 et
738 1455 788 1479 vr.
810 1449 886 1479 574.
933 1448 1043 1479 Nemo
1071 1449 1234 1490 conjiciat
1247 1448 1315 1480 labe
1340 1457 1403 1490 pro
1417 1447 1519 1485 nubu-
1540 1447 1607 1478 labe
1621 1447 1710 1479 enim

913 1532 944 1564 N
951 1532 1056 1564 0¹1¹AE

295 1588 315 1616 8
338 1585 469 1617 Intonso
479 1585 582 1626 patri]
622 1585 664 1616 Id
691 1589 758 1623 est,
789 1584 954 1626 Apollini,

251 1636 309 1677 qui
333 1636 413 1667 hinc
429 1634 638 1677 ἀκερσεκόμης
654 1635 801 1675 Graecis,
826 1635 860 1666 id
886 1640 954 1674 est,

249 1686 392 1717 intonsus
408 1687 544 1718 dicitur.
588 1687 689 1718 Dulce
703 1686 854 1727 nitentes]
871 1686 954 1717 Hel·

249 1735 564 1768 lenismusHoratio
579 1746 743 1777 perquam
756 1735 953 1767 familiaris:

247 1787 257 1804 ⁸
269 1785 371 1818 dulce
388 1786 555 1818 ridentem
570 1787 716 1826 Lalagen
731 1785 876 1818 amabo.’
896 1786 955 1818 Sic

248 1838 389 1879 Sappho
402 1836 541 1869 πλασίον
554 1836 612 1869 ἁδὺ
626 1836 784 1877 <pavebam
801 1835 954 1876 ὑπακούει,

248 1888 282 1919 id
300 1894 366 1926 est,
380 1890 536 1920 auscultat
548 1898 644 1929 prope
657 1889 745 1919 dulce
760 1888 941 1928 loquentem.

291 1942 312 1969 9
332 1939 458 1970 Fratris
471 1938 576 1979 Lyoei]
594 1938 736 1977 Bacchi,
753 1938 810 1979 qni
827 1941 862 1968 et
873 1947 953 1978 cog-

247 1989 444 2019 nominatur
474 1989 611 2029 Lyaens.
659 1988 820 2019 Bacchus
851 1988 952 2028 enirn,

247 2043 286 2070 ut
301 2043 337 2070 et
353 2038 489 2079 Apollo,
505 2037 617 2069 dictus
632 2037 952 2079 κοσμοπλόκος,ἇκερ·

246 2087 393 2128 σεκόμης,
415 2086 618 2129 ἂβροχαίτης,
634 2086 822 2128 ἂβροκόμης,
847 2088 951 2127 enixa!-

245 2150 315 2178 της,
338 2139 371 2170 id
387 2142 454 2178 est,
480 2139 633 2178 intonsus,
658 2142 689 2170 et
704 2139 789 2170 molli
802 2139 946 2179 pulchra-

245 2201 304 2232 que
319 2200 406 2222 corna
419 2191 585 2231 praedituss.

291 2244 332 2272 10
355 2241 478 2272 Forsan
498 2245 529 2273 et
549 2242 616 2281 ipse
625 2250 720 2272 comoe
733 2250 888 2282 nunqnam
902 2242 948 2272 la·

245 2291 347 2324 bentis
362 2292 508 2323 honorem
517 2291 675 2330 Profer-et,
684 2294 777 2332 atque
790 2291 854 2323 alio
866 2292 948 2322 clau-

243 2353 312 2374 sum
327 2343 386 2374 tibi
398 2345 491 2383 ponet
507 2342 541 2373 in
553 2341 644 2382 auro]
666 2341 836 2372 Domitius
847 2345 948 2382 putat

244 2391 442 2433 Apollinem
464 2392 568 2424 etiam
598 2391 662 2423 sibi
694 2397 865 2423 secturum
890 2400 947 2423 co-

243 2451 347 2482 mam,
385 2451 426 2473 ac
460 2442 658 2483 AEsculapio
695 2442 946 2482 dedicaturum,

244 2501 344 2534 quam
368 2492 688 2533 interpretationem
705 2492 801 2534 sequi
815 2493 954 2524 videtur

244 2543 424 2583 Matienus,
436 2553 512 2574 cum
529 2543 692 2584 explicat,
706 2546 716 2562 ‘
733 2543 864 2585 ponet‚'
879 2543 952 2575 ἂνα-

244 2591 342 2633 θήσει,
363 2592 529 2624 dedicabit.
590 2593 660 2625 Sed
688 2603 754 2625 non
782 2603 825 2625 ea
853 2603 948 2625 meus

243 2643 393 2685 Papinii.
447 2644 524 2676 Nec
548 2644 699 2676 credidit
723 2653 869 2685 unquam
900 2644 946 2674 Α-

243 2694 406 2734 pollinem
421 2699 536 2726 sectos
549 2703 626 2724 suos
643 2694 755 2725 crines
766 2703 943 2726 consecra-

246 2749 360 2776 turum
376 2745 592 2786 AEscuiapio;
621 2744 679 2776 sed
696 2745 807 2776 innuit
822 2745 943 2785 solum,

1008 1591 1047 1618 ut
1090 1587 1180 1619 bene
1216 1587 1381 1619 observat
1415 1585 1625 1624 Gronovius,
1658 1584 1707 1617 A·

1009 1637 1168 1678 pollinem
1179 1642 1414 1669 consecratam
1430 1635 1547 1669 Earini
1563 1644 1711 1672 comam,

1009 1692 1044 1718 et
1059 1692 1228 1719 aeternum
1249 1688 1463 1727 duraturam,
1484 1686 1591 1729 (quod
1606 1685 1711 1726 Papi-

1009 1738 1084 1769 nius
1108 1738 1270 1778 exprimit
1293 1738 1345 1770 his
1374 1737 1500 1778 verbis,
1524 1746 1620 1769 come
1634 1745 1711 1768 nun·

1009 1798 1102 1829 quam
1122 1788 1254 1820 labantis
1267 1787 1443 1829 honorem)
1464 1797 1484 1819 e
1511 1787 1651 1829 pyxide,
1674 1786 1709 1820 in

1009 1847 1110 1879 quam
1127 1838 1268 1869 condita
1292 1842 1346 1869 est
1367 1842 1596 1873 exemlurum,
1616 1841 1654 1868 et
1674 1836 1710 1869 in

1009 1889 1077 1919 alio
1094 1898 1177 1919 auro
1206 1889 1241 1919 in
1271 1888 1418 1919 secretis
1443 1888 1514 1919 suis
1540 1886 1709 1927 sacrariis,

1008 1938 1260 1979 gratificaturus
1274 1937 1487 1979 AEsculapio,
1508 1937 1708 1978 positurum.

1050 1991 1092 2020 12
1117 1988 1284 2028 Pergama]
1307 1988 1496 2028 Pergamus
1511 1987 1592 2019 urbs
1615 1985 1708 2019 Asiae

1005 2038 1150 2070 Minoris
1160 2038 1203 2069 ad
1216 2038 1365 2079 Caycum
1380 2038 1460 2077 sita,
1470 2037 1618 2069 celebris
1626 2040 1710 2069 tem·

1005 2089 1062 2130 plo
1080 2089 1264 2131 AEsculapii
1280 2089 1499 2130 Pergameni.
1542 2088 1634 2120 Vide
1647 2088 1708 2120 So·

1005 2139 1100 2170 tei-iis
1117 2138 1243 2170 Gallici
1269 2148 1320 2170 vs.
1334 2141 1389 2170 96.
1432 2137 1509 2178 Ida]
1532 2137 1598 2169 Ida
1613 2146 1708 2170 mom

1002 2190 1176 2232 Phrygiae,
1191 2195 1230 2222 nt
1240 2190 1314 2231 jam
1329 2189 1455 2230 aoepius
1470 2189 1630 2221 diximus.
1650 2189 1710 2221 1²5-

1001 2240 1120 2282 nifera]
1141 2240 1173 2272 A
1189 2239 1342 2272 ferendis
1357 2240 1445 2281 pinis
1462 2240 1513 2271 sic
1529 2239 1636 2272 dieta.

1047 2293 1088 2322 13
1100 2290 1208 2322 Sacrae
1216 2292 1306 2322 laude
1314 2289 1425 2332 [nube]
1435 2289 1570 2331 rapine]
1583 2289 1627 2321 Id
1639 2293 1707 2329 est,

1001 2341 1121 2373 umbra
1143 2351 1243 2383 quam
1261 2341 1482 2382 Ganymedes
1508 2347 1642 2382 raptus,
1666 2344 1707 2372 nt

1001 2393 1126 2434 pocula
1133 2393 1155 2425 J
1159 2392 1213 2423 ovi
1225 2391 1479 2424 administraret
1489 2392 1523 2423 in
1534 2392 1644 2432 crelin,
1654 2389 1705 2422 fa·
1772 2431 1781 2433 μ

1001 2443 1128 2475 ciebat.
1172 2442 1306 2483 Raptus
1320 2447 1437 2474 autem
1451 2441 1662 2483 Ganymedis
1678 2450 1700 2472 a

1005 2493 1108 2532 Jove,
1122 2497 1205 2523 nota
1221 2490 1348 2523 fabula.

1050 2544 1089 2572 14
1113 2540 1224 2581 Illum]
1266 2540 1514 2582 Ganymedem.
1569 2540 1706 2573 Turbida

1003 2591 1104 2632 Juno]
1127 2591 1196 2622 Hic
1212 2595 1268 2622 est
1292 2589 1482 2631 ζηλοτπίας
1495 2589 1668 2632 ,capam-hp,
1684 2600 1705 2622 a

1001 2642 1133 2682 dolore,
1150 2641 1396 2682 indignatione,
1410 2640 1563 2682 fastidio,
1578 2646 1618 2673 nt
1632 2645 1702 2674 tur·

999 2693 1072 2725 bida
1086 2693 1130 2724 sit
1141 2691 1290 2731 ἐμπαθὴς,
1299 2693 1397 2733 impos
1408 2693 1472 2732 ui,
1485 2692 1539 2724 cni
1551 2701 1630 2724 mox
1642 2701 1702 2733 op·

998 2744 1148 2786 ponitur,
1164 2745 1174 2760 ‘
1186 2742 1324 2784 placida
1338 2741 1472 2774 fronte’
1494 2740 1595 2774 infra.
