1800 3060
209 210 294 252 358
707 221 748 251 P.
779 220 971 251 PAPlNu
1006 221 1169 253 srA‘ru

212 314 385 358 Dextra
404 314 471 355 bis
491 313 663 356 octonis
682 313 904 357 fluxerunt
924 315 1093 358 saecula
1110 316 1280 367 lustris,

211 380 359 436 Atque
380 383 466 424 aevi
488 382 584 423 sine
605 383 724 424 nube
743 386 880 425 tenor.
940 383 1089 435 Quam
1107 383 1235 426 dives
1254 385 1300 426 in
1318 398 1426 427 usus

216 447 449 499 Natorum,
469 452 652 503 totoque
674 450 827 491 volens
841 451 1052 492 excedere
1073 463 1222 502 censu,

212 515 364 557 Testis
386 515 530 557 adhuc
547 515 660 569 largi
680 516 799 558 nitor
818 517 916 558 inde
937 522 1141 559 assuetus
1163 517 1354 568 Etrusci,

214 582 299 625 Cui
320 587 398 624 tua
417 596 505 625 non
522 583 709 625 humiles
729 583 852 625 dedit
870 584 1138 639 indulgentia
1159 598 1317 627 mores.

215 650 354 692 Hunc
377 651 598 705 siquidem
619 652 830 705 amplexu
851 664 1023 706 semper
1042 656 1274 694 revocante
1294 653 1474 693 tenebas

216 717 434 769 Blandus,
456 723 501 759 et
520 719 705 772 imperio
725 730 948 773 nunquam
967 722 1114 772 pater:
1145 718 1275 773 hujus
1294 719 1449 760 honori

215 785 407 826 Pronior
426 785 525 839 ipse
547 786 682 827 etiam
701 785 925 838 gaudebat
944 784 1100 827 cedere
1118 785 1263 827 frater.

216 851 345 903 Quas
367 853 449 893 tibi
469 852 618 894 devoti
632 853 824 907 juvenes
842 866 920 907 pro
942 858 1069 907 patre
1089 857 1254 902 renato,

216 920 396 962 Summe
413 920 590 970 ducum,
611 923 772 974 grates,
793 925 871 962 aut
892 934 992 975 quae
1011 920 1088 975 pia
1105 922 1210 962 vota
1229 919 1495 974 rependant?

216 987 286 1029 Tu
307 987 408 1043 (seu
428 988 554 1029 tarda
572 989 676 1038 situ,
697 989 916 1043 rebusque
939 989 1159 1030 exhausta
1182 991 1384 1029 senectus

215 1056 419 1107 Erravit3
450 1068 531 1097 seu
550 1056 715 1098 blanda
732 1056 807 1098 diu
830 1056 1021 1098 Fortuna
1039 1067 1281 1109 regressum

1578 586 1663 628 150

1584 920 1667 962 155

217 1177 355 1209 donavit.
402 1177 569 1217 Transegz't
582 1176 738 1209 sexdecim
747 1177 845 1208 lustra
855 1184 1002 1216 prospero
1016 1185 1120 1212 cursu,
1135 1179 1165 1207 et
1180 1175 1249 1207 vita
1264 1175 1348 1207 nullo
1362 1174 1532 1214 infortunio
1546 1174 1672 1206 turbata

212 1219 293 1258 fuit.
338 1221 440 1256 Quam
466 1221 553 1252 dives
569 1221 602 1251 in
618 1229 691 1251 usus
707 1219 861 1261 filiorum,
886 1222 917 1249 et
941 1219 1043 1249 rolens
1066 1228 1123 1259 pro
1137 1218 1202 1250 illis
1226 1228 1338 1250 exuere
1362 1228 1396 1250 se
1414 1219 1534 1250 cunctis
1555 1217 1673 1259 opibus.

220 1262 292 1293 Hoc
307 1265 441 1294 testatur
453 1262 526 1294 inde
540 1266 680 1294 assuetus
691 1263 833 1302 splendor
848 1260 921 1292 vitae
937 1261 1074 1292 liberalis
1093 1261 1233 1299 Etrusci,
1247 1261 1297 1292 cui
1310 1264 1367 1292 tua
1380 1261 1577 1300 indulgentia
1591 1269 1673 1301 proe·

219 1304 286 1336 buit
299 1305 415 1337 nitidos
429 1315 536 1336 mores.
582 1305 679 1336 Hunc
691 1314 809 1345 semper
822 1303 977 1335 retinebas
999 1303 1170 1343 blanditiis,
1183 1314 1237 1335 nec
1252 1313 1326 1343 erga
1339 1313 1409 1334 eum
1420 1304 1556 1335 utebaris
1568 1302 1674 1343 patria

218 1347 418 1387 munitate,
442 1347 622 1389 propensior
647 1349 688 1378 ad
712 1347 800 1378 illum
815 1347 1036 1378 honorandum.
1081 1346 1152 1387 Ipse
1167 1347 1263 1378 etiam
1284 1355 1451 1385 germanus
1466 1346 1630 1377 laetabatur
1645 1344 1674 1375 ei

219 1390 337 1421 cedere.
385 1391 472 1427 Quas
485 1390 609 1431 gratias
624 1390 727 1422 devoti
751 1390 955 1420 adolescentes
979 1388 1039 1419 tibi
1055 1390 1197 1427 reddent,
1217 1398 1356 1429 eupreme
1376 1389 1610 1429 Imperatorum,
1623 1390 1677 1418 mat

221 1441 289 1472 quae
303 1432 357 1472 pia
371 1437 443 1465 vota
457 1433 579 1471 sacient
602 1443 660 1473 pro
675 1436 730 1464 tua
743 1433 852 1471 salute,
866 1431 902 1462 ob
922 1431 1098 1471 genitorem
1111 1441 1200 1462 suum
1227 1431 1266 1462 ab
1281 1431 1376 1462 exilio
1391 1427 1591 1462 revocatum?
1615 1429 1675 1468 Tu,

219 1483 275 1506 eeu
289 1473 355 1513 eius
369 1480 509 1508 senectm
522 1475 612 1507 annis
625 1474 747 1516 gravis,
761 1484 816 1506 seu
835 1473 1031 1514 negotiorum
1046 1474 1122 1504 mole
1147 1474 1267 1514 obruta,
1288 1474 1423 1514 peccavit
1434 1484 1447 1511 ‚·
1468 1473 1675 1512 senforiano,

826 1577 1068 1591 ΟΟΟΜΜΜ

223 1649 537 1683 Gronovius.-15o
561 1651 631 1683 Pro
650 1650 711 1682 Cui
730 1654 798 1690 tua,
819 1650 909 1693 quod
927 1653 1100 1683 testantur
1122 1650 1237 1681 Parm.
1259 1649 1359 1681 Rom.
1383 1652 1419 1680 et
1434 1652 1504 1681 vet.
1529 1648 1676 1681 Linden-

223 1692 347 1734 brogii,
370 1694 485 1725 multae
501 1693 579 1725 edd.
598 1694 735 1731 habent,
754 1694 834 1725 Cum
854 1696 1027 1726 tum—151
1054 1693 1150 1724 Nune
1171 1691 1322 1733 siquidem
1339 1692 1455 1723 Parm.
1500 1692 1510 1709 ⁴
1526 1692 1592 1723 Hic
1606 1701 1678 1723 rem

222 1735 342 1767 miram
360 1736 423 1768 tibi
435 1745 550 1776 narro,
561 1736 686 1768 Lector
701 1747 708 1766 :
727 1745 789 1778 per
805 1746 920 1768 versus
935 1735 1116 1767 continuos
1133 1735 1274 1775 triginta
1286 1739 1434 1776 quatuor
1448 1743 1468 1765 a
1484 1743 1533 1766 vs.
1547 1737 1621 1766 145.
1636 1734 1679 1766 ad

226 1779 301 1810 180.
333 1779 482 1811 Statium
506 1779 678 1820 integrum
703 1783 739 1811 te
763 1778 890 1810 habere
920 1783 1019 1819 puto,
1043 1783 1080 1809 et
1106 1778 1197 1809 nullo
1219 1777 1344 1808 mendo
1375 1775 1562 1815 foedatum3
1587 1778 1679 1818 quod

228 1821 307 1852 alibi
324 1821 356 1852 in
374 1822 424 1853 his
440 1822 563 1862 Sylvis‚
581 1822 644 1853 nisi
660 1822 762 1853 unico
777 1825 911 1853 tantum
926 1822 1014 1860 loco,
1030 1820 1143 1861 Lyric.
1161 1819 1203 1851 ad
1220 1820 1316 1852 Max.
1329 1819 1457 1852 Julium
1474 1829 1554 1851 avs.
1571 1821 1622 1852 11.
1634 1819 1677 1851 ad

225 1865 279 1895 51.
307 1862 449 1904 frustra,
473 1864 607 1905 opinor,
622 1865 843 1906 quaesiveris:
868 1864 912 1895 de
936 1863 999 1894 hoc
1015 1867 1051 1894 et
1074 1862 1136 1894 tibi
1153 1867 1189 1894 et
1205 1862 1284 1893 mihi
1312 1861 1488 1902 gratulor!
1513 1861 1679 1893 Maru.—

229 1907 304 1938 157.
321 1909 384 1938 158
407 1907 417 1925 ‘
434 1907 507 1938 Hos
524 1916 642 1938 versus
653 1907 836 1947 implicitos
852 1907 1057 1947 aperuimus,
1071 1905 1195 1946 partim
1212 1906 1308 1935 unius
1325 1904 1419 1935 verbi
1432 1904 1681 1943 emendatione,

227 1953 267 1979 ut
280 1949 337 1980 ubi
360 1949 417 1980 alii
438 1948 576 1981 codices
599 1949 789 1990 habebant,
813 1949 957 1989 Errabit,
974 1953 1012 1980 tu
1029 1948 1122 1989 legas
1143 1947 1298 1984 Erravit5
1321 1947 1444 1988 partim
1460 1946 1682 1978 distinctione

885 2039 1026 2072 NOTAE

227 2114 347 2139 aureos
374 2104 486 2137 induit
510 2115 529 2136 a
555 2104 711 2146 principe
738 2114 930 2136 concessos.

229 2156 380 2190 Quidam
396 2155 595 2194 intelligunt
620 2154 663 2185 de
674 2154 756 2195 jure
773 2155 875 2187 trium
891 2155 930 2186 li-

228 2206 406 2244 berorum,
423 2205 516 2236 nulla
532 2204 703 2246 probabili
716 2205 861 2236 ratione.

984 2103 1122 2135 Etrusci
1138 2103 1172 2135 in
1188 2102 1306 2143 filium,
1321 2113 1421 2145 quem
1443 2113 1613 2146 nunquam
1638 2104 1683 2135 ab

985 2155 1145 2195 amplexu
1161 2163 1221 2186 suo
1246 2154 1455 2191 dimittebat,
1469 2155 1550 2196 quin
1566 2155 1684 2187 statim

985 2208 1181 2237 revocaret.

274 2259 337 2289 146
359 2256 421 2287 Bis
444 2255 562 2286 octonis
587 2253 710 2294 lustris]
730 2254 789 2285 Bis
808 2258 933 2286 octona

230 2308 353 2347 lustra,
366 2309 445 2338 sunt
458 2307 511 2336 80.
524 2305 616 2336 anni.
760 2304 762 2308 “

275 2359 336 2389 147
360 2356 438 2388 Sine
449 2355 544 2397 nube]
575 2355 655 2387 Sine
669 2353 878 2386 adversitate
892 2363 932 2386 ac

230 2407 431 2441 infortunio.

277 2459 339 2489 148
364 2456 497 2496 Totoque
524 2456 629 2487 volens
656 2456 802 2487 excedere
826 2454 932 2496 censu]

232 2507 416 2541 Tradendo
432 2507 567 2538 scilicet
578 2505 667 2537 filiis.

278 2560 342 2590 149
365 2556 479 2597 Nitor]
515 2556 594 2592 Hic,
625 2566 686 2597 pro
714 2555 933 2596 liberalitate,

234 2607 433 2651 splendore,
447 2616 485 2638 ac
497 2607 667 2647 elegantia
683 2607 762 2639 vitae
779 2607 933 2639 sumitur.

277 2662 340 2691 150
366 2657 448 2698 Tua]
471 2658 614 2689 Etrusce
631 2662 741 2696 pater.

277 2711 337 2740 151
362 2708 515 2749 Amplexu
530 2716 647 2747 semper
660 2707 834 2748 revocante]
856 2706 931 2738 Ele-

235 2762 371 2800 ganter,
386 2762 426 2790 ut
441 2757 582 2789 denotet
597 2765 759 2787 summum
782 2764 931 2788 amorem

1030 2258 1092 2286 152
1118 2256 1162 2286 Et
1184 2254 1314 2295 imperio
1338 2264 1494 2296 nunquam
1515 2254 1620 2297 pater]
1642 2255 1685 2287 ld

986 2310 1053 2346 est,
1071 2304 1128 2346 qui
1145 2314 1316 2346 nunquam
1330 2309 1486 2337 uteretur
1506 2305 1615 2345 patria
1628 2314 1687 2346 po·

987 2359 1115 2388 testate
1138 2356 1172 2387 in
1195 2355 1312 2388 filium.
1356 2356 1464 2395 HuJ'us
1477 2356 1587 2388 honori
1605 2357 1688 2388 Pro·

986 2406 1073 2448 nior]
1101 2406 1226 2446 Hujus,
1245 2415 1342 2447 quam
1358 2404 1487 2438 fratris.

1029 2459 1091 2489 154
1115 2457 1180 2488 Pro
1207 2459 1297 2498 patre
1325 2456 1448 2497 renato]
1478 2456 1519 2488 Id
1549 2460 1613 2495 est,
1641 2466 1684 2488 ex

987 2507 1089 2539 exilio
1114 2509 1295 2545 revocato;
1319 2506 1458 2537 exilium
1476 2505 1563 2537 enim
1579 2514 1686 2546 genus

988 2557 1157 2599 quoddam
1173 2561 1247 2588 erat
1260 2555 1394 2595 mortis,
1407 2565 1450 2587 ex
1468 2565 1547 2597 quo,
1559 2555 1616 2597 qui
1633 2565 1685 2588 re-

987 2607 1211 2647 vocabantur,
1246 2605 1256 2623 ‘
1280 2604 1431 2636 renasci'
1473 2605 1688 2637 videbantur.

986 2658 1074 2690 Vide
1099 2667 1174 2698 quae
1201 2655 1346 2687 diximus
1384 2655 1515 2687 Balneo
1550 2655 1689 2687 Etrusci

987 2717 1035 2740 vs.
1052 2708 1114 2739 ult.

1028 2760 1091 2789 156
1117 2755 1179 2797 Tu]
1202 2754 1412 2788 Domitiane.
