1800 3060
570 209 848 242 srnvsuuu
883 210 981 241 mn.
1003 210 1079 242 ιιι.
1107 201 1150 243 2.

126 307 322 352 Sidoniis
338 307 495 350 iterata
514 306 668 358 cadis3
697 319 787 360 quo
802 306 992 360 germine
1006 306 1201 361 primum
1494 307 1579 349 140

125 374 327 418 Candida
338 373 491 416 felices
511 373 675 416 sudent
694 373 991 428 opobalsama
1004 374 1141 427 virgae
1158 388 1169 416 :

124 441 215 485 Ast
230 455 327 496 ego,
344 441 534 484 devictis
554 441 750 483 dederim
769 454 870 495 qnae
885 440 1012 495 justa
1031 440 1251 495 Pelasgis,

126 510 327 565 Quaeque
344 509 571 551 laboratas
591 508 775 551 claudat
792 508 902 550 mihi
921 507 1087 563 pagina
1105 508 1298 551 Thebas.

122 633 380 667 «senissimis
390 645 403 673 ,·
424 635 477 667 ubi
495 636 632 677 prinu·
644 634 822 674 fortunatoe
841 635 959 675 planta
976 635 1097 667 sffllent
1118 645 1160 667 ea:
1180 636 1321 676 germine
1341 637 1578 678 opobalsamum.

123 676 186 709 Ant
207 687 264 717 ego
279 677 338 709 tibi
351 678 495 718 referam,
508 688 583 720 quos
595 687 687 718 rogos
700 678 913 709 effluxerint
926 679 1082 719 snper-ntis
1103 678 1260 719 Pelasgis,
1276 681 1508 723 quentefiaem
1521 682 1579 712 im-

121 720 276 760 posuerim
293 720 454 762 Thebaidi,
467 721 519 752 cui
532 721 664 753 nultum
676 719 792 752 laboris
800 720 945 762 impendi.

727 814 904 829 000000000
908 815 967 828 ‘O'

122 881 180 914 lta
193 880 297 914 etiam
311 880 433 914 Heius.
453 881 497 914 ad
513 881 635 914 claud.
650 881 763 914 Rufio.
777 891 803 914 ι.
818 884 1004 914 §toa—uo
1027 881 1175 924 Sydon&
1187 882 1304 915 aerata
1317 884 1407 916 vadis
1422 883 1578 925 plurimae

122 923 203 956 edd.
225 923 328 956 etiam
356 925 459 956 Bern.
483 930 521 957 et
545 925 687 957 Gevart.
715 925 803 957 cadis
824 924 954 956 habent
973 924 1118 957 Amstel.
1135 925 1289 958 Gronov.
1305 931 1342 958 et
1357 931 1506 959 recentt.
1521 937 1579 968 quo

213 965 222 974 ⁶
273 970 328 999 est
342 977 384 999 ex
398 968 532 1000 emend.
548 967 768 1008 Marklandi3
789 966 869 999 edd.
897 972 978 999 ante
1001 967 1096 999 illum
1119 977 1235 1000 omnes
1250 969 1424 1009 exhibent,
1438 970 1491 1000 uhi
1503 979 1577 1009 ger-

121 1009 321 1041 nina—141
346 1009 510 1042 Heinsius
534 1020 595 1052 pro
623 1010 768 1042 Candida
791 1009 945 1042 malebat
971 1011 1116 1043 Condita.
1159 1010 1248 1043 Vide
1275 1011 1390 1044 Bnrm.
1414 1012 1457 1043 ad
1474 1011 1579 1044 Ovid.

121 1051 212 1084 rm.
225 1060 251 1083 ι.
266 1054 340 1084 186.
384 1052 455 1084 Pro
466 1054 580 1085 ude-e
593 1053 709 1085 Parin.
721 1057 759 1085 et
773 1051 873 1085 Rom.
887 1054 1121 1085 adana-142
1144 1053 1191 1086 N.
1219 1054 1382 1086 Heinsius
1409 1055 1451 1086 ad
1472 1054 1577 1087 Ovid.

120 1094 223 1126 'Prist-
238 1103 291 1126 lv.
308 1097 361 1127 lt).
376 1097 430 1128 80.
444 1097 455 1114 ‘
466 1096 566 1128 matri
582 1095 737 1135 proxima
744 1095 843 1136 justa
858 1095 945 1135 tuli:
960 1105 1024 1137 pro
1039 1095 1129 1127 baua
1142 1097 1296 1136 Pelasgis,
1306 1097 1396 1139 qnod
1412 1097 1579 1129 exhibent

121 1146 239 1169 omnes
252 1136 332 1168 edd.
346 1137 451 1178 legit:
466 1138 557 1178 justa
571 1139 727 1178 Pelasgis.
741 1137 832 1180 qnod
849 1138 978 1179 primus
993 1139 1027 1170 in
1044 1144 1178 1170 textum
1194 1140 1324 1180 recepit
1338 1139 1577 1172 Marklandus.

120 1182 227 1212 —143
251 1179 368 1216 Quem
381 1181 524 1212 Venett.
538 1180 644 1213 Aldd.
661 1181 772 1212 Colin.
786 1180 921 1222 Grypb.
937 1183 1002 1212 διο.
1027 1181 1164 1222 Quaeqne
1183 1182 1301 1214 Par-m.
1317 1188 1353 1214 et
1371 1183 1470 1215 Rom.
1484 1182 1576 1225 quod

122 1222 296 1255 revocavit
310 1222 436 1256 Μαι-Η.
450 1224 572 1256 claudet
587 1223 642 1256 ed.
659 1227 728 1255 vet.
745 1222 994 1265 Lindenbrogii
1010 1228 1047 1256 et
1062 1224 1162 1256 Rom.
1175 1225 1293 1257 claudit
1309 1225 1426 1259 Parm.

781 1317 925 1351 NOTAE

91 1414 94 1416 .
121 1380 182 1413 riis
209 1381 301 1414 mille
324 1391 392 1415 nnn
414 1386 552 1424 poterat
580 1383 668 1415 emi:
690 1383 755 1415 hac
776 1383 819 1416 P.
874 1384 996 1425 rosior,
1009 1388 1068 1417 aut
1085 1385 1280 1426 procerior.
1295 1409 1304 1418 .
1320 1411 1328 1419 .
1345 1386 1516 1419 Inciditur
1530 1386 1578 1418 vi-

119 1431 285 1465 Iaentulus
298 1433 461 1475 Spinther
477 1433 596 1466 AEdilis
611 1434 735 1466 curulis
751 1434 818 1476 pri-
874 1438 940 1472 tro,
962 1435 1092 1478 lapide,
1117 1436 1269 1468 osseisve
1286 1436 1457 1469 cultellis:
1482 1436 1579 1469 ferro

118 1491 195 1514 mus
219 1482 254 1514 in
283 1488 456 1525 praetexta
485 1494 577 1525 usus,
606 1484 818 1526 improbatus

121 1537 187 1565 est.
218 1533 361 1567 Sidoniis
371 1534 474 1576 cadis]
484 1537 494 1554 ‘
507 1535 645 1578 Tyrium
657 1536 815 1567 ahenum’

121 1586 223 1616 vocat
237 1583 348 1615 Poeta
362 1585 477 1626 Epith.
491 1586 622 1618 Stenae.
665 1586 712 1618 Et
732 1586 819 1618 cadis

121 1633 208 1666 dicit
233 1633 372 1666 abusive
403 1645 465 1676 pro
494 1635 609 1667 ahenis
645 1644 704 1667 seu
744 1636 818 1677 qui-

122 1684 272 1717 buslibet
292 1685 395 1718 vasis.
444 1686 548 1717 Cadus
563 1685 654 1717 enim
669 1690 744 1718 erat
758 1685 817 1718 fic-

122 1735 207 1768 tilis.

165 1788 228 1819 141
252 1786 515 1826 Candidaselica
531 1788 641 1819 ndat
661 1787 816 1829 opobalsa-

119 1847 172 1869 ιιι
183 1837 300 1879 virga]
319 1837 391 1869 Per
407 1837 521 1876 felices
534 1838 641 1877 virgas
654 1838 817 1878 intelligit

120 1887 329 1919 Balsamum.
371 1888 429 1919 De
442 1897 508 1928 quo
523 1887 657 1919 Plinius
670 1887 731 1920 lib.
748 1895 816 1918 ιιι.

119 1939 264 1978 capa&
281 1936 368 1969 ‘Sed
379 1936 629 1977 omnibus,'ait,
639 1936 816 1968 ‘odoribus

118 1987 303 2031 prefertur
332 1987 533 2027 balsamum,
561 1987 619 2018 uni
648 1991 816 2019 terrarum

119 2037 254 2070 Judaeae
273 2046 482 2074 concessum,
501 2036 672 2079 quondam
686 2037 722 2068 in
735 2037 816 2069 duo-

121 2089 184 2122 bus
196 2093 328 2122 tautum
348 2089 471 2129 hortis,
486 2094 631 2130 utroque
648 2089 754 2130 regio,
767 2090 815 2121 al·

121 2139 361 2181 terojngenm
375 2141 430 2171 2⁰.
446 2148 513 2171 non
536 2140 694 2180 amplius,
706 2140 816 2171 altero

121 2190 332 2232 pauciorum.
375 2189 568 2222 Ostendere
600 2189 815 2222 arbusculam

120 2239 209 2272 hanc
233 2238 312 2271 urbi
337 2239 569 2280 Imperatores
591 2240 813 2281 Vespasiani:

121 2291 321 2333 clarumque
341 2290 450 2330 dictu,
465 2301 486 2322 a
500 2291 666 2332 Pompeio
685 2293 816 2334 Magno

120 2342 156 2374 in
171 2341 341 2382 triumpho
351 2340 490 2372 arbores
503 2343 637 2383 quoque
648 2342 816 2375 duximus.

119 2392 236 2426 servit
255 2400 347 2424 nunc
367 2391 456 2432 haec,
478 2395 516 2423 et
542 2391 671 2423 tributa
693 2392 815 2432 pendit

121 2452 270 2476 cnm-sua
280 2446 384 2484 gente
397 2465 406 2474 .
418 2464 428 2473 .
441 2465 451 2474 .
463 2439 613 2473 Saeviere
622 2442 659 2474 in
669 2442 814 2474 eandem

119 2493 246 2534 Judaei,
267 2493 358 2525 sicut
378 2492 413 2523 iu
432 2492 535 2524 vitam
550 2501 683 2534 quoque
696 2502 811 2524 suam:

121 2548 239 2576 contra
250 2541 440 2575 defendere
452 2542 609 2583 Romani,
623 2547 659 2575 et
673 2542 813 2574 dimica-

122 2598 192 2626 tm
207 2602 268 2634 pro
290 2591 414 2626 frutice
440 2595 505 2624 est.
548 2592 708 2634 seritque
723 2602 814 2624 nunc

123 2651 199 2679 eam
219 2643 344 2677 fiscus:
367 2652 433 2678 uec
453 2650 600 2686 uuquam
615 2641 683 2677 fuit
697 2652 813 2675 nume-

871 1485 951 1517 laedi
968 1487 1086 1519 vitalia
1112 1486 1198 1523 odit,
1218 1488 1384 1519 emoritur
1399 1487 1577 1529 protinns;

872 1536 994 1569 eadem
1002 1538 1173 1579 amputari
1182 1547 1395 1579 supervacua
1401 1538 1577 1580 patiens...

870 1587 1001 1619 Succus
1016 1597 1035 1619 e
1051 1588 1154 1630 plaga
1169 1592 1297 1628 manat,
1319 1598 1419 1630 quem
1436 1587 1576 1630 opobal-

871 1646 999 1669 samum
1010 1643 1148 1679 vocant,
1162 1638 1342 1671 suavitatis
1358 1639 1504 1680 eximia,
1515 1639 1578 1672 sed

871 1688 967 1719 tenui
983 1692 1082 1728 gutta
1097 1688 1248 1730 ploratu,
1262 1688 1347 1720 lanis
1361 1698 1469 1730 parva
1481 1689 1577 1722 colli·

870 1738 963 1779 gitur
988 1739 1022 1770 in
1044 1748 1192 1770 cornua:
1225 1748 1268 1771 ex
1295 1739 1336 1771 iis
1364 1749 1451 1771 novo
1473 1739 1576 1772 fictili

870 1789 1042 1830 conditur,
1066 1789 1227 1822 crassiori
1243 1789 1363 1821 similis
1378 1790 1466 1829 oleo,
1482 1794 1518 1822 et
1539 1791 1576 1822 in

869 1844 982 1871 musto
1002 1840 1175 1872 candida:
1197 1839 1352 1872 rubescit
1376 1840 1517 1881 deinde,
1531 1841 1578 1872 si-

869 1890 1008 1931 mulque
1024 1889 1177 1922 durescit
1188 1899 1208 1921 e
1225 1890 1447 1923 translucido.
1468 1890 1576 1923 Alex-

870 1941 978 1973 andro
993 1950 1118 1981 magno
1133 1950 1189 1972 res
1204 1939 1251 1972 ibi
1265 1946 1421 1981 gerente,
1434 1945 1509 1972 toto
1519 1941 1576 1973 die

870 1991 990 2024 aestivo
1002 2001 1104 2023 unam
1120 1991 1282 2023 concham
1299 1991 1433 2032 impleri
1439 1991 1574 2032 justum

869 2041 968 2074 erat.’
1010 2042 1100 2074 Haec
1116 2042 1261 2080 Plinius,
1273 2051 1372 2083 quem
1384 2042 1475 2074 vide.

913 2095 976 2124 142
998 2092 1061 2124 Ast
1082 2102 1153 2132 ego,
1183 2092 1314 2123 devictis
1341 2093 1481 2124 dederim
1504 2102 1574 2134 quoe

859 2141 951 2182 jaste
979 2141 1102 2183 [bustu]
1134 2141 1295 2182 Pelasgis]
1322 2141 1574 2174 Proficiscente

867 2192 980 2224 Metio
994 2192 1141 2223 nondum
1153 2192 1350 2223 absolverat
1361 2192 1574 2224 Thebaidem

868 2243 1055 2284 Papinius:
1089 2242 1178 2273 dicit
1212 2251 1294 2282 ergo
1325 2251 1362 2273 se
1400 2242 1572 2274 dicturum

869 2293 994 2332 amico,
1008 2292 1066 2324 ubi
1081 2291 1235 2331 redierit,
1246 2292 1415 2333 quomodo
1430 2293 1572 2326 tandem

870 2343 1010 2384 Pelasgi
1035 2342 1165 2374 devicti
1190 2341 1234 2373 ad
1257 2341 1388 2373 Thebas
1410 2343 1573 2384 sepulcra

868 2392 1101 2430 obtinuerant,
1131 2399 1196 2432 ope
1234 2395 1271 2422 et
1308 2391 1411 2422 armis
1439 2392 1573 2425 Thesei.

868 2443 957 2474 Vide
967 2442 1077 2473 Theb.
1095 2450 1163 2473 ιιι.
1177 2441 1239 2472 sub
1250 2440 1364 2473 finem.

911 2496 974 2525 143
995 2493 1168 2525 laborum
1184 2491 1318 2533 Thebas]
1339 2492 1383 2525 Id
1404 2497 1470 2533 est,
1482 2493 1571 2526 The-

868 2543 1014 2582 haidem,
1029 2552 1092 2576 seu
1105 2551 1243 2576 carmen
1258 2542 1401 2584 Epicum
1417 2543 1461 2577 de
1477 2543 1568 2577 bello

865 2591 1039 2626 Thebano.
