1800 3060
213 201 300 247 202
713 215 753 247 ι).
791 215 980 246 mermi
1015 216 1179 247 s'rA'rn

216 309 460 352 Maeonium
481 311 576 354 sive
598 311 675 353 ille
695 324 856 361 senem,
875 312 1114 367 Trojaeque
1135 313 1311 354 labores

218 377 417 429 Diceret,
439 382 514 420 aut
533 391 667 420 casus
688 378 810 420 tarde
831 379 1060 420 remeantis
1082 378 1237 430 Ulixi;

218 445 325 499 Ipse
348 451 476 499 pater
495 459 668 496 sensus,
690 447 780 500 ipsi
801 451 1012 499 stupuere
1034 447 1249 499 magistri.

217 512 402 554 Scilicet
421 513 618 554 infausta
637 514 855 555 Lachesis
879 514 1104 556 cunabula
1124 514 1283 555 dextra

217 579 396 632 Attigit,
417 584 458 620 et
478 581 646 634 gremio
667 594 847 635 puerum
869 582 1105 635 complexa
1122 582 1302 623 fovebat

219 648 394 690 Invidia
413 662 422 690 :
454 650 530 690 illa
547 663 682 704 genas
703 653 746 690 et
762 649 961 690 adultum
979 663 1149 691 comere
1168 651 1349 700 crinem,

1597 516 1681 558 120

217 781 309 817 geret
330 780 474 820 pulchros
496 779 563 819 eJ'us
588 778 689 810 crines
709 788 798 810 rosea
821 789 954 810 corona.-
984 779 1050 810 sive
1074 779 1126 811 ille
1147 779 1294 810 recitaret
1319 789 1410 821 opera
1438 781 1522 813 senis
1539 781 1684 819 Moeoniu‘,

219 821 375 852 excidium
394 823 505 872 TraJoe,
525 825 581 853 aut
605 831 724 853 errores
748 831 816 852 sero
839 823 1026 853 umevententis
1052 822 1186 863 Ulyssis,
1207 823 1273 863 ipse
1293 826 1393 863 pater,
1409 823 1684 866 ipsi1›1·-aec‹peor‹s

219 864 414 896 mirabantur
428 865 494 903 ejus
508 865 674 903 judicium.
720 864 839 912 Nempe
854 864 1002 896 Lachesis
1014 868 1232 896 attrectat-erat
1246 865 1312 904 qius
1326 866 1476 897 cunabula
1491 867 1571 898 inan.
1570 867 1685 907 picata

220 916 324 947 nwnu,
339 911 370 939 et
387 908 515 939 Invidia
531 911 637 939 tenens
655 916 786 948 puerum
807 907 841 938 in
865 908 947 948 sinu,
971 917 1041 939 eum
1054 908 1194 946 fovebat.
1238 907 1303 939 Illa
1317 918 1426 940 (muare
1440 910 1561 941 vultum
1574 913 1604 940 et
1620 911 1685 942 [cm-

832 999 950 1012 Oooeoe
955 1000 1010 1011 ‘ee
1014 1000 1051 1011 to
1055 999 1071 1010 e

223 1062 395 1094 Pressisset
421 1073 509 1094 rosea
534 1064 648 1096 lasciva
678 1063 788 1094 Thalia
811 1063 947 1095 coronal
970 1063 1097 1095 Markl.
1142 1062 1198 1095 Cf.
1226 1073 1250 1096 1.
1267 1063 1360 1104 Sylv.
1375 1066 1408 1095 2.
1431 1073 1467 1096 v.
1482 1063 1577 1104 Sylv.
1594 1067 1625 1096 3.
1650 1069 1688 1097 et

222 1105 500 1146 Virg.AEn.1v.
529 1109 711 1138 lanz—118
736 1106 1051 1147 Mark1.conj.au2
1076 1115 1182 1138 cursus
1205 1108 1294 1138 tarde
1318 1107 1487 1138 remeantis
1516 1107 1628 1145 Ulia-12·
1651 1113 1690 1140 ut

222 1149 233 1165 ‘
247 1158 367 1180 cursus
385 1149 518 1180 reducis
534 1159 596 1189 per
611 1159 702 1180 mare
719 1149 852 1180 Ulixei'
876 1159 933 1190 ap.
950 1149 1036 1181 Hor.
1052 1150 1186 1190 (Bentl.
1189 1148 1206 1190 )
1221 1158 1248 1181 1.
1264 1149 1334 1181 Od.
1349 1151 1382 1180 6.
1397 1152 1431 1181 7.
1466 1149 1537 1181 Pro
1557 1150 1691 1192 Ulyssis,

225 1191 280 1222 vel
301 1191 428 1232 Ulyxis,
444 1192 533 1232 quod
552 1191 682 1223 habent
697 1192 777 1222 edd.
800 1196 884 1223 vett.
910 1192 1073 1223 Barthius
1100 1191 1317 1223 scribendum
1346 1192 1482 1233 putavit
1512 1193 1691 1233 mys-sei.—

223 1233 364 1265 —119‘
378 1234 518 1266 Placuit
536 1235 615 1266 olim
632 1235 825 1266 emendatio
841 1236 927 1266 ista:
953 1235 1026 1275 Ipse
1045 1237 1140 1276 pater
1163 1244 1294 1270 censum
1316 1234 1338 1265 i.
1361 1245 1393 1266 e.
1418 1235 1492 1276 ipse
1519 1234 1689 1273 ἐπιστάτης

225 1280 262 1308 et
275 1286 396 1308 censor
412 1278 531 1309 musici
547 1278 644 1318 hujus
660 1277 876 1315 certaminis;
901 1277 961 1308 sed
987 1283 1122 1308 veteres
1151 1277 1200 1308 ita
1225 1278 1358 1308 locutos
1384 1287 1560 1334 nusquam
1575 1288 1628 1310 me
1644 1279 1691 1309 le-

225 1319 316 1359 gisse
332 1320 482 1351 memini.
527 1321 690 1352 Fortasse
706 1329 788 1361 ergo
803 1320 933 1351 dictum
948 1323 1038 1360 pater·
1054 1330 1174 1360 sensus,
1195 1325 1235 1352 ut
1260 1320 1332 1361 Ipse
1355 1323 1447 1360 puter
1469 1320 1693 1352 veri.'Ti1.-

227 1364 291 1393 120
313 1361 441 1394 Scilicet
466 1363 500 1394 in
517 1362 631 1401 fausta
657 1362 760 1394 Aldd.
791 1365 821 1394 l.
847 1365 985 1395 2.—121
1009 1364 1018 1380 ‘
1034 1363 1215 1395 Existimat
1240 1364 1289 1394 sic
1316 1363 1383 1404 legi
1411 1373 1534 1404 posse:
1562 1373 1693 1404 puerum

223 1405 345 1444 gremio
369 1406 540 1446 complexa,
555 1405 685 1444 fovebat
713 1406 882 1437 Invidiam.
926 1405 1041 1437 Acute
1065 1405 1220 1437 dictum:
1244 1406 1406 1437 Lachesis
1431 1415 1576 1447 puerum
1603 1415 1694 1438 com-

228 1447 332 1488 plexa
356 1449 498 1489 gremio,
525 1448 669 1481 fovebat
695 1458 762 1480 uon
790 1454 861 1480 tam
885 1449 1010 1489 ipsum,
1032 1459 1133 1491 quam
1161 1448 1324 1480 invidiam
1349 1448 1465 1481 suam.’
1490 1449 1693 1482 erum—123

884 1534 1032 1567 NOTAE

228 1612 279 1643 sic
307 1610 508 1647 destruitur,
537 1614 576 1642 nt
617 1609 796 1650 ‘frangere
822 1609 936 1641 toros'

229 1671 292 1703 pro
304 1661 519 1702 deprimere:
543 1671 622 1693 nam
638 1665 674 1693 et
687 1661 697 1678 ‘
709 1662 820 1693 crines
831 1661 917 1693 strui
929 1663 937 1678 '

228 1712 404 1749 dicuntur,
421 1715 458 1742 ut
471 1716 507 1742 et
522 1711 602 1743 tori.

990 1610 1116 1642 tiarum
1134 1610 1298 1651 pondera.
1348 1610 1415 1642 Sed
1431 1620 1540 1642 sensus
1557 1610 1621 1643 hoc
1648 1610 1694 1641 lo-

991 1670 1031 1692 co
1055 1661 1307 1702 interpretandi
1337 1671 1378 1693 eo
1412 1660 1607 1702 significatu
1629 1671 1696 1703 quo

990 1712 1106 1743 Plinio
1118 1713 1335 1753 accipiuntur
1347 1713 1405 1744 lib.
1417 1721 1532 1744 xxxv.
1549 1722 1625 1753 cap.
1643 1714 1696 1743 10.

277 1763 405 1805 Thalia]
426 1763 559 1803 Thalia,
574 1773 643 1795 una
663 1773 707 1795 ex
722 1763 844 1804 Musis,
861 1773 936 1805 quae

229 1815 410 1848 comoediis
427 1823 575 1856 praeesse
591 1815 731 1848 dicitur.

274 1869 337 1898 117
361 1866 534 1897 Moeonium
543 1865 662 1906 senem]
686 1865 873 1897 Homerum
889 1866 939 1897 in·
955 1861 961 1865 ⁸

231 1916 372 1957 telligit,
409 1915 596 1947 Poetarum
636 1916 842 1957 principem,
879 1917 938 1958 qui

231 1966 391 1998 Moeonius
405 1966 543 2005 dicitur,
560 1966 638 2007 quia
660 1966 870 2007 Smyrnaeus,
886 1967 939 1998 vel

231 2016 362 2059 Lydius
395 2021 482 2055 erat,
507 2022 546 2048 ut
575 2016 736 2049 Arachne
751 2017 941 2049 ‘Maeonis’

234 2068 362 2100 dicitur
389 2066 529 2099 Ovidio.
573 2066 681 2108 Lydia
701 2076 793 2104 vero,
807 2067 818 2085 ⁴
831 2066 941 2099 Μαιο-

232 2118 310 2150 nia’
326 2122 458 2156 vocata,
485 2117 558 2149 sive
585 2127 606 2148 a
627 2117 766 2149 Maeone
793 2126 888 2159 rege,
903 2125 941 2150 ut

236 2169 309 2200 vult
334 2167 544 2200 Claudianus
573 2167 607 2198 in
634 2167 781 2207 Eutrop.
811 2167 870 2200 lib.
897 2177 939 2200 ιι.

234 2222 307 2254 sive
323 2231 344 2253 a
355 2219 459 2253 fluvio
473 2221 622 2253 Maeoue.
657 2221 723 2252 Vel
739 2221 853 2262 potius
869 2221 941 2253 Ho-

235 2281 348 2304 merus
372 2271 486 2303 dictus
509 2274 563 2302 est
578 2270 749 2309 Maeonius,
764 2280 783 2301 a
804 2271 942 2302 Maeone

236 2332 302 2354 avo
317 2327 496 2361 matern03
518 2331 595 2353 nam
617 2320 723 2353 fluvio
747 2322 892 2362 Melete,
907 2326 944 2353 et

236 2373 384 2405 Maeonis
399 2373 470 2404 filia
484 2376 581 2404 natus
591 2371 751 2404 traditur.
796 2373 941 2413 Compo-

237 2424 307 2455 suit
322 2423 442 2464 Iliada,
457 2424 491 2454 in
508 2433 577 2465 qua
592 2423 801 2455 describitur
817 2423 942 2455 bellum

237 2475 281 2506 ad
293 2475 430 2515 Trojam
447 2479 594 2515 gestum,
605 2474 686 2506 hinc
702 2474 804 2513 Trojoe
816 2473 945 2511 labores,

238 2525 340 2565 dixit,
353 2530 390 2556 et
403 2524 607 2566 Odysseam,
617 2534 675 2556 seu
690 2534 776 2566 opus
791 2524 834 2556 de
845 2525 944 2566 Ulys-

239 2585 291 2615 se,
306 2576 340 2607 in
356 2584 424 2616 quo
440 2575 618 2616 praecipue
634 2585 766 2607 errores
792 2575 867 2616 ejus
884 2584 946 2616 per

239 2635 335 2658 mare
346 2625 603 2664 describuntur,
621 2631 806 2668 antequam
828 2625 870 2657 ad
886 2635 946 2668 pa-

240 2677 341 2708 triam
357 2675 537 2717 pervenire
554 2681 681 2715 posset.

285 2728 348 2759 119
370 2724 500 2766 Sensus]
523 2725 595 2757 Per
618 2734 726 2757 sensus
755 2725 871 2769 aliqui,
895 2726 949 2758 vel

235 2777 407 2818 judicium
434 2775 489 2808 vel
515 2774 716 2816 ingeniun13
739 2776 797 2808 alii
812 2780 948 2809 senten-

992 1763 1050 1794 ubi
1063 1763 1107 1794 de
1122 1762 1276 1795 Aristide
1292 1763 1427 1805 pictore
1439 1763 1588 1804 loquitur
1601 1773 1610 1795 ε
1625 1764 1636 1781 ‘
1651 1761 1698 1794 Α-

991 1814 1130 1845 ristides
1167 1814 1350 1845 Thebanus
1386 1813 1534 1844 omnium
1569 1813 1698 1854 primus

992 1865 1139 1896 animum
1163 1865 1288 1906 pinxit,
1305 1869 1342 1896 et
1356 1873 1474 1895 sensus
1498 1872 1616 1895 omnes
1639 1872 1699 1895 ex-

994 1915 1128 1957 pressit,
1146 1925 1230 1957 quos
1246 1919 1371 1947 vocant
1392 1915 1509 1947 Graeci
1529 1914 1599 1952 ἤθη·
1615 1914 1698 1946 item

996 1964 1298 2007 perturbationes!
1342 1965 1458 1997 Sensus
1485 1965 1604 2007 itaque
1633 1967 1699 1996 stu-

991 2017 1108 2059 pebant
1133 2016 1281 2056 magistri
1302 2020 1462 2058 paterque,
1485 2026 1584 2059 quam
1611 2015 1700 2048 bene

994 2077 1158 2109 personas
1170 2067 1381 2109 exprimeret
1395 2065 1628 2098 modulatione
1644 2075 1703 2098 vo-

993 2119 1065 2150 cis:
1089 2127 1133 2150 ex
1156 2127 1224 2159 quo
1247 2117 1410 2158 cognosci
1437 2120 1587 2158 poterat,
1602 2125 1702 2158 quam

995 2169 1084 2201 bene
1111 2168 1177 2210 ipsi
1205 2167 1328 2200 Poeta
1344 2178 1364 2199 a
1382 2168 1552 2200 recitante
1577 2166 1704 2199 intelli-

996 2224 1172 2262 gerentur.
1220 2218 1409 2250 Gronovius.

1039 2273 1103 2302 120
1126 2270 1256 2302 Scilicet
1279 2269 1420 2308 infausta
1435 2267 1587 2300 Lachesis
1608 2277 1704 2299 cuna-

998 2320 1069 2353 bula
1091 2322 1205 2353 dextra
1220 2319 1360 2361 Attigit]
1386 2319 1560 2358 Lachesis,
1576 2327 1645 2349 una
1659 2325 1703 2347 ex

996 2372 1131 2403 Parcis.
1177 2371 1223 2402 Et
1246 2370 1395 2402 fortasse
1414 2368 1536 2400 alludit
1558 2367 1602 2410 agi
1620 2367 1705 2409 pris-

997 2431 1074 2453 cum
1091 2430 1219 2452 morem
1240 2420 1484 2457 Romanorum,
1500 2427 1567 2459 qno
1583 2417 1705 2449 ultima

999 2472 1056 2504 die
1074 2469 1324 2510 Hebdomadae,
1339 2469 1461 2501 Pareae
1485 2468 1528 2500 ad
1551 2468 1706 2500 scriben-

1000 2522 1045 2554 da
1059 2523 1115 2554 vel
1130 2520 1287 2553 canenda
1299 2520 1396 2561 pueri
1410 2518 1484 2550 fata
1493 2519 1708 2551 advocaban-

1000 2578 1069 2614 tur,
1088 2576 1130 2604 ut
1157 2575 1255 2613 patet
1279 2581 1323 2602 ex
1350 2570 1498 2607 Catullo.
1514 2570 1549 2601 in
1574 2571 1706 2611 nuptiis

1001 2622 1101 2655 Pelei
1116 2626 1153 2654 et
1167 2620 1337 2661 Thetidis,
1347 2630 1390 2652 ex
1404 2620 1533 2652 Ovidio
1547 2619 1581 2651 in
1592 2618 1708 2653 fabula

1001 2672 1183 2712 Meleagri,
1197 2675 1233 2702 et
1246 2670 1470 2702 Tertulliano.

1045 2724 1107 2755 121
1133 2723 1178 2753 Et
1190 2720 1310 2761 gremio
1330 2729 1459 2761 puerum
1479 2719 1641 2760 complexa
1653 2720 1709 2759 so-

1001 2773 1092 2806 vebat
1099 2772 1244 2805 Invidia.-
1260 2771 1318 2803 illa
1326 2779 1438 2811 genas,
1448 2769 1520 2811 ξω]
1542 2769 1708 2803 Invidiam
