1800 3060
220 194 307 237 232
727 205 767 235 P.
802 205 992 235 ΡΑΡιΝη
1026 205 1193 237 εΤΑΤιι

221 301 352 352 Vive,
374 300 513 343 Midae
531 300 651 354 gazis
669 303 713 341 et
733 299 860 353 Lydo
882 299 1013 341 ditior
1030 312 1154 350 auro,

221 368 398 418 Troica,
414 373 458 409 et
479 366 543 408 Eu
549 367 750 421 phrataea
765 379 898 420 super
917 366 1167 408 diademata
1186 366 1320 408 felix:

223 435 370 486 Quem
390 448 478 476 non
499 435 692 488 ambigui
714 434 872 484 fasces,
894 447 980 475 non
1001 435 1168 476 mobile
1191 435 1365 489 vulguS‚

223 502 269 544 N
271 515 329 543 on
348 501 483 554 leges,
503 515 589 543 non
613 507 760 543 castra
781 506 946 544 tenent:
976 503 1054 556 qui
1074 507 1252 556 pectore
1271 517 1432 557 magno

221 569 446 623 Spemque
466 573 714 623 metumque
738 569 909 620 domas,
922 569 1034 611 vitio
1054 570 1283 612 sublimior
1302 571 1437 623 omni,

223 635 436 677 Exemtus
455 635 578 687 fatis,
599 636 986 691 indignantemque
1006 637 1210 679 refellens

1586 572 1674 614 125

219 775 299 805 ram,
315 769 346 796 et
359 768 516 805 vagantur
528 775 624 806 prope
637 767 783 805 scopulos.
833 765 910 797 Vive
931 766 1102 806 opulentior
1127 767 1280 798 thesauris
1301 768 1412 805 Minue,
1428 774 1458 801 ee
1470 780 1545 802 auro
1559 770 1674 812 Lydio,

211 807 407 844 fortunatior
420 807 547 847 regibus
563 808 707 847 Trojanis
721 811 752 839 et
771 808 962 849 Babyloniis.
1010 810 1108 845 Quem
1123 819 1183 841 non
1197 811 1348 851 ancipites
1360 811 1501 851 honores,
1514 823 1574 844 non
1586 814 1674 854 plebs

220 852 404 890 inconstans,
427 861 488 881 mm
503 851 626 890 sorum,
650 860 706 882 nec
730 851 841 881 bellum
866 855 1023 892 occupant.
1071 851 1144 888 Qui·
1157 853 1263 884 domas
1284 853 1406 893 ingenti
1427 856 1530 886 auimo
1543 865 1627 896 spem
1642 858 1676 886 et

219 893 374 933 timorem,
389 893 500 925 celsior
513 893 597 924 omni
610 893 699 933 vitio,
713 903 837 924 securus
853 894 935 933 sati,
956 893 1080 935 repellis
1101 895 1315 934 indignantem
1320 896 1497 938 fortunam,
1519 908 1606 939 quem
1620 908 1674 929 no-

833 984 852 994 ο

993 985 1073 997 mo

216 1054 242 1076 s.
256 1044 423 1084 delphines.
466 1044 553 1075 Vide
569 1044 685 1076 Burm.
701 1044 745 1076 ad
762 1044 862 1077 Ovid.
879 1044 988 1085 Epist.
1006 1054 1119 1077 xvm.
1136 1048 1312 1078 Hah—121
1339 1047 1408 1078 Pro
1431 1047 1528 1078 ditior
1552 1048 1671 1081 Mark-

219 1087 340 1118 landus
367 1088 459 1127 conj.
483 1087 622 1126 dignior.
645 1086 700 1119 Cf.
721 1087 851 1119 Tiburt.
877 1088 986 1120 Manl.
1012 1091 1195 1120 105.—122
1219 1089 1330 1120 Τνυίοα
1353 1093 1383 1120 et
1398 1090 1559 1130 Euphrate
1580 1100 1679 1132 supro

219 1130 343 1161 Venet.
358 1132 388 1162 1.
407 1130 503 1162 Rom.
517 1130 656 1162 Vicent.
673 1129 777 1162 Aldd.
793 1130 904 1162 Colin.
920 1130 1050 1171 Grypli.
1069 1132 1132 1163 ὅτε.
1176 1131 1371 1163 Gronovius
1386 1132 1502 1164 Diatr.
1525 1143 1604 1175 cap.
1620 1137 1676 1166 20.

218 1172 302 1212 legit
322 1172 513 1213 Euphrataea
534 1182 630 1214 supra
639 1183 652 1210 ,⁸
676 1172 766 1204 unde
794 1173 974 1204 lectionem
998 1178 1148 1205 nostram
1172 1173 1303 1206 effinxit
1325 1174 1560 1207 Marklandus.
1606 1177 1674 1208 Eu-

216 1215 338 1254 phratis
352 1225 447 1256 supra
465 1216 578 1247 Parm.
598 1215 708 1247 Troica
724 1218 755 1246 et
773 1216 932 1255 Euphrate
946 1219 976 1247 et
999 1226 1093 1256 supra
1116 1217 1264 1257 conjecit
1282 1217 1674 1258 Lindenbrogius.·—l24

220 1258 403 1297 Bipontina
417 1258 522 1290 habet
537 1257 612 1299 quid
634 1261 758 1299 pectore
779 1268 906 1297 magno,
931 1260 1187 1300 typothetarum
1214 1263 1450 1292 errore—12⁶
1473 1260 1562 1292 Edd.
1586 1267 1674 1294 vett.

218 1300 358 1338 refellis5
380 1301 553 1333 nonnullae
578 1301 705 1333 habent
729 1301 865 1342 repellis,
887 1301 979 1342 quod
1006 1302 1135 1334 mavult
1161 1302 1281 1334 Heius.
1307 1303 1348 1334 ad
1373 1303 1493 1335 Claud.
1522 1303 1672 1345 Epithal.

874 1386 1020 1418 NOTAE

975 1450 1119 1492 diosum,
1151 1461 1311 1483 novarum
1350 1462 1460 1484 rerum
1501 1452 1676 1494 cupidum,

975 1500 1081 1542 quieti
1097 1506 1133 1532 et
1148 1501 1219 1533 otio
1235 1499 1438 1533 adversum!

219 1452 362 1494 navigiis
379 1451 484 1492 venit,
502 1451 623 1483 alludit
636 1451 805 1484 exultans.
831 1451 921 1483 Vide

218 1503 369 1536 Plinium
386 1502 444 1534 lib.
458 1511 511 1534 ix.
529 1511 605 1543 cap.
623 1504 653 1533 8.

1481 1502 1677 1543 Pei-vulgus
1731 1511 1737 1516 ·

263 1556 322 1585 121
341 1552 432 1593 Vive]
455 1552 680 1594 Auspieatum
691 1551 755 1584 hoe
767 1551 922 1592 verbum,

215 1606 227 1623 ‘
245 1604 350 1646 Vive,’
387 1604 423 1636 in
450 1602 736 1645 gratulationibus
761 1606 797 1634 et
824 1601 920 1635 bonis

218 1657 387 1690 ominibus
411 1657 564 1688 solenne.
605 1655 781 1687 Tibullus:
804 1654 815 1672 ⁶
831 1654 920 1686 Vive

217 1707 277 1739 (lin
301 1707 381 1739 mihi
408 1706 518 1738 dulcis
541 1705 649 1738 anus!
692 1704 815 1746 Virgil.
842 1704 918 1736 AEn.

217 1768 278 1791 ιιι.
299 1757 441 1789 ‘Vivite
467 1755 601 1796 felices,
629 1755 750 1797 quibus
777 1759 831 1786 est
850 1754 920 1786 for-

218 1813 301 1841 tuna
317 1811 461 1849 peracta
481 1806 560 1840 Jam
585 1804 672 1838 sua.’
713 1805 832 1847 Midae]
852 1805 920 1837 Mi-

216 1859 279 1891 das
294 1868 357 1890 rex
373 1856 534 1899 Phrygioe
548 1855 748 1887 ditissimus.
794 1855 840 1886 Ee
855 1855 920 1897 Dy-

216 1909 256 1940 do
281 1908 379 1940 ditior
405 1907 496 1948 auro]
534 1906 650 1948 Reges
679 1906 770 1937 enim
800 1905 918 1947 Lydiae

217 1958 480 2000 opulentissimi,
509 1957 570 1990 sed
595 1957 742 1988 maxime
779 1956 916 1989 Croesus

217 2010 369 2042 ultimus.
428 2007 518 2040 Vide
547 2007 764 2039 Tiburtinum
794 2007 917 2039 Manlii

215 2070 264 2093 vs.
278 2063 352 2093 1⁰5.

261 2114 323 2145 122
348 2110 476 2152 Troica]
508 2109 671 2150 Troiana,
693 2117 753 2140 seu
776 2107 918 2140 Priami.

216 2162 410 2203 Euphraten
421 2170 513 2201 super
527 2160 708 2201 [Euphrate
718 2157 828 2198 supra]
854 2158 917 2189 Le-

216 2213 362 2255 gendum
382 2211 576 2253 Euphrataea
589 2218 695 2251 supra,
706 2213 743 2241 et
757 2208 918 2248 iutelligit

214 2264 426 2306 Babylonia:
464 2261 622 2302 Babylon
657 2259 746 2291 enim
777 2258 819 2290 ad
851 2259 917 2290 Eu·

214 2316 370 2357 phratem
389 2314 455 2346 sita
476 2317 564 2345 erat.
609 2309 791 2353 Babylonii
805 2314 919 2342 autem

215 2374 316 2406 reges
329 2364 436 2396 totius
459 2361 616 2395 Orientis
631 2360 801 2403 quondam
818 2359 916 2391 ditis-

215 2415 289 2448 simi
307 2424 347 2446 ac
363 2412 604 2454 potentissimi.

261 2467 322 2496 123
346 2460 626 2504 Ambiguisasees]
654 2461 781 2493 Fasces
796 2459 917 2492 summi

215 2517 376 2554 honores,
393 2519 431 2545 ut
445 2513 655 2548 consulatus,
666 2512 915 2553 proeturae‚&c.

219 2562 382 2604 Ambigui]
415 2563 566 2603 Propter
596 2562 762 2602 pericula,
791 2559 916 2602 quibus

217 2617 273 2658 qui
290 2623 429 2656 magnas
441 2612 599 2645 obtinent
613 2612 797 2654 dignitates
811 2620 916 2652 expo-

216 2666 272 2698 siti
287 2669 376 2697 sunt.
420 2662 553 2703 Mobile]
574 2662 757 2703 Proprium
785 2661 917 2703 epithe-

217 2722 289 2747 tum
303 2714 406 2756 vulgi.
437 2712 638 2746 Sallustius:
654 2712 665 2730 ‘
681 2713 809 2754 Vulgus
825 2712 918 2753 inge-

216 2765 272 2797 nio
290 2764 417 2805 mobili,
440 2762 651 2804 seditiosum,
674 2768 778 2805 atque
792 2762 919 2795 discor·

975 1555 1090 1582 autem
1106 1549 1259 1582 favorem
1277 1552 1394 1593 populi
1409 1552 1530 1584 innuit.

1017 1602 1079 1632 124
1103 1601 1177 1632 Non
1192 1601 1289 1642 leges]
1325 1602 1445 1634 Munia
1473 1612 1535 1634 sen
1561 1601 1676 1635 officia

973 1648 1132 1683 forensia.
1191 1651 1320 1693 Caetra]
1355 1653 1476 1685 Munia
1501 1653 1676 1687 militaria.

975 1701 1042 1738 Qui
1052 1706 1175 1742 pectore
1189 1713 1302 1743 magno
1328 1703 1480 1746 Spemque
1502 1708 1676 1746 metumque

973 1751 1093 1793 domas]
1123 1753 1304 1795 Expressit
1327 1754 1580 1795 elegantissime
1606 1755 1676 1796 pri-

973 1811 1065 1834 mum
1094 1802 1176 1834 illud
1206 1804 1386 1845 sapientiae
1428 1810 1464 1836 et
1494 1803 1676 1837 felicitatis

975 1852 1102 1884 Stoicae
1116 1852 1270 1894 effatum,
1290 1854 1379 1895 quod
1404 1855 1583 1895 Epictetus
1608 1855 1677 1887 En·

972 1903 1093 1934 chirid.
1121 1904 1171 1935 sic
1199 1903 1358 1945 profert:
1377 1905 1490 1937 ”omns
1518 1904 1676 1946 ἐλεύθερος

971 1951 1047 1985 εἶναι
1061 1952 1223 1992 βούλεται,
1233 1953 1314 1994 μήτε
1327 1953 1442 1987 θελέτω
1455 1967 1500 1996 τι,
1511 1954 1591 1994 μήτε
1601 1963 1674 1996 φευ-

970 2003 1055 2045 γέτω
1068 2017 1113 2045 τι,
1126 2007 1188 2037 τῶν
1203 2005 1250 2037 ἐπ’
1267 2005 1386 2038 ἄλλοις.
1429 2004 1466 2037 Ei
1480 2004 1514 2037 δὲ
1528 2005 1584 2044 μὴ,
1606 2007 1675 2037 δον·

973 2055 1078 2088 λεύειν
1092 2055 1225 2097 ἀνάγκη.
1272 2057 1422 2099 Quisquis
1445 2058 1524 2090 liber
1545 2068 1609 2090 esse
1621 2068 1674 2090 νο-

970 2107 1024 2147 let,
1035 2117 1131 2148 neque
1140 2108 1244 2148 cupiat
1251 2108 1426 2149 quicquam,
1436 2118 1492 2140 nee
1501 2111 1678 2147 ametur,

970 2166 1073 2189 eorum
1085 2168 1154 2199 ’μιν
1166 2168 1260 2199 penes
1272 2158 1351 2190 alios
1361 2162 1445 2191 sunt.
1489 2158 1548 2191 Sin
1559 2159 1674 2199 minu,

972 2208 1090 2240 servire
1117 2219 1237 2240 necesse
1259 2212 1317 2241 ese.
1363 2209 1492 2242 Seneca
1521 2209 1565 2242 de
1589 2209 1674 2241 vita

974 2259 1085 2290 Beata
1109 2268 1186 2300 cap.
1211 2263 1244 2290 5.
1267 2259 1277 2276 ‘
1292 2259 1414 2291 Potest
1443 2260 1562 2291 beatus
1590 2259 1673 2300 dici,

973 2307 1032 2349 qui
1048 2317 1110 2340 nec
1133 2308 1229 2350 cupit
1243 2318 1307 2341 nee
1322 2309 1422 2342 timet
1436 2308 1606 2342 beneficio
1619 2318 1676 2341 ra-

971 2356 1098 2389 tionis!
1140 2358 1187 2389 Et
1207 2358 1362 2399 Epistola
1386 2361 1439 2390 80.
1459 2358 1469 2376 ‘
1486 2359 1672 2399 Nunquam

971 2406 1082 2447 major
1103 2411 1157 2438 est
1182 2409 1323 2444 animus,
1340 2417 1441 2449 quam
1469 2407 1528 2439 ubi
1558 2408 1671 2439 aliena

971 2457 1154 2498 disposuit,
1178 2462 1215 2489 et
1236 2457 1322 2490 feeit
1346 2458 1411 2490 sibi
1437 2467 1558 2499 pacem
1585 2459 1670 2490 nihil

971 2507 1148 2547 timendo;
1171 2508 1307 2540 divitias
1329 2507 1412 2540 nihil
1427 2508 1671 2550 eoncupiscen-

970 2557 1040 2590 do.’

1014 2610 1076 2641 125
1097 2607 1184 2640 Vitio
1195 2607 1356 2639 mblimior
1366 2607 1465 2648 mii]
1488 2606 1587 2640 Alius
1602 2608 1671 2640 Po.

970 2658 1048 2691 eta:
1069 2659 1081 2678 ⁴
1098 2658 1237 2690 Pariter
1252 2657 1412 2699 vitiisque
1428 2658 1586 2700 jocisque
1608 2658 1669 2691 Al-

971 2710 1039 2742 tius
1054 2709 1208 2740 humanis
1223 2709 1396 2741 exeruisse
1410 2709 1539 2751 caput.'

1016 2762 1078 2793 126
1089 2758 1347 2802 Exemmsaeis]
1367 2760 1553 2795 Fortunam
1563 2760 1668 2802 enim,
