1800 3060
630 173 904 207 svnvsnum
939 171 1036 203 mn.
1070 172 1101 203 1.
1122 161 1165 202 1.
1578 159 1636 202 51

174 274 275 316 Stat
293 271 475 315 Latium
494 271 733 326 complexa
751 266 900 312 forunl
910 270 930 310 ‘l
961 268 1143 311 Caelone
1164 270 1395 323 peractum

177 341 333 384 Fluxit
353 354 470 396 opus
485 341 505 381 ‘l
536 340 701 381 Siculis
721 351 775 381 au
795 338 1075 380 conformata
1094 336 1280 379 caminis

173 408 351 462 Effigies
370 408 536 450 lassum
557 408 785 462 Steropem
809 407 1108 460 Brontemque
1128 404 1306 460 reliquit
1325 405 1345 446 'l

173 537 249 570 opas
258 529 292 560 ιἰι
306 530 380 562 eoelo
389 533 548 572 peractam
563 529 622 560 line
631 525 774 560 decidit?
791 526 845 558 An
859 528 964 557 seam
974 524 1111 566 conflatu
1122 524 1156 556 in
1174 524 1360 563 fornacibus
1374 523 1493 556 Siculis
1506 521 1636 563 reliquie

784 632 1000 645 OOOOOCUOOOO
1004 631 1024 644 O

173 701 428 743 amplitudinem
444 699 547 732 Genii
561 698 719 731 referret
720 700 783 730 -2
807 697 882 729 Scae
897 697 994 728 latm-
1008 696 1110 728 Urat.
1144 695 1235 727 Vide
1255 695 1436 728 Drakenb.
1453 695 1495 726 ad
1511 695 1634 728 Silium

177 743 523 784 xv11.438.et1,ips.
547 742 590 774 de
615 742 731 781 Magn.
747 741 846 772 Rom.
860 748 917 772 ιιι.
931 743 960 772 7.
977 738 1089 771 Codd.
1106 738 1208 770 Urat.
1224 739 1306 771 Sen.
1331 745 1366 770 et
1389 739 1511 779 Lipsii,
1524 740 1636 771 coelone

240 797 355 823 κισ-ως
375 786 464 818 idem
481 786 592 818 citant
607 785 728 816 Barth.
754 789 789 815 et
814 783 921 814 Bern.
936 782 1088 823 reposuit
1105 782 1225 814 Morel.
1240 790 1417 822 exponens
1435 782 1562 814 Graeco
1578 792 1637 813 vo·

175 830 297 862 cabulo
320 841 338 861 ο
452 827 531 861 ετές·
553 832 590 859 et
615 827 739 869 probat
762 826 861 858 Voss.
876 825 920 857 de
938 825 1107 866 Analogia
1123 834 1150 856 ι.
1165 827 1219 857 32.
1245 834 1280 866 p.
1305 827 1381 857 615.
1382 827 1446 856 —4
1470 825 1527 856 Ita
1551 825 1633 857 Seu.

174 873 268 905 Vatt.
284 876 316 906 1.
330 875 364 905 2.
376 875 410 905 3.
422 874 455 905 4.
478 871 627 904 Merseb.
657 869 752 904 [aeid.
774 868 924 901 vindob.
947 869 1027 901 Par.
1048 868 1150 900 Urat.
1165 872 1202 900 et
1218 867 1331 910 Capil.
1352 877 1430 900 cum
1445 868 1586 900 Venett.
1603 870 1635 899 l.

836 954 868 988 N
875 954 979 988 01·AE

175 1026 270 1054 recte
298 1022 470 1055 Martialis
494 1031 571 1053 eum
598 1021 653 1053 hic
676 1022 687 1040 ‘
703 1021 872 1053 radiatam
926 1019 1038 1052 caelol
1093 1019 1141 1051 Et
1177 1028 1236 1051 ιιι.
1267 1019 1461 1061 ‚Sylvarum
1500 1018 1634 1051 Hercu.

175 1073 297 1105 molem
309 1072 318 1086 ’
332 1076 446 1110 vocat,
460 1072 615 1111 innuens,
637 1072 808 1112 nimirum,
821 1081 874 1102 ra·
929 1070 1040 1111 Epitr.
1063 1070 1074 1087 ‘
1088 1068 1290 1101 Laborifero
1303 1070 1421 1101 vivant
1445 1078 1523 1111 qnae
1548 1077 1636 1100 mar-

174 1123 249 1156 dios
262 1123 342 1156 solis
356 1122 463 1165 capiti
487 1122 766 1163 circumpositos,
790 1131 875 1164 quos
928 1131 1024 1152 mora
1038 1121 1128 1152 caelo
1154 1119 1364 1152 Praxitelis-⁸
1409 1119 1454 1151 Et
1479 1118 1637 1150 Martial.

176 1178 308 1215 septem
322 1172 441 1212 fuisse,
456 1179 493 1204 et
509 1173 659 1214 singulos
671 1172 756 1204 dnos
772 1177 810 1205 et
824 1172 873 1203 vi·

175 1226 263 1266 giuti
278 1224 386 1267 pedes
400 1230 437 1256 et
451 1224 553 1256 semis
567 1224 687 1265 longos
699 1224 808 1256 tradit
831 1223 876 1256 P.

176 1276 308 1308 Victor.
330 1274 478 1309 Quidam
491 1275 671 1316 pern-olem
681 1276 874 1315 geminatam.

174 1326 372 1367 intelligunt
392 1325 487 1358 basin
513 1329 550 1357 et
580 1329 728 1357 statuam
751 1334 873 1366 eques-

175 1382 263 1410 trem
285 1377 336 1409 illi
355 1376 562 1418 impositam.
608 1375 747 1416 Colosso]
768 1375 874 1407 Intel-

174 1426 252 1468 ligit
279 1430 428 1459 statuam
457 1425 646 1458 colosseam
684 1425 875 1457 Domitiani

174 1486 263 1518 equo
297 1476 501 1518 impositam.
565 1476 725 1508 colossus
758 1481 876 1507 autem

174 1537 345 1560 enormem
356 1530 503 1559 statuam
515 1526 698 1568 significat,
710 1531 749 1558 nt
759 1526 876 1558 decla-

176 1583 230 1610 rat
254 1577 388 1610 Plinius
414 1577 472 1610 lib.
484 1586 615 1609 xxxiv.
632 1587 708 1618 cap.
720 1580 754 1610 7.
774 1577 785 1595 ‘
802 1577 877 1608 Mo·

177 1629 226 1660 les
241 1628 370 1670 quippe
395 1627 610 1669 excogitatas
630 1627 783 1659 videmus
809 1631 876 1659 sta·

177 1683 324 1718 tuarum,
343 1687 427 1720 quas
441 1678 588 1709 colossos
614 1681 752 1718 vocant,
775 1677 876 1709 turri-

175 1729 239 1761 bus
252 1727 377 1769 pares!
419 1728 478 1759 13ae
501 1731 623 1759 statuae
650 1727 808 1768 primitus
823 1737 875 1759 so-

177 1779 219 1811 lis
227 1779 305 1811 Diis
316 1777 440 1810 dicatae
450 1777 602 1818 fuerunt,
612 1776 672 1809 sed
688 1787 767 1809 mox
783 1787 875 1809 cres·

175 1833 279 1860 ceute
294 1829 328 1860 in
343 1827 416 1860 dies
431 1827 641 1868 adulatione,
658 1827 873 1868 principibus

175 1878 280 1910 etiam
293 1877 431 1918 delatae,
446 1883 484 1909 ιιι
498 1876 652 1918 fulmina,
663 1882 767 1914 astra.
779 1886 874 1910 coro-

173 1938 229 1961 me
245 1927 399 1960 radiatae.
442 1927 533 1961 Quin
549 1932 586 1960 et
607 1928 674 1969 ipsi
696 1928 731 1959 in
757 1937 875 1960 nume-

177 1988 250 2010 rum
293 1977 444 2010 Deorum
473 1978 583 2009 relati.
643 1978 805 2010 Ceterum
830 1977 875 2010 de

174 2028 306 2070 origine
317 2033 355 2061 et
367 2029 495 2060 honore
507 2033 713 2069 statuarum,
724 2035 762 2061 et
772 2039 875 2071 gene-

176 2079 284 2119 ribus,
299 2082 336 2111 et
350 2078 469 2120 figuris
487 2078 628 2110 consule
651 2079 801 2111 Plinium
815 2079 875 2111 lib.

178 2136 312 2161 xxxiv.
327 2137 404 2169 cap.
418 2131 448 2160 4.
465 2132 496 2160 5.
511 2131 545 2160 6.
557 2133 594 2160 et
607 2131 639 2160 7.

217 2181 240 2210 2
260 2178 388 2211 lantiam
406 2178 533 2219 sorum]
566 2179 690 2210 Forum
711 2179 776 2211 hoc
803 2183 877 2211 erat

173 2230 209 2262 in
230 2233 352 2261 octava
374 2228 514 2270 regione
537 2228 668 2268 Romae,
692 2233 730 2260 et
754 2229 876 2260 Roma-

174 2290 256 2312 num
272 2279 475 2312 vocabatur.
518 2279 622 2311 Dixit
635 2282 751 2311 autem
765 2279 877 2311 Poeta

177 2331 314 2372 Μυκη,
329 2331 410 2374 quia
425 2329 559 2362 Roma
549 2339 586 2362 ιιι
597 2329 696 2362 Latio
708 2329 775 2361 sita
789 2335 877 2363 erat.

179 2382 302 2414 caelone
315 2380 471 2424 [Coelone]
491 2383 651 2423 peractum
667 2380 773 2422 flua-ie
787 2381 876 2423 opus]

178 2431 351 2463 Dubitaut
365 2430 587 2476 interpretes,
615 2440 659 2462 an
685 2431 741 2463 hic
763 2431 876 2463 Poeta

176 2491 262 2522 opus
278 2490 321 2512 ex
346 2481 421 2513 coelo
441 2481 633 2523 delapsum,
657 2491 699 2513 an
722 2482 809 2522 coelo,
838 2481 874 2513 id

176 2534 242 2570 est,
254 2530 429 2572 sculpendi
442 2530 667 2563 instrumento
682 2530 874 2572 perfectum

177 2580 368 2622 intelligat:
402 2580 590 2622 dicuntque
629 2581 781 2623 potuisse
817 2581 873 2614 hic

177 2640 295 2663 vocem
310 2632 396 2663 caelo
411 2640 586 2672 usurpare,
613 2641 655 2663 eo
681 2641 780 2663 sensu
806 2642 872 2675 quo

178 2681 213 2712 iu
227 2681 428 2713 Surrentino
442 2681 544 2712 Pollii
560 2690 600 2713 ιι.
617 2682 752 2723 Sylvar.
777 2685 787 2700 ⁴
803 2681 875 2715 Aut

178 2729 385 2772 Polycleteo
405 2732 537 2773 jussum
562 2737 616 2764 est
644 2732 734 2775 quod
757 2732 872 2765 vivere

928 1172 1039 1207 ‘Quis
1069 1177 1104 1204 te
1127 1171 1298 1204 Phidiaco
1323 1171 1505 1204 formatam
1541 1170 1636 1204 Jniia

927 1222 1040 1256 caeloss
1080 1222 1149 1254 Sed
1176 1223 1250 1255 haec
1275 1221 1519 1264 interpretatio
1542 1227 1636 1252 stare

927 1283 996 1307 non
1023 1278 1141 1315 potest
1166 1283 1244 1305 cnm
1271 1272 1378 1304 verbo
1395 1271 1515 1314 fluxit,
1545 1270 1636 1313 qnod

928 1324 994 1357 arti
1010 1323 1207 1365 sculptoriae
1230 1323 1324 1355 nulla
1349 1323 1482 1355 ratione
1512 1330 1636 1354 conve-

928 1375 991 1406 nit.
1035 1373 1162 1416 Itaque
1174 1373 1371 1416 coelestus-it,
1393 1372 1484 1404 idem
1497 1372 1552 1404 hic
1568 1376 1634 1411 est,

929 1425 1020 1467 quod
1037 1426 1123 1456 coelo
1138 1424 1283 1456 decidit.
1322 1424 1422 1456 Petit
1430 1423 1522 1456 euim
1531 1424 1636 1455 admi-

930 1474 1101 1507 rabundus
1113 1475 1240 1515 Poeta,
1262 1484 1306 1506 an
1333 1474 1392 1506 illa
1414 1475 1500 1506 mira
1517 1480 1636 1505 statua

930 1525 1100 1558 deciderit
1114 1535 1133 1557 e
1149 1526 1250 1563 coelo,
1276 1535 1318 1556 an
1334 1525 1378 1557 ab
1393 1525 1562 1563 Vulcano,
1578 1529 1637 1556 ant

933 1578 1075 1609 Pallade
1097 1586 1227 1609 excusa
1246 1576 1363 1609 fuerit.
1408 1576 1636 1609 Arbitraban-

932 1631 989 1658 tur
1013 1627 1102 1657 enim
1150 1626 1282 1668 antiqui
1310 1626 1571 1663 vetustissimas,
1595 1636 1635 1657 ac

930 1677 1039 1708 multa
1053 1681 1129 1708 arte
1146 1676 1341 1708 elaboratas
1368 1677 1524 1709 Deorum
1552 1678 1637 1708 ima·

931 1726 1027 1766 gines
1044 1736 1063 1758 e
1078 1727 1165 1758 coelo
1189 1726 1372 1767 decidisse,
1385 1732 1424 1758 ιιι
1447 1726 1491 1758 de
1511 1728 1635 1758 statuis

929 1776 1066 1808 Cereris
1088 1786 1129 1808 ac
1154 1776 1317 1818 Cyheles,
1355 1777 1438 1809 item
1465 1777 1636 1817 Palladio,

928 1831 965 1858 et
1001 1825 1178 1858 Ancilibus
1213 1835 1412 1867 persuasum
1439 1826 1506 1858 illis
1545 1832 1634 1859 erat.

929 1876 1096 1908 ‘Fiuere'
1122 1877 1212 1908 enim
1249 1886 1311 1918 pro
1340 1876 1452 1908 delabi
1478 1877 1635 1910 sumitur.

929 1926 1094 1968 Papinius
1109 1927 1189 1958 alibi
1214 1927 1256 1958 de
1283 1931 1405 1959 nocte:
1430 1929 1441 1945 ⁴
1454 1926 1583 1959 Defluit
1599 1928 1634 1960 iu

928 1980 1050 2017 terras,
1086 1981 1286 2019 mutumque
1324 1978 1547 2018 amplectitur
1582 1988 1636 2010 or-

928 2026 1031 2059 bem.'
1052 2027 1109 2059 Ita
1116 2027 1280 2068 Virgilius
1291 2026 1426 2059 AEneid.
1442 2037 1483 2059 ιι.
1497 2029 1507 2045 ‘
1519 2029 1632 2062 Quem

928 2081 1003 2109 tota
1012 2078 1134 2110 cohors
1157 2078 1303 2117 imitata,
1324 2078 1455 2110 relictis
1483 2078 1538 2110 Ad
1563 2083 1632 2110 ter-

929 2139 1002 2161 ram
1024 2128 1172 2162 defluxit
1195 2130 1314 2172 equis:
1359 2131 1404 2162 Et
1427 2129 1545 2161 Livius
1572 2130 1630 2162 lib.

927 2188 969 2212 ιι.
981 2181 992 2199 ‘
1005 2180 1080 2212 Nec
1093 2180 1271 2223 quicquam
1288 2181 1414 2222 equitis
1426 2181 1566 2212 vulnere
1582 2190 1636 2212 re·

927 2230 1078 2270 tardato,
1114 2230 1335 2262 moribundus
1361 2232 1547 2271 Romanus,
1585 2232 1633 2263 la-

927 2281 1088 2314 bentibus
1103 2291 1208 2324 super
1222 2292 1351 2324 corpus
1364 2284 1479 2324 armis,
1499 2284 1542 2315 ad
1564 2290 1631 2316 ter-

929 2340 1000 2363 ram
1016 2330 1187 2364 defluxit.’

971 2385 991 2413 3
1015 2382 1134 2414 Siculis
1146 2382 1295 2424 caminis]
1318 2383 1388 2415 Per
1402 2383 1525 2416 Siculos
1536 2384 1632 2415 cami-

926 2442 996 2472 ιιοε,
1045 2432 1212 2474 intelligit
1257 2432 1427 2466 officinam
1473 2434 1631 2474 Vulcani,

929 2491 1029 2523 qnam
1042 2491 1109 2513 non
1123 2483 1232 2514 solum
1247 2483 1281 2515 in
1305 2483 1423 2515 insulis
1439 2484 1631 2524 Volcaniis,

928 2541 969 2563 ac
985 2532 1126 2572 Lemno,
1146 2532 1207 2564 sed
1223 2533 1327 2565 etiam
1350 2533 1385 2565 in
1398 2534 1500 2566 AEma
1515 2538 1630 2566 monte

926 2581 1052 2614 Siciiiae
1073 2586 1207 2615 veteres
1232 2587 1442 2625 posuerunt3
1461 2588 1501 2615 ut
1525 2583 1631 2615 omni-

927 2631 990 2663 bus
1005 2637 1123 2664 notum
1138 2637 1202 2664 est.

983 2685 1004 2714 4
1035 2683 1166 2715 Lussmn
1202 2683 1363 2724 Steropem
1403 2683 1631 2725 Brontemque]

927 2732 1075 2765 Brontes
1092 2742 1132 2766 ac
1146 2734 1324 2776 Steropes,
1340 2742 1407 2766 nna
1427 2742 1504 2766 cum
1525 2734 1629 2767 tertio
