1800 3060
0 1179 17 1252 ³5³»ss
0 1137 15 1166 ,τ’
0 1102 11 1115 ιη
0 1023 9 1050 «π
0 950 14 966 “·.
16 927 17 930 „
0 903 4 908 ”
10 874 14 875 ,
3 831 5 833 -
3 798 6 799 ¹

572 215 852 249 srnvsautt
886 216 983 248 ms.
1006 216 1060 248 11.
1087 208 1129 248 7.

345 314 542 357 Exores:
572 313 692 356 solet
709 313 796 355 hoc
814 315 967 367 patere
986 314 1121 357 limen

343 381 419 424 Ad
437 386 598 436 nuptas
613 381 902 424 redeuntibus
920 382 1109 424 maritis.

345 449 465 492 Haec
480 452 525 490 te
545 461 636 492 non
654 448 816 491 thiasis
836 462 1006 503 procax
1024 450 1197 493 dolosis

346 517 471 559 Falsi
484 517 677 559 numinis
695 516 843 560 induit
859 517 1050 572 figuras;

1491 520 1577 562 125

349 585 509 640 Ipsum
530 584 611 628 sed
630 586 756 638 colit,
771 590 817 628 et
832 585 1086 642 frequentat
1100 587 1250 642 ipsum

120 684 310 725 Haecjuu
323 684 443 718 rochan·
452 685 528 716 solet
541 683 621 716 viris
640 684 867 718 reverta-tim
886 685 929 718 aa
952 694 1076 718 uxoren.
1122 685 1185 718 1112
1198 695 1260 717 m
1278 688 1311 717 te
1324 685 1428 718 induit
1443 685 1577 728 indgni-

121 728 364 770 busa-inei,
385 731 423 760 at
439 731 589 770 pmerna
614 727 672 760 Ιιοι·
692 727 1262 771 pretextufreqmemtrhym5
1284 730 1340 761 sed
1360 732 1527 761 veneratur
1549 734 1580 761 te

120 867 253 909 scripto
264 865 399 898 Bartbii

886 810 967 823 ”u

590 865 683 898 Vide
696 864 844 898 Advers.
858 865 920 899 lib.
937 874 1006 899 xu-
1022 875 1101 908 cap.
1115 869 1257 900 4.-124
1279 867 1380 900 ‘Hoc
1395 877 1496 900 versu
1510 877 1582 902 me-

119 911 188 944 lius
202 910 325 952 legunt
339 909 413 950 alii,
424 865 563 951 ,ᾔειν-ι’
584 908 708 942 Barth.
752 909 876 951 Itaque
892 909 1410 952 Aldd.001m.oryph.13uu.
1434 911 1580 944 Gevart

122 953 280 988 cmm.
294 952 403 985 Bern-
409 952 698 995 figuuaVenett.
713 951 831 985 Parm.
842 952 943 985 Rom.
958 957 997 986 et
1017 958 1090 985 vet.
1113 953 1383 996 nudenbrogii3
1405 955 1581 988 revocavit

775 1027 920 1062 NOTAE

120 1096 293 1126 eece-nte
299 1092 418 1125 oculos
428 1092 667 1126 moestiuimus
675 1092 822 1135 Hector,

918 1095 983 1126 124
1005 1093 1210 1127 nectem
1229 1094 1343 1127 thiais
1362 1097 1585 1138 pmxdolo-

120 1143 223 1176 Visus
244 1142 367 1176 adesse
387 1143 484 1184 mibi,
507 1144 691 1187 largosque
712 1142 822 1177 effun-
873 1143 1586 1190 ὠΐαωιωώωήῇςιωςὶῇμη]

122 1193 208 1228 dere
219 1191 347 1234 fletus3
370 1194 541 1235 Raptatus
555 1194 643 1236 bigis
657 1199 697 1227 ut
715 1204 823 1238 quon·

122 1244 219 1286 dam,
241 1249 386 1286 aterque
406 1250 552 1277 cruento
566 1245 725 1287 Pulvere,
748 1255 825 1288 per·

123 1304 191 1338 qne
219 1293 327 1337 pedes
349 1294 518 1336 trajectus
540 1296 616 1328 lora
640 1300 827 1329 tumenta.

124 1345 199 1380 Hei
218 1345 322 1378 mibi!
344 1346 455 1388 qualis
470 1352 560 1388 erat,
573 1351 738 1389 quantum
752 1357 826 1380 mu·

124 1401 219 1431 tatus
228 1397 274 1430 ab
285 1397 345 1430 illo
359 1397 527 1438 Hectore,
539 1398 619 1432 &c.'
641 1399 732 1433 Quia
744 1408 828 1441 ergo

124 1448 207 1482 enci
220 1452 280 1481 aut
293 1448 441 1490 peremti
454 1449 629 1482 interdum
643 1449 734 1482 caris
747 1459 829 1491 quo-

126 1508 193 1542 qne
206 1498 282 1532 hec
295 1498 409 1532 tristia
419 1499 566 1541 vestigia
578 1499 830 1541 monstrabant,

126 1548 364 1591 contingebat,
376 1553 417 1581 ut
431 1549 483 1581 illi
494 1559 644 1592 quoque,
656 1559 740 1592 quos
761 1555 831 1582 ter·

127 1609 207 1633 rere
223 1600 373 1642 'nollent,
393 1601 527 1643 ingrata
547 1601 637 1634 facie
662 1602 831 1643 percelle-

128 1655 261 1684 rentur.
303 1651 384 1683 Hoc
409 1651 511 1683 modo
533 1661 602 1684 non
622 1653 699 1684 vult
722 1652 832 1684 Luca„

130 1710 215 1734 num
229 1699 340 1733 videri
362 1701 487 1742 Pollae,
508 1701 571 1734 sed
596 1707 635 1734 ut
658 1702 780 1736 lucian
800 1706 833 1735 et

126 1754 244 1792 gratas
266 1751 338 1783 vin
359 1751 535 1792 adveniat,
562 1754 692 1795 qnippe
710 1753 769 1796 qui
795 1753 833 1784 in

130 1801 258 1834 celum
279 1805 442 1844 receptus
463 1801 593 1843 fuerat,
626 1808 688 1836 aut
711 1803 833 1835 missus

131 1850 178 1884 ad
205 1851 343 1893 Elysios
376 1862 532 1894 campos,
566 1853 624 1886 ubi
654 1853 834 1886 beatorum

130 1910 249 1934 manes
262 1906 374 1934 erant.
414 1902 550 1935 Seneca
574 1903 618 1935 ad
639 1903 831 1936 Marciam.
821 1913 831 1922 ·

130 1951 285 1985 ‘Parens
294 1958 387 1993 tuus,
394 1952 722 1996 MmigNepotem
738 1960 835 1987 tuum

132 2002 288 2044 applieat
313 2002 379 2035 sibi
400 2012 489 2035 nova
506 2004 585 2036 lnce
607 2004 838 2046 gaudentem)

135 2051 309 2094 δι’ἱαίιιιι]
329 2052 372 2085 Id
387 2058 455 2093 est,
467 2059 689 2089 mortuorum.

180 2105 244 2135 122
265 2102 353 2135 Solet
369 2103 426 2135 hoc
435 2108 543 2144 praere
558 2105 713 2138 limenAd
724 2110 839 2147 nuptus

135 2152 335 2185 redeuntibus
358 2154 499 2195 witin]
533 2155 658 2196 Tangit
685 2154 839 2189 fabulam

136 2202 347 2240 Laodamia,
362 2213 438 2246 quse
454 2213 531 2236 cnm
545 2204 693 2238 extincti
714 2206 840 2238 Prote-

137 2253 214 2286 silai
250 2253 408 2295 conjugis
449 2254 658 2287 desiderium
694 2256 840 2298 amplius

136 2302 231 2336 ferre
246 2313 313 2336 non
339 2309 471 2346 posset,
491 2305 741 2338 ardentissimis
762 2317 840 2349 pre·

139 2354 238 2388 cibas
259 2363 280 2386 a
301 2354 381 2387 Diis
405 2354 602 2388 Inferorum
626 2357 787 2399 obtinuit,
802 2362 842 2390 ut

139 2404 262 2451 umbra
277 2405 395 2438 mariti
415 2406 480 2438 sibi
500 2407 750 2449 remitteretur,
773 2418 843 2451 qua

138 2455 215 2489 visa
237 2457 273 2489 in
297 2457 389 2490 illius
410 2458 627 2500 amplexibus
656 2460 842 2502 expiravit.

140 2506 231 2540 Vide
243 2507 467 2541 Claudianum
490 2509 524 2542 in
538 2509 712 2542 laudibus
734 2511 840 2543 Seve-

142 2565 204 2599 τι,
230 2561 271 2590 et
297 2558 475 2600 Hyginum
503 2560 589 2594 Fab.
606 2563 682 2594 103.
707 2566 746 2593 et
767 2564 843 2594 104.

145 2607 224 2640 Nec
239 2609 331 2642 solus
346 2609 404 2642 ille
426 2609 472 2642 ad
492 2620 633 2644 uxorem
648 2612 764 2653 rediit,
781 2611 844 2643 sed

146 2661 187 2690 et
214 2657 328 2692 Osiris
359 2660 453 2702 apud
477 2660 667 2694 Diodorum
692 2662 844 2694 Siculum

146 2707 280 2791 Rutu,
322 2711 395 2744 Hoc
415 2712 525 2754 limen]
556 2712 752 2747 Inferorum
780 2714 847 2748 sci-

174 2767 214 2791 ce
234 2782 243 2791 .

879 1194 987 1236 lpum
1011 1196 1067 1227 sed
1091 1195 1180 1236 colit,
1205 1200 1237 1229 et
1255 1196 1442 1239 frequentat
1466 1199 1586 1241 ipat-u]

878 1244 998 1278 Inuuit
1019 1245 1152 1279 Pollam
1176 1256 1244 1279 non
1266 1247 1329 1280 sub
1351 1249 1480 1281 lncani
1505 1249 1588 1282 ima·

880 1294 960 1336 gine
975 1295 1070 1327 Deos
1086 1296 1220 1338 aliquos
1234 1296 1387 1339 finxisse,
1403 1303 1441 1330 et
1452 1307 1513 1331 eos
1527 1308 1588 1330 na-

881 1346 942 1379 tali
963 1345 1094 1378 Lucani
1115 1345 1215 1379 festis
1231 1347 1366 1380 choreis
1380 1353 1418 1381 et
1431 1350 1587 1382 saltatio-

881 1396 985 1429 nibus
1013 1396 1209 1430 celebrare:
1247 1398 1310 1430 sed
1339 1399 1451 1440 ipsum
1478 1400 1586 1433 Lum-

883 1456 964 1480 nnm
980 1447 1199 1480 sanctissimo
1219 1448 1344 1481 mentis
1354 1450 1506 1482 sacrario
1532 1460 1588 1482 ve-

882 1499 1011 1539 nerari,
1025 1504 1062 1532 et
1075 1498 1171 1532 illum
1186 1500 1301 1532 colere
1315 1500 1350 1533 in
1363 1501 1506 1542 propria
1516 1501 1590 1534 effi

884 1549 941 1590 gie
957 1549 1116 1582 thalamis
1137 1551 1337 1592 praeposita.
1380 1553 1428 1584 Et
1440 1552 1497 1584 hic
1514 1557 1590 1585 tan-

885 1601 936 1642 git
951 1610 1080 1632 morem
1094 1601 1276 1642 Papinius,
1285 1611 1366 1644 quo,
1382 1607 1421 1634 nt
1428 1603 1502 1644 jam
1514 1603 1589 1636 dix-

884 1651 971 1683 imus
986 1651 1030 1683 ad
1041 1652 1199 1693 Epiccdii
1214 1652 1250 1684 in
1259 1652 1438 1685 Glauciam
1454 1664 1502 1686 vt.
1515 1657 1591 1687 191.

885 1707 1036 1743 veteres,
1049 1712 1118 1734 non
1133 1703 1242 1735 solum
1256 1703 1499 1736 defunctorum
1527 1705 1593 1738 sibi

886 1762 1043 1785 carorum
1059 1753 1228 1795 imagines
1243 1755 1384 1795 amoris,
1405 1762 1442 1788 et
1465 1766 1593 1789 memo·

886 1803 947 1835 riae
964 1812 1048 1845 ergo
1060 1803 1152 1845 apud
1168 1813 1207 1836 se
1224 1805 1400 1837 habebant
1415 1806 1520 1843 domi,
1532 1807 1594 1839 sed

886 1853 992 1885 etiam
1021 1854 1057 1886 in
1081 1853 1226 1886 formam
1244 1855 1469 1898 habitumque
1498 1857 1594 1890 Deo·

885 1913 961 1936 rum
973 1903 1183 1946 formabant,
1192 1915 1234 1938 ac
1244 1907 1295 1939 sic
1303 1907 1475 1941 colebant.
1494 1908 1595 1940 Idem

887 1954 1069 1996 Papinius,
1083 1955 1224 1988 Pietate
1238 1956 1465 1990 Abascautii:
1487 1960 1499 1976 ‘
1509 1959 1596 1991 Mox

889 2005 925 2037 in
962 2005 1076 2037 varias
1112 2011 1246 2039 mutata
1269 2010 1406 2040 novaris
1430 2008 1596 2051 Effigies:

890 2056 954 2088 boc
970 2066 1040 2088 aere
1062 2056 1184 2098 Ceres,
1207 2059 1273 2090 boc
1298 2059 1415 2091 lucida
1436 2060 1597 2099 Gnossis,

890 2105 959 2138 luo
980 2106 1078 2139 Maia
1102 2108 1209 2149 tholo,
1232 2109 1349 2141 Venus
1363 2110 1429 2142 hoc
1443 2120 1512 2142 non
1535 2111 1596 2143 im-

893 2156 1002 2198 proba
1030 2167 1125 2198 saxo,
1157 2158 1348 2200 Accipiunt
1381 2161 1496 2192 vultus
1530 2171 1597 2193 non

894 2206 1077 2248 indignata
1105 2208 1250 2240 decoros
1272 2209 1449 2242 Numina'
1503 2211 1599 2252 Apu-

892 2257 982 2288 leius
1004 2257 1105 2289 Asini
1130 2257 1218 2290 Aur.
1242 2259 1302 2291 lib.
1327 2268 1413 2292 vlu.
1436 2261 1504 2293 ‘Et
1525 2261 1599 2293 dies

896 2311 988 2338 totos
1004 2311 1163 2348 totasque
1178 2313 1300 2340 noctes
1318 2309 1512 2343 insumebat
1525 2312 1599 2343 luc-

896 2362 993 2389 tuoso
1020 2357 1216 2398 desiderio;
1254 2363 1291 2390 et
1326 2359 1509 2401 imaginem
1539 2362 1600 2395 de-

884 2405 1020 2448 functi,
1034 2417 1135 2449 quam
1157 2408 1201 2440 ad
1225 2409 1378 2442 habitum
1392 2411 1461 2444 Dei
1482 2413 1601 2445 Liberi

894 2456 1116 2498 formaverat,
1127 2456 1229 2490 affixo
1239 2459 1379 2492 servitio
1387 2460 1512 2494 divinis
1525 2473 1605 2504 per·

896 2508 1012 2539 colens
1040 2508 1239 2548 honoribus,
1267 2510 1345 2551 ipso
1374 2520 1451 2544 sese
1477 2514 1601 2546 solatio

897 2557 1099 2591 cruciabat!
1130 2558 1188 2591 lta
1201 2559 1376 2602 Apollonii
1389 2562 1603 2603 Thyanensis

897 2608 1118 2641 simulacrum
1142 2610 1207 2642 sub
1234 2610 1395 2644 Herculis
1422 2612 1605 2648 Alexicaci

899 2660 1036 2693 nomine
1062 2663 1327 2706 constituerunt,
1351 2673 1389 2698 et
1417 2667 1604 2703 honorave-

900 2717 986 2745 runt
1011 2714 1165 2757 Ephesii,
1193 2720 1285 2748 teste
1313 2717 1497 2752 Lactantio
1521 2721 1604 2753 Div.

901 2762 991 2797 Inst.
1018 2764 1078 2798 lib.
1103 2773 1141 2799 v.
1167 2775 1245 2809 cap.
1260 2769 1293 2799 4.
1336 2768 1477 2812 Figura]
1499 2770 1605 2813 Legit
