1800 3060
220 219 308 262 490
727 229 767 259 Ρ.
802 228 990 260 ΡΑΡιΝιι
1026 229 1192 260 ετΑἰῚι

221 330 307 375 est,
329 323 585 366 defunctam
605 325 771 378 religio.
831 325 929 378 Ego
951 330 1101 367 tamen
1121 326 1226 368 huic
1248 325 1374 381 operi
1395 338 1485 367 non
1506 330 1554 368 ut
1574 338 1685 368 unus

222 406 248 434 e
289 393 430 442 turba,
465 405 548 433 nec
583 396 752 434 tantum
788 394 948 447 quasi³
1002 393 1230 435 officiosus
1278 394 1492 435 assilui:c
1524 395 1689 436 amavit

223 460 336 502 enim
357 472 545 500 uxorem
565 473 712 502 meam
740 460 967 512 Priscilla,
989 466 1034 502 et
1069 461 1261 503 amando
1291 461 1396 504 fecit
1428 462 1532 504 mihi
1566 462 1687 503 illam

222 527 579 582 probatiorem24
614 532 718 582 post
748 528 834 571 hoc
866 529 1068 583 ingratus
1111 542 1225 580 sum,
1257 530 1296 570 si
1335 530 1556 585 lacrymas
1584 535 1687 572 tuas

223 594 438 637 transeo.‘¹
498 594 743 646 Praeterea,
776 596 893 638 latus
922 609 1050 637 omne
1079 595 1271 638 divinae⁵
1293 596 1485 638 domuse
1515 609 1690 650 semper

225 663 436 705 demereri
474 676 556 717 pro
592 677 693 705 mea
725 662 1032 705 mediocritate
1064 663 1286 706 connitor:
1324 676 1427 705 nam
1462 664 1540 718 qui
1573 665 1690 706 bona

224 730 312 772 fide
335 731 461 771 Deos
481 731 605 782 colit,
628 735 751 772 amat
770 733 813 772 et
843 727 1135 773 sacerdotes!
1189 730 1279 773 Sed
1313 731 1520 785 quamvis
1541 732 1690 786 propi-

227 811 345 840 orem
365 797 560 839 nexum⁶
593 799 804 841 amicitiae
838 802 928 840 tuae
958 798 1225 854 jampridem
1255 812 1479 853 cuperem,
1516 799 1690 857 mallem

226 868 402 907 tamen⁷
435 865 626 907 nondum
658 866 950 910 intervenisse
983 865 1382 908 materiam.***⁸
1419 863 1602 922 Reliqua
1623 865 1690 907 de-

226 939 335 976 sunt.

844 999 1084 1012 eeeeeeeeeeee

228 1074 366 1107 novium
389 1074 433 1106 ad
451 1074 525 1108 Liv.
542 1084 593 1108 ιν.
611 1078 662 1107 13.
680 1074 771 1116 quod
788 1085 923 1115 moneo,
937 1085 981 1108 ne
996 1075 1071 1118 quis
1085 1076 1180 1116 legat
1193 1076 1337 1117 publico:
1358 1076 1551 1109 Markl.—3
1567 1077 1692 1109 Plures

227 1118 307 1150 libri
324 1129 333 1150 ι
355 1119 409 1150 sed
424 1122 527 1150 tamen
543 1122 609 1150 tum
619 1119 707 1159 quasi
717 1129 730 1156 ;
754 1119 869 1150 Parm.
885 1129 941 1150 nec
956 1122 1059 1150 tamen
1074 1120 1163 1160 quasi
1178 1130 1190 1157 ,·
1213 1121 1311 1151 Rom.
1327 1120 1454 1151 Venet.
1470 1122 1502 1152 2.
1527 1125 1597 1152 vet.
1615 1121 1693 1152 Lin-

229 1161 422 1203 denbrogii,
449 1166 485 1193 et
500 1161 578 1193 cod.
606 1162 756 1193 Florent.
770 1172 826 1193 nec
849 1165 972 1193 tantum
997 1163 1108 1203 quasi5
1137 1163 1338 1194 Bernartius
1357 1172 1469 1194 veram
1485 1163 1693 1204 scripturam

227 1208 352 1245 putat:
375 1214 432 1236 nec
447 1207 570 1236 tantum
585 1204 710 1236 otiosus.
714 1207 778 1236 -4
801 1205 997 1236 Parmensis
1015 1206 1083 1236 alio
1097 1206 1228 1245 ordine,
1242 1211 1279 1237 et
1294 1205 1433 1237 meliore
1440 1205 1560 1246 jndice
1578 1206 1696 1238 Mark-

228 1246 356 1279 lando:
373 1247 454 1288 fecit
475 1248 563 1278 illam
585 1248 662 1278 mihi
685 1248 907 1288 probatiorem.
954 1248 1038 1279 Mox
1055 1257 1116 1289 pro
1131 1259 1201 1280 sum
1226 1249 1378 1282 Gronov.
1393 1249 1516 1280 Barth.
1531 1249 1642 1282 Veen.
1657 1254 1694 1282 et

230 1290 327 1331 Delp
330 1290 363 1322 h.
377 1290 487 1322 sim.—
450 1293 512 1321 -5
535 1291 605 1321 Pro
627 1290 744 1321 divinoe
770 1291 885 1322 Parm.
911 1290 1046 1322 divitioe.
1096 1291 1206 1323 Paulo
1220 1296 1299 1333 post
1321 1291 1453 1331 eadem,
1473 1292 1617 1323 demo-iti
1632 1301 1693 1334 pro

229 1334 459 1365 demerem—6
481 1333 607 1365 Venet.
622 1336 654 1364 1.
671 1339 707 1364 et
721 1334 837 1366 Parm.
858 1334 1033 1375 propiorem
1054 1334 1174 1371 visum,·
1196 1335 1287 1366 unde
1310 1335 1435 1366 Markl.
1458 1335 1550 1384 co'nj.
1569 1335 1695 1376 propio-

228 1384 296 1407 rem
318 1385 416 1408 usum.
417 1379 481 1407 —7
504 1375 728 1407 Marklandus
745 1376 810 1417 legi
821 1377 945 1417 jussit:
967 1378 1089 1408 mallem
1110 1378 1214 1409 talem.
1259 1377 1330 1409 Pro
1350 1377 1552 1410 intervenisse
1578 1378 1694 1410 Parm-

229 1417 362 1451 habet
349 1419 515 1452 znvenisse.
518 1422 583 1451 -8
606 1419 681 1451 Hos
696 1420 878 1451 asteriscos
892 1419 996 1452 tacite
1013 1420 1157 1452 inseruit
1171 1419 1407 1453 Marklandus.

898 1507 1042 1541 NOTAE

232 1582 244 1601 ‘
257 1582 340 1614 Piso
356 1583 453 1615 vultu
473 1582 660 1625 habituque
679 1584 782 1616 moris
795 1583 939 1626 antiqui,

231 1638 269 1667 et
291 1634 522 1666 aestimatione
546 1639 644 1667 recta
672 1645 828 1676 severus,
844 1635 940 1667 dete-

993 1584 1162 1616 batiorem
1172 1582 1339 1626 effecerit,
1351 1594 1372 1616 a
1387 1594 1424 1616 se
1433 1593 1568 1626 quoqne
1582 1584 1695 1626 lacry-

992 1644 1064 1666 mas
1078 1635 1203 1666 mereri
1219 1639 1255 1667 et
1271 1639 1491 1677 extorquere.
1508 1635 1607 1667 Idem.

232 1685 303 1716 rius
333 1684 646 1726 interpretantibus
677 1686 810 1718 tristior
836 1686 940 1718 habe·

231 1735 348 1768 batur.
380 1737 431 1768 Ea
447 1746 526 1777 pars
537 1747 668 1769 morum
685 1738 774 1779 ejus,
790 1747 856 1780 qno
869 1747 939 1769 sus-

234 1787 371 1828 pectior
381 1787 538 1828 solicitis,
554 1787 736 1829 adoptanti
756 1788 940 1830 placebat.’

237 1839 428 1870 Gronovius.

276 1895 291 1911 ‘³
314 1890 385 1929 Ego
411 1892 514 1921 tamen
536 1889 609 1921 huic
632 1889 729 1931 operi,
745 1899 801 1921 nec
815 1892 940 1921 tantum

235 1940 324 1984 quasi
339 1940 491 1983 officiosus
505 1940 626 1980 assilui,
640 1940 712 1981 ξω]
726 1940 824 1972 Dicit
837 1949 940 1980 pecu-

233 1991 311 2024 liari
327 1995 363 2022 et
375 1991 515 2032 propria
527 2001 631 2022 causa
646 2001 681 2022 se
694 1991 737 2022 ad
752 1990 941 2032 lugendum

239 2042 328 2074 trahi
344 2052 354 2081 ;
393 2041 545 2072 dolorem
577 2051 673 2072 suum
711 2050 777 2072 non
807 2045 940 2072 tantum

237 2091 385 2124 officium
398 2100 490 2132 esse,
504 2097 563 2123 aut
578 2092 686 2123 amico
697 2091 771 2122 dari
787 2101 796 2131 ;
811 2091 941 2132 quippe

236 2141 400 2174 affectum
413 2151 480 2183 quo
496 2141 655 2173 Priscilla
669 2141 846 2173 Claudiam
863 2151 941 2182 pro-

238 2198 370 2232 secuta,
395 2192 521 2235 quique
563 2192 629 2224 sibi
656 2192 836 2224 Claudiam
863 2202 938 2235 pro·

1036 1685 1053 1707 d
1074 1685 1112 1717 Si
1139 1686 1294 1728 lacrymas
1312 1689 1384 1717 tuas
1404 1686 1545 1727 transeo]
1568 1685 1608 1716 Id
1631 1689 1697 1727 est,

993 1736 1105 1769 sinon
1131 1737 1300 1778 lacrymas
1327 1740 1404 1768 tuas
1434 1735 1587 1768 versibus
1611 1735 1696 1768 meis

993 1787 1146 1821 celebro.

1036 1843 1050 1860 θ
1072 1839 1174 1871 Latus
1187 1848 1275 1871 omne
1285 1837 1403 1870 divim
1423 1837 1544 1879 domus]
1568 1837 1623 1870 Sic
1639 1847 1695 1870 vo·

994 1893 1050 1921 cat
1066 1888 1238 1920 ministros
1254 1892 1290 1920 et
1303 1888 1430 1920 amicos
1442 1887 1672 1927 imperatoris.

1037 1938 1049 1959 f
1071 1938 1136 1975 Qui
1160 1939 1237 1970 bona
1243 1939 1314 1981 fide
1342 1939 1428 1970 Deos
1448 1938 1537 1978 colit,
1560 1941 1646 1970 amat
1666 1941 1698 1970 et

994 1989 1181 2030 sacerdotes]
1193 1989 1364 2021 Adulatur
1375 1989 1624 2029 Domitianum,
1638 1989 1697 2031 qui

996 2040 1095 2071 Deus
1108 2040 1217 2071 voluit
1231 2040 1410 2081 appellari,
1425 2049 1465 2072 ac
1482 2039 1546 2072 snb
1561 2040 1698 2072 nomine

995 2089 1160 2122 Herculis
1189 2089 1268 2121 coli.
1313 2089 1401 2122 Inde
1430 2090 1504 2132 ejus
1527 2089 1697 2122 ministros

993 2140 1003 2158 ‘
1021 2139 1231 2172 sacerdotes'
1245 2143 1356 2174 vocat.

439 2360 470 2389 1.
531 2359 836 2390 ABASCANTII
870 2358 924 2390 IN
958 2358 1265 2390 PRISCILLAM
1299 2357 1492 2391 PlE'rAS.

260 2436 397 2470 Laudat
413 2436 605 2469 Priscillam
622 2436 826 2469 Abascantii
842 2445 983 2468 uxorem
1000 2441 1037 2467 et
1052 2435 1168 2467 miseri
1181 2435 1292 2468 mariti
1309 2435 1472 2477 pietatem
1489 2434 1684 2480 admiratur.

241 2514 293 2557 Sx
318 2526 476 2555 manus
498 2518 574 2556 aut
595 2513 760 2555 similes
781 2512 943 2555 docilis
963 2511 1071 2554 mihi
1092 2512 1254 2567 fingere
1278 2524 1419 2563 ceraS,

284 2614 325 2647 Si
340 2624 414 2646 meoe
428 2624 537 2646 manus
553 2613 654 2653 facile
667 2615 785 2647 discere
795 2617 921 2656 possent
937 2613 1058 2646 tabulas
1080 2613 1224 2655 pingere,
1236 2616 1292 2645 aut
1314 2613 1424 2645 ducere
1436 2611 1522 2642 vivos
1534 2610 1637 2642 vuum
1658 2618 1699 2642 ex

857 2708 1098 2722 O‘OOO‘OOMO

287 2774 506 2807 Parmensis:
548 2774 719 2817 Epicedion
746 2754 991 2808 iniPriu-z'llam
1014 2773 1200 2808 Abascantii
1222 2782 1350 2806 uxorem
1363 2783 1377 2812 ‚·
1400 2776 1529 2805 ceterae
1557 2779 1697 2804 omnes:
