1800 3060
591 224 869 256 SYLVARUM
906 224 999 254 mis.
1023 223 1063 254 1..
1085 212 1129 254 ·2.

1504 211 1589 251 117

130 323 423 376 Parthenope,
442 321 678 375 dulcisque
699 319 796 362 solo
818 324 867 360 tu
886 318 1032 372 gloria
1053 320 1203 359 nostro

130 389 366 445 Raptasti:
383 388 573 431 nitidum
592 391 828 440 consurgat
847 386 904 428 ad
924 386 1089 428 aethera
1105 384 1243 426 tellus

129 457 313 507 Eubois,
333 459 379 498 et
396 456 581 510 pulchra
601 459 764 496 tumeat
784 453 974 496 Sebetos
995 453 1200 494 alumna:

130 524 231 568 Nec
250 525 332 568 tibi
350 523 557 566 sulfureis
576 523 781 566 Lucrinae
803 520 977 564 Naides
998 520 1152 571 antris,

126 649 219 680 doen

230 647 358 688 repsisti
370 646 406 678 ἰιι
416 645 526 687 patrio
547 648 664 676 nocem.
710 644 819 676 Solum
837 643 1009 675 Euboicum
1022 643 1196 674 extollatur
1210 643 1251 674 ad
1265 642 1401 674 lucidum
1414 644 1535 683 ιιιὶυιιι,
1558 648 1591 676 er

128 690 256 724 Schera·
278 689 437 732 superbiat
452 689 594 728 famoso
616 689 752 719 niumm.
797 687 866 718 Nec
885 685 1025 725 συζῆσαι
1042 689 1137 718 antra
1150 686 1236 717 lucus
1251 686 1392 727 Lucrini,
1408 697 1462 718 nec
1477 688 1591 719 amoeni

750 779 947 793 OOOOOOO
949 780 990 791 Ν

130 835 237 884 -4-261
259 851 365 884 Mus.
388 850 480 892 conj.
503 851 646 891 dulcique
658 849 722 881 σοῖο
735 852 772 880 ει
783 848 892 888 gloria
907 851 1015 879 nostro
1029 850 1147 888 reptant

1151 847 1286 879 i.—262
1308 845 1408 878 Leid.
1425 847 1506 878 Par.
1523 846 1591 878 Ve-

130 899 202 927 net.
219 897 251 927 1.
264 894 317 935 (in
336 903 404 935 qna
419 898 498 935 post
510 893 647 924 nitidam
661 889 911 932 distinguitur,)
926 890 1066 923 Vicent.
1091 890 1190 922 Brix.
1207 889 1312 921 Aldd.
1326 890 1439 930 Colin.
1458 889 1591 931 Gryph.

131 938 238 970 Bern.
258 936 444 969 lindenbr.
459 941 496 968 et
517 935 676 968 Grasser.
691 933 851 974 consurgit
861 943 874 970 ;
897 933 996 966 Urat.
1014 938 1050 965 et
1076 934 1172 965 Rom.
1188 936 1370 972 consurgat,
1382 933 1472 974 quod
1490 933 1590 963 resti-

134 980 200 1013 tnit
211 979 357 1012 Gsvart.
372 984 410 1011 et
425 978 615 1020 probarunt
630 978 787 1013 Grotius,
801 976 952 1008 Scriver.
968 980 1006 1008 et
1020 977 1063 1008 V.
1077 977 1123 1008 D.
1133 977 1167 1008 in
1183 976 1333 1016 exempl.
1346 975 1446 1007 Gott.
1461 985 1589 1006 consur-

135 1026 191 1062 get
206 1022 296 1064 conj.
309 1021 653 1063 Undenbrog.—2t3³
678 1019 831 1053 Piccarti
849 1018 960 1050 codex
973 1030 983 1050 ι
1004 1019 1128 1051 Selenis
1149 1019 1275 1050 «lam
1287 1029 1300 1055 ,·
1322 1018 1420 1050 Rom.
1436 1018 1567 1050 Sebem
1577 1028 1587 1054 ‚-

135 1065 335 1098 Schneider.
346 1065 467 1097 scribit
489 1063 752 1096 &bethim—264
776 1062 844 1093 Nec
858 1061 920 1093 sibi
936 1061 1036 1094 Urat.
1061 1061 1155 1093 Leid.
1180 1061 1261 1093 Par.
1281 1061 1378 1093 Rom.
1394 1066 1431 1093 et
1449 1061 1589 1092 vicent.

135 1109 235 1140 etita
248 1108 352 1140 Bern.
369 1107 643 1148 approbantibus
659 1105 839 1144 Gevartio,
854 1103 1008 1146 Gnyeto,
1022 1109 1059 1136 et
1077 1104 1266 1136 Gronovio.
1280 1104 1406 1136 Venet.
1418 1107 1450 1136 l.
1465 1103 1590 1144 sulphu-

130 1151 206 1192 reis,
219 1151 282 1183 sed
297 1151 396 1183 Urat.
406 1156 443 1183 et
453 1150 575 1192 reliqui
588 1148 749 1189 sulfureis,
771 1147 863 1190 qnod
879 1148 979 1179 Voss.
995 1148 1029 1179 iu
1045 1148 1260 1189 Etymologia
1277 1146 1447 1179 defendit.
1465 1147 1590 1178 venet.

789 1244 931 1278 Nom-3

173 1314 238 1344 281
262 1311 472 1354 Parte-m]
499 1311 628 1344 Eadem
644 1321 724 1354 quse
741 1311 835 1343 Nea·

131 1363 233 1405 polis,
246 1362 433 1395 clarissima
447 1363 529 1395 urbs
545 1363 756 1405 Campaniae,
770 1362 834 1394 hoc

131 1422 254 1446 nonen
279 1413 402 1446 sortita
426 1423 448 1446 a
469 1414 691 1455 Parthenope
706 1423 775 1445 una
788 1421 833 1444 ex

130 1463 322 1504 Sireuihus,
351 1473 430 1506 qnae
460 1474 532 1506 prae
568 1464 700 1505 dolore,
740 1462 831 1505 qnod

131 1517 478 1559 preternavigantem
518 1517 677 1558 Ulyssem
714 1517 832 1549 dulce·

133 1566 213 1598 dine
222 1571 343 1599 cantu
353 1567 388 1599 in
398 1577 477 1599 suos
488 1567 646 1609 scopulos
658 1566 833 1598 attrahere

131 1627 200 1650 nou
222 1617 425 1659 potuissent,
450 1619 484 1650 in
507 1627 601 1650 mare
622 1627 660 1649 se
674 1617 834 1659 praecipi-

133 1672 187 1699 tes
200 1673 359 1708 egerunt.
403 1668 536 1709 Corpus
560 1673 675 1700 antem
691 1668 835 1700 Parthe-

133 1727 240 1759 nopes
260 1728 304 1750 eo
326 1718 392 1750 loci
413 1718 565 1751 delatam
587 1723 643 1751 est
661 1717 836 1762 fluctibns,

134 1777 202 1811 qno
225 1773 349 1810 postea
379 1768 555 1810 Neapolis*
566 1769 707 1801 condita
733 1767 837 1801 suita

134 1819 308 1853 cun-niu.
348 1819 549 1851 Euanthius
571 1824 687 1851 tamen
709 1819 837 1861 Diony·

132 1871 175 1903 sii
197 1870 369 1913 interpres
392 1871 477 1911 vnit,
493 1871 673 1914 Neapolim
690 1872 835 1904 Parthe-

132 1930 246 1963 nopen
260 1924 415 1954 vocatam
429 1931 450 1952 a
465 1921 687 1963 Parthenope
710 1922 836 1962 puella,

133 1980 210 2013 qua
223 1980 268 2004 ex
283 1971 415 2004 Enhoea
437 1976 560 2004 avecta
584 1982 663 2004 cum
686 1972 763 2004 aliis
781 1981 837 2004 co-

133 2021 234 2062 lonis,
258 2031 336 2054 cum
363 2021 505 2063 imperio
535 2022 656 2054 urbem
686 2027 837 2062 teneret,

134 2081 248 2104 amore
262 2077 400 2105 mortua
412 2073 470 2104 sit.
514 2073 645 2104 Verum
670 2083 748 2105 cum
772 2073 836 2105 soli

135 2123 308 2164 ubertate,
329 2127 431 2165 atque
453 2123 652 2155 amoenitate
675 2122 835 2166 frequen-

134 2175 203 2206 tius
217 2174 363 2206 habitari
378 2176 556 2216 coepisset,
565 2177 709 2208 Cumani
720 2178 836 2218 veriti,

132 2235 179 2257 ne
189 2225 308 2257 eumae
315 2234 375 2256 sna
386 2221 500 2267 pat'ria
509 2226 741 2268 desereretur,
754 2229 837 2260 Par·

135 2275 308 2317 thenopen
322 2279 535 2315 everterunt,
546 2276 607 2307 sed
624 2283 747 2319 postea
761 2288 836 2320 gra·

136 2327 171 2358 vi
185 2326 383 2368 pestilentia
405 2324 539 2367 afflicti,
559 2337 602 2360 ac
625 2329 747 2360 moniti
762 2338 837 2361 ora-

134 2376 204 2413 culi
231 2385 408 2418 responso,
432 2386 508 2408 eam
531 2386 598 2409 uon
613 2383 836 2420 cessaturam,

133 2426 200 2466 nisi
222 2426 371 2459 dirutam
401 2427 519 2460 urbem
545 2429 782 2471 restituerent,
795 2436 833 2462 et

133 2477 372 2520 Parthenopes
395 2479 484 2511 Deae
498 2481 692 2522 sepulcrum
712 2482 832 2513 annuis

12 2526 25 2546 ’·
90 2557 95 2561 ,
136 2528 313 2561 sacrificiis
341 2530 509 2570 colerent,
523 2530 642 2563 urbem
671 2531 716 2564 de
746 2542 834 2564 novo

134 2578 408 2621 magnificentius
433 2584 679 2620 restaurarunt,
696 2587 734 2614 et
749 2584 834 2614 Neo·

133 2629 241 2670 plin,
262 2628 299 2661 id
325 2634 392 2670 est,
416 2639 538 2662 novam
562 2630 694 2671 urbem,
706 2641 836 2664 nuncu·

135 2684 315 2720 paverunt.
355 2681 482 2712 Strabo
509 2687 623 2713 tamen
646 2683 705 2715 lib.
722 2693 758 2715 v.
773 2684 835 2715 ali·

138 2737 193 2760 am
221 2731 344 2763 mutati
368 2731 512 2763 nominis
552 2742 690 2765 causam
721 2732 835 2766 affert.

134 2779 246 2813 ‘Post
286 2781 555 2824 Dicaearchiam,'
591 2784 715 2826 iuquit,
750 2786 839 2821 ‘seu

888 1310 1068 1350 Puteolos,
1087 1314 1141 1342 est
1157 1309 1323 1351 Neapolis
1338 1309 1565 1341 Cumanorum
1578 1318 1590 1346 ;

888 1366 1008 1403 postea
1024 1371 1106 1394 vero
1121 1366 1157 1393 et
1172 1359 1417 1392 Chalcidenses
1440 1359 1591 1391 incolue-

887 1418 969 1444 runt
998 1418 1036 1444 et
1065 1411 1170 1454 aliqui
1193 1421 1236 1442 ex
1267 1409 1533 1442 Atheniensibus
1554 1414 1592 1441 et

886 1465 1116 1506 Pitecusanis,
1131 1464 1222 1497 nude
1238 1463 1402 1505 Neapolis
1415 1463 1594 1504 appellata

887 1516 963 1549 est.’
1029 1516 1232 1558 Lycophron
1269 1514 1517 1551 Chalcidensis,
1555 1513 1592 1544 in

888 1566 1087 1599 Alexandra
1112 1577 1186 1607 sua,
1213 1566 1353 1598 Phaleri
1368 1574 1500 1597 murum
1516 1574 1592 1596 eam

889 1617 1009 1650 urbem
1034 1617 1200 1659 appellat,
1214 1621 1251 1648 et
1275 1615 1428 1648 Isaacius
1451 1616 1592 1647 Tzetzes

889 1669 965 1710 ejus
979 1669 1151 1710 interpres
1167 1667 1493 1709 adjicit,Phalernm
1508 1666 1593 1699 Sici-

888 1719 943 1750 lia».
957 1723 1136 1760 tyrannum
1151 1719 1332 1759 Neapolim
1346 1718 1382 1749 in
1395 1718 1496 1750 Italia
1510 1727 1593 1749 con-

888 1768 1027 1801 didisse.
1077 1769 1151 1800 Solo
1176 1769 1296 1811 nostro]
1327 1768 1430 1809 Quia,
1459 1772 1498 1799 nt
1515 1767 1592 1808 jam

887 1821 1222 1863 diximus,Papinius
1235 1821 1486 1862 Neapolitanus
1502 1826 1591 1852 erat.

933 1875 998 1904 262
1023 1873 1127 1904 Tenus
1141 1871 1276 1912 Eubois]
1298 1872 1499 1913 Campanis,
1514 1872 1595 1913 quia

889 1924 1031 1956 Cumani
1057 1934 1078 1956 e
1109 1923 1270 1956 Chalcide
1293 1922 1434 1955 Enboeae
1470 1923 1592 1954 insnlae

890 1974 1149 2016 profecti,hanc
1159 1983 1251 2006 oram
1265 1973 1460 2016 Campaniae
1474 1978 1593 2005 tenue-

891 2031 984 2058 runt.

930 2080 995 2109 263
1018 2076 1163 2117 Sebetos]
1184 2074 1329 2107 Sebetos
1344 2072 1467 2106 fluvius
1482 2083 1590 2115 prope

889 2127 1083 2169 Neapolim.
1129 2125 1343 2159 Columella:
1379 2125 1390 2142 ‘
1407 2126 1590 2166 Doctaque

889 2179 1110 2219 Parthenope
1137 2176 1302 2209 Sebetide
1325 2175 1461 2207 roscida
1483 2176 1592 2216 Nym·

888 2229 978 2272 pha!
1005 2231 1053 2262 Et
1064 2229 1257 2269 Stephanus
1273 2227 1430 2267 Pighius,
1445 2226 1480 2257 in
1495 2226 1587 2258 Her·

890 2282 967 2313 cule
982 2280 1158 2318 Prodicio,
1172 2278 1256 2309 dicit
1271 2287 1308 2308 se
1326 2276 1474 2318 Neapoli
1490 2276 1590 2308 vidis-

888 2341 926 2363 se
947 2331 1099 2370 Sirenas,
1123 2338 1202 2360 cnm
1229 2327 1375 2359 Hehone
1390 2331 1426 2359 et
1440 2326 1591 2359 Sebetho

889 2380 1093 2413 tutelaribus
1106 2378 1414 2419 Neapolitanorum
1430 2378 1519 2419 Diis,
1532 2387 1591 2409 ex-

886 2435 1040 2477 sculptas
1068 2434 1102 2464 in
1127 2441 1187 2463 ara
1217 2430 1365 2462 rotunda
1389 2440 1590 2471 marmorea,

887 2496 963 2527 qnae
984 2483 1121 2527 quidem
1145 2491 1234 2514 nunc
1255 2487 1310 2513 est
1329 2481 1592 2513 accommodata

888 2537 922 2567 in
937 2539 1073 2567 cratere
1088 2532 1195 2564 fontis
1209 2531 1356 2564 excitati
1378 2533 1413 2563 in
1433 2538 1591 2563 extrema

888 2585 978 2617 mole
1005 2588 1124 2624 portus
1163 2582 1399 2623 Neapolitani.
1450 2582 1591 2613 Palem

888 2633 1029 2674 almiro]
1052 2631 1262 2674 Violantilla,
1284 2631 1382 2672 cujus
1397 2630 1536 2664 formam
1551 2641 1589 2663 u-

890 2684 994 2726 bique
1006 2682 1139 2715 laudat.

929 2736 994 2766 264
1019 2734 1087 2766 Nec
1099 2732 1162 2764 sibi
1181 2732 1329 2771 sulfureis
1344 2731 1492 2763 Lucrina
1506 2731 1588 2763 Noi-

888 2786 943 2817 des
979 2783 1095 2824 antris,
1129 2782 1198 2815 Nec
1229 2781 1415 2822 Pompeiani
1447 2783 1589 2823 placeant
