1800 3060
179 227 265 270 524

674 238 718 269 P.
747 238 938 270 nemu
971 224 1160 271 STAT11‘'

181 333 265 376 Ille
287 333 504 375 secundus
524 345 643 387 apex
663 333 896 386 bellorum,
917 340 964 377 et
981 337 1188 390 proxima
1209 338 1367 379 cassis.

181 400 257 442 Sic
278 400 475 455 Phryges
496 401 686 452 attoniti,
716 415 968 456 quanquam
989 402 1200 446 Nemeaea
1221 405 1418 447 viderent

180 468 335 520 Arma,
358 468 682 524 Cleonaeusque
703 471 826 512 acies
846 471 1094 524 impelleret
1114 484 1247 513 arcus

181 536 414 590 pugnante
433 535 608 588 Alcide,
627 543 773 579 tamen
793 543 840 579 et
858 538 1104 581 Telamona
1122 540 1352 582 timebant.

1579 541 1635 583 50

182 604 335 655 Disce,
357 617 487 657 puer:
518 619 598 647 nec
616 607 731 647 enim
752 611 933 649 externo
953 608 1170 649 monitore
1190 608 1410 662 petendus

181 671 377 713 Virtutis
397 673 477 714 tibi
498 673 682 727 pulcher
702 687 854 716 amor:
887 680 1083 729 cognata
1103 676 1325 717 ministret

182 739 303 780 Laus
324 740 516 782 animos:
550 740 652 782 aliis
675 742 805 784 Decii
825 743 1100 798 reducesque
1120 743 1297 785 Camilli

182 806 515 860 Monstrentu13
546 812 595 850 tu
616 808 738 850 disce
758 813 927 864 patrem
945 823 957 862 ;
987 814 1267 865 quantusque
1286 811 1525 865 nigrantem

181 932 364 973 imperatori
376 937 407 966 et
421 936 553 967 secunda
568 935 601 966 in
614 935 688 967 bello
700 945 841 977 persona.
886 935 941 968 Sic
954 936 1146 968 consternati
1162 937 1317 978 Phryges,
1329 936 1471 977 quamvis
1482 937 1641 966 cernerent

180 985 270 1008 arma
285 978 428 1016 Nemoea,
450 988 486 1009 ac
501 988 592 1011 arcus
609 979 768 1010 Cleonoeus
780 979 932 1018 funderet
945 989 1048 1011 eorum
1067 979 1172 1020 copias
1190 983 1328 1011 certante
1341 979 1463 1017 Alcide,
1486 981 1589 1009 tamen
1608 980 1640 1009 et

180 1019 357 1051 metuebant
372 1021 548 1053 Telamona.
592 1022 690 1053 Disce
703 1023 894 1054 adolescens:
915 1031 972 1053 nec
985 1022 1068 1053 enim
1091 1024 1240 1064 petendus
1261 1022 1320 1054 tibi
1340 1026 1387 1053 est

1403 1020 1642 1062 piaclum-amor

179 1062 311 1094 firmis
331 1063 371 1094 ab
392 1064 492 1095 alieno
513 1065 648 1096 doctore.
691 1065 908 1096 Domesticum
926 1065 1118 1106 praecom‘nm
1141 1066 1258 1097 animos
1282 1065 1450 1096 ministret.
1491 1063 1586 1096 Decii
1611 1066 1642 1094 et

180 1105 298 1137 reversi
313 1106 441 1138 Camilli
453 1107 527 1140 aliia
538 1111 773 1150 proponentem
795 1111 830 1140 tu
843 1108 933 1139 disce
945 1111 1082 1150 patrem,
1103 1111 1136 1140 et
1155 1118 1215 1150 quo
1237 1109 1340 1140 animo
1363 1109 1487 1148 legatus
1506 1106 1642 1148 inspera-

789 1203 847 1216 O„
851 1202 1006 1216 0000„ss
1010 1203 1028 1215 0

182 1265 299 1299 Parm.
324 1268 438 1300 vetieta
447 1279 460 1307 ;
482 1269 610 1301 venet.
626 1272 656 1301 l.
671 1272 704 1301 2.
722 1269 838 1302 Parm.
854 1273 890 1301 et
905 1271 977 1300 vet.
997 1266 1240 1308 Lindenbrogii
1259 1266 1398 1304 vectita3
1420 1269 1457 1297 et
1472 1265 1520 1296 sic
1536 1263 1640 1296 etiam

183 1309 336 1342 Florent.
353 1318 388 1343 et
405 1311 544 1343 codices
561 1312 703 1344 Domitii
720 1312 915 1350 Calderini3
937 1310 1028 1343 unde
1045 1311 1103 1342 ille
1118 1309 1205 1342 fecit
1221 1310 1378 1341 Nemeoea.
1422 1308 1500 1339 Hoc
1514 1307 1641 1356 imporo-

183 1351 244 1383 bat
257 1353 442 1385 Salmasius
459 1355 570 1395 Epist.
585 1358 640 1387 88.
657 1355 699 1386 ad
717 1355 872 1387 Gronov.
888 1359 925 1386 et
943 1363 1007 1395 pro
1022 1354 1138 1385 nectito
1155 1352 1291 1394 reponit
1303 1353 1386 1384 Jove
1407 1351 1507 1392 picta.
1549 1349 1640 1398 Vide

182 1394 311 1437 Syllog.
324 1397 433 1437 Epist.
449 1397 546 1429 Tom.
562 1407 606 1429 ιι.
619 1407 650 1438 p.
668 1400 745 1429 535.
791 1397 1016 1429 Marklandus
1033 1395 1186 1428 correxit
1201 1395 1346 1427 Lernoea.
1368 1393 1532 1442 Heinsius
1549 1401 1642 1433 conJ.

185 1437 335 1470 Nemeaea
345 1443 597 1480 ψυκτικῇ-49
622 1441 836 1481 Cteonoeosque
865 1440 982 1472 Parm.
1013 1439 1114 1471 Rom.
1139 1439 1266 1481 Venet.
1290 1440 1322 1469 2.
1345 1441 1381 1469 et
1408 1441 1478 1486 vet.
1496 1435 1642 1467 Linden-

184 1480 391 1521 brogii.—5l
418 1482 581 1515 Heinsius
598 1483 631 1514 in
650 1483 794 1516 Advers.
809 1483 867 1515 lib.
884 1493 943 1515 111.
966 1492 1043 1523 cap.
1059 1485 1112 1514 15.
1142 1491 1176 1522 p.
1189 1483 1265 1512 519.
1291 1480 1378 1521 legit
1396 1489 1405 1510 ε
1426 1479 1531 1518 Disce,
1550 1486 1644 1527 puer,

183 1523 296 1565 (neque
310 1525 412 1558 enim.
425 1549 434 1558 .
447 1547 476 1557 ..
493 1526 729 1567 Mousti-entur)
763 1530 799 1558 tu
822 1527 906 1558 disce
926 1529 1047 1567 patrem
1059 1535 1070 1561 ‚·
1094 1524 1168 1556 vel:
1194 1523 1295 1555 Hisce
1317 1532 1404 1564 puer,
1426 1524 1537 1564 (neque
1562 1529 1645 1552 emm

184 1570 312 1599 externo
325 1590 333 1599 .
352 1591 360 1600 .
374 1589 383 1598 .
397 1591 405 1600 .
418 1569 547 1611 pulcher
570 1568 672 1611 amor)
693 1572 845 1611 ,cognatm
871 1570 1012 1610 Esou—54
1035 1567 1162 1600 Venet.
1188 1569 1221 1600 1.
1243 1571 1281 1598 et
1307 1566 1425 1599 Parm.
1451 1566 1643 1608 quantusque

845 1663 987 1696 No'rAE

226 1729 268 1759 47
285 1728 440 1762 Proxima
451 1730 564 1772 cassis]
585 1730 643 1762 Sic
653 1729 796 1762 Soteriis
806 1729 889 1762 Gal-

185 1777 243 1810 lici
266 1779 360 1811 ‘stat
390 1780 545 1822 proxima
571 1781 690 1813 cervix
717 1780 888 1813 Ponderis

184 1827 367 1862 immensi!

228 1881 272 1911 48
307 1879 471 1923 Phryges]
521 1880 674 1922 Trojnni.
717 1880 889 1914 Hercules

187 1931 293 1972 enim,
303 1931 346 1964 ob
353 1931 556 1974 denegatam
571 1933 635 1965 sibi
649 1932 885 1964 aLaomedon-

186 1984 223 2013 te
239 1982 439 2023 promissam
455 1984 649 2015 mercedem
662 1992 725 2024 pro
737 1983 887 2016 liberata

186 2033 354 2073 Hesione,
367 2034 504 2076 Trojam
519 2034 667 2075 obsedit,
693 2038 730 2066 et
755 2045 886 2076 expug-

186 2084 296 2125 navit,
308 2094 349 2117 ac
363 2085 538 2116 Telamoni
553 2084 684 2125 comiti,
693 2084 786 2117 AEaci
802 2084 888 2127 filio,

187 2135 363 2168 Hesionen
379 2135 470 2168 dono
480 2135 575 2168 dedit
587 2135 621 2167 in
635 2136 808 2177 praemium
822 2137 889 2168 vir-

187 2185 285 2227 tutis,
295 2186 386 2228 quod
400 2186 530 2228 primus
545 2194 659 2218 muros
671 2186 890 2218 conscendis-

187 2240 241 2268 set
261 2241 298 2268 et
321 2237 356 2268 in
379 2237 500 2269 urbem
522 2236 696 2269 intrasset.
741 2237 891 2269 Nemeoea

185 2286 330 2319 viderent
344 2287 460 2328 Arma]
482 2286 539 2319 Sic
563 2286 715 2319 correxit
740 2286 891 2319 Domiti-

188 2347 240 2374 us,
263 2346 340 2369 cum
359 2337 395 2369 in
419 2337 575 2369 omnibus
595 2337 772 2369 codicibus
797 2347 891 2369 men-

187 2387 268 2418 dose
289 2387 468 2429 legeretur
493 2387 630 2428 Vacua,
655 2392 692 2420 et
716 2397 779 2429 per
802 2398 892 2420 arma

189 2437 336 2469 Nemeaea
355 2438 520 2479 intelligit
541 2438 667 2480 pellem
691 2438 800 2470 leonis
820 2438 891 2471 Ne·

188 2487 282 2528 maei,
298 2498 366 2530 qua
377 2489 545 2521 Hercules
555 2489 694 2521 indutus
707 2493 795 2522 erat.
818 2489 891 2522 Sal-

189 2539 314 2571 masius
337 2543 453 2571 autem
469 2539 682 2571 emendavit:
705 2539 785 2571 Jove
805 2540 893 2580 picta

191 2594 227 2622 et
239 2599 312 2631 -pev
323 2599 412 2621 arma
426 2591 507 2621 Jove
518 2590 617 2630 picta,
639 2589 802 2630 intelligit
816 2599 893 2622 scn-

191 2645 261 2672 tum
277 2640 450 2681 Herculis,
470 2640 526 2681 qui
540 2640 663 2672 Jovem
680 2640 810 2682 pictum
826 2650 891 2682 pro

191 2691 316 2730 insigni
342 2689 502 2723 habebnt.
546 2691 647 2722 Arma
662 2692 763 2732 enim,
789 2695 827 2723 ut
853 2695 891 2723 et

192 2739 276 2772 ὅπλα
299 2741 447 2782 Graecis,
470 2749 534 2783 pro
563 2740 687 2782 clypeo
711 2745 891 2774 sumuntur

191 2792 281 2834 apud
294 2792 445 2824 Latinos.

984 1731 1028 1761 49
1053 1729 1214 1759 Cleonoeus
1224 1725 1328 1766 arcus]
1349 1724 1393 1758 Id
1418 1727 1485 1765 est,
1511 1722 1644 1756 Hercu-

943 1779 994 1820 lis,
1014 1778 1104 1821 quod
1140 1779 1274 1809 leonem
1298 1777 1480 1809 Nemaeum
1504 1774 1644 1807 occide·

943 1834 997 1862 rat
1011 1839 1121 1872 prope
1133 1829 1293 1862 Cleonas.

985 1884 1028 1913 50
1049 1880 1176 1922 Alcide]
1201 1878 1366 1919 Hercule,
1391 1876 1441 1910 sie
1462 1879 1589 1909 vocato
1599 1876 1646 1908 ab

942 1941 1007 1963 avo
1019 1930 1139 1963 Alceo.

981 1983 1025 2012 68
1047 1979 1158 2021 Decii]
1180 1979 1281 2012 Decii
1297 1979 1445 2020 pateret
1459 1978 1548 2012 filius
1562 1989 1646 2013 con·

941 2032 1031 2063 soles
1046 2029 1204 2071 Romani,
1219 2030 1276 2072 qui
1300 2039 1365 2071 pro
1386 2029 1496 2063 salute
1521 2031 1654 2072 patriae'

942 2091 979 2114 se
994 2081 1220 2113 devoverunt.
1263 2079 1356 2112 vide
1370 2078 1566 2114 Histoi-ico!
1580 2082 1647 2114 Ro-

942 2141 1074 2164 manos.
1112 2131 1309 2172 Reduc-esque
1325 2129 1466 2171 Comini]
1483 2130 1647 2175 Camillus
1668 2131 1671 2134 '

943 2186 1125 2214 revocatus
1151 2181 1197 2213 ab
1221 2181 1338 2222 exilio,
1353 2180 1388 2212 in
1403 2181 1494 2224 qnod
1517 2182 1646 2224 injuste

943 2235 1063 2266 missus
1077 2232 1204 2273 fuerat,
1219 2231 1311 2264 unde
1332 2232 1343 2250 ‘
1354 2232 1483 2264 redux'
1504 2232 1644 2274 dicitur,

945 2283 1276 2326 dispersos,direpta
1287 2282 1373 2314 urbe
1388 2291 1408 2314 a
1419 2282 1529 2316 Gallis
1539 2284 1646 2316 Seno-

945 2336 1058 2376 nibus,
1077 2335 1250 2367 Romanos
1273 2337 1577 2377 consternatosque
1590 2343 1644 2366 re-

945 2386 1096 2427 collegit,
1122 2385 1317 2426 bonumque
1343 2384 1491 2417 anunm
1517 2384 1645 2417 habere

939 2437 1063 2480 jussit:
1086 2446 1165 2468 mox
1201 2445 1277 2468 cum
1313 2434 1424 2476 copiis
1454 2434 1642 2477 profectus,

946 2489 1063 2521 Gallos
1088 2495 1268 2529 aggressus
1286 2484 1481 2527 pendendo·
1495 2493 1580 2517 auro
1591 2483 1642 2516 in-

946 2542 1075 2578 tentos,
1100 2546 1166 2568 nou
1187 2535 1296 2567 solum
1316 2534 1484 2566 moenum·
1498 2533 1643 2575 expulit,

943 2577 1006 2622 sed
1031 2588 1135 2620 etiam
1161 2589 1374 2628 persecutus,
1393 2584 1494 2617 voriis
1515 2585 1644 2625 pmliis

944 2649 1003 2672 eos
1019 2638 1120 2679 fudit,
1143 2646 1183 2670 ac
1209 2636 1344 2668 omnino
1358 2634 1498 2668 delevit.
1539 2634 1642 2668 Unde

943 2690 1106 2723 Romulus
1119 2692 1156 2720 et
1169 2685 1338 2719 secundus
1353 2684 1471 2716 Romae
1487 2684 1645 2717 conditor

943 2739 1069 2773 meruit
1083 2736 1260 2779 appellari.
1299 2733 1392 2767 Vide
1405 2733 1610 2769 Histoi-loos.

987 2791 1029 2821 54
1051 2789 1099 2820 Tu
1116 2788 1198 2819 disce
1218 2783 1356 2828 patrem]
1385 2785 1641 2827 synecdochice
