<?xml version="1.0" encoding="UTF-8"?>
<!DOCTYPE html PUBLIC "-//W3C//DTD XHTML 1.0 Transitional//EN"
    "http://www.w3.org/TR/xhtml1/DTD/xhtml1-transitional.dtd">
<html xmlns="http://www.w3.org/1999/xhtml" xml:lang="en" lang="en">
 <head>
  <title>
</title>
<meta http-equiv="Content-Type" content="text/html;charset=utf-8" />
  <meta name='ocr-system' content='tesseract 3.04.00' />
  <meta name='ocr-capabilities' content='ocr_page ocr_carea ocr_par ocr_line ocrx_word'/>
</head>
<body>
  <div class='ocr_page' id='page_1' title='image "./operaomniaexedit01statuoft_0236.png"; bbox 0 0 1800 3060; ppageno 0'>
   <div class='ocr_carea' id='block_1_1' title="bbox 231 208 1195 252">
    <p class='ocr_par' dir='ltr' id='par_1_1' title="bbox 231 208 1195 252">
     <span class='ocr_line' id='line_1_1' title="bbox 231 208 1195 252; baseline 0.002 -5"><span class='ocrx_word' id='word_1_1' title='bbox 231 208 318 252; x_wconf 76' lang='lat'><strong>226</strong></span> <span class='ocrx_word' id='word_1_2' title='bbox 734 219 774 248; x_wconf 74' lang='lat' dir='ltr'><strong>P.</strong></span> <span class='ocrx_word' id='word_1_3' title='bbox 804 216 997 248; x_wconf 74' lang='grc' dir='ltr'><strong>ΡΑΡιΝιι</strong></span> <span class='ocrx_word' id='word_1_4' title='bbox 1029 216 1195 249; x_wconf 74' lang='lat' dir='ltr'><strong>s&#39;rA&#39;rn</strong></span> 
     </span>
    </p>
   </div>
   <div class='ocr_carea' id='block_1_2' title="bbox 232 310 1630 703">
    <p class='ocr_par' dir='ltr' id='par_1_2' title="bbox 232 310 1630 557">
     <span class='ocr_line' id='line_1_2' title="bbox 232 310 1526 368; baseline 0.001 -12"><span class='ocrx_word' id='word_1_5' title='bbox 232 312 542 368; x_wconf 86' lang='lat' dir='ltr'><strong>Compositus,</strong></span> <span class='ocrx_word' id='word_1_6' title='bbox 561 324 822 367; x_wconf 84' lang='lat' dir='ltr'><strong>semperque</strong></span> <span class='ocrx_word' id='word_1_7' title='bbox 843 315 963 353; x_wconf 85' lang='lat' dir='ltr'><strong>tuus.</strong></span> <span class='ocrx_word' id='word_1_8' title='bbox 1023 310 1147 363; x_wconf 82' lang='lat' dir='ltr'><strong>Quid</strong></span> <span class='ocrx_word' id='word_1_9' title='bbox 1167 313 1285 355; x_wconf 90' lang='lat' dir='ltr'><strong>mille</strong></span> <span class='ocrx_word' id='word_1_10' title='bbox 1300 314 1526 357; x_wconf 80' lang='lat' dir='ltr'><strong>revolvam</strong></span> 
     </span>
     <span class='ocr_line' id='line_1_3' title="bbox 234 380 1457 435; baseline 0 -12"><span class='ocrx_word' id='word_1_11' title='bbox 234 380 455 430; x_wconf 89' lang='lat' dir='ltr'><strong>Culmina,</strong></span> <span class='ocrx_word' id='word_1_12' title='bbox 477 380 738 434; x_wconf 88' lang='lat' dir='ltr'><strong>visendique</strong></span> <span class='ocrx_word' id='word_1_13' title='bbox 760 381 911 422; x_wconf 74' lang='lat' dir='ltr'><strong>vices&#39;i</strong></span> <span class='ocrx_word' id='word_1_14' title='bbox 943 392 1026 421; x_wconf 89' lang='lat' dir='ltr'><strong>sua</strong></span> <span class='ocrx_word' id='word_1_15' title='bbox 1046 380 1208 434; x_wconf 88' lang='lat' dir='ltr'><strong>cuique</strong></span> <span class='ocrx_word' id='word_1_16' title='bbox 1229 381 1457 435; x_wconf 86' lang='lat' dir='ltr'><strong>voluptas,</strong></span> 
     </span>
     <span class='ocr_line' id='line_1_4' title="bbox 235 447 1630 504; baseline 0.001 -14"><span class='ocrx_word' id='word_1_17' title='bbox 235 448 388 502; x_wconf 89' lang='lat' dir='ltr'><strong>Atque</strong></span> <span class='ocrx_word' id='word_1_18' title='bbox 409 448 529 490; x_wconf 91' lang='lat' dir='ltr'><strong>omni</strong></span> <span class='ocrx_word' id='word_1_19' title='bbox 547 448 775 502; x_wconf 87' lang='lat' dir='ltr'><strong>proprium</strong></span> <span class='ocrx_word' id='word_1_20' title='bbox 796 447 994 489; x_wconf 84' lang='lat' dir='ltr'><strong>thalamo</strong></span> <span class='ocrx_word' id='word_1_21' title='bbox 1014 460 1159 489; x_wconf 89' lang='lat' dir='ltr'><strong>mare:</strong></span> <span class='ocrx_word' id='word_1_22' title='bbox 1190 450 1397 503; x_wconf 89' lang='lat' dir='ltr'><strong>transque</strong></span> <span class='ocrx_word' id='word_1_23' title='bbox 1410 449 1630 504; x_wconf 89' lang='lat' dir='ltr'><strong>jacentem</strong></span> 
     </span>
     <span class='ocr_line' id='line_1_5' title="bbox 239 514 1223 557; baseline 0 0"><span class='ocrx_word' id='word_1_24' title='bbox 239 515 389 557; x_wconf 88' lang='lat' dir='ltr'><strong>Nerea</strong></span> <span class='ocrx_word' id='word_1_25' title='bbox 407 516 595 557; x_wconf 90' lang='lat' dir='ltr'><strong>diversis</strong></span> <span class='ocrx_word' id='word_1_26' title='bbox 614 516 750 556; x_wconf 87' lang='lat' dir='ltr'><strong>servit</strong></span> <span class='ocrx_word' id='word_1_27' title='bbox 769 527 852 556; x_wconf 89' lang='lat' dir='ltr'><strong>sua</strong></span> <span class='ocrx_word' id='word_1_28' title='bbox 872 519 986 556; x_wconf 83' lang='lat' dir='ltr'><strong>terra</strong></span> <span class='ocrx_word' id='word_1_29' title='bbox 1005 514 1223 557; x_wconf 83' lang='lat' dir='ltr'><strong>fenestris.</strong></span> 
     </span>
    </p>

    <p class='ocr_par' dir='ltr' id='par_1_3' title="bbox 235 582 1524 703">
     <span class='ocr_line' id='line_1_6' title="bbox 237 582 1431 637; baseline -0.001 -12"><span class='ocrx_word' id='word_1_30' title='bbox 237 583 286 626; x_wconf 90' lang='lat' dir='ltr'>H</span> <span class='ocrx_word' id='word_1_31' title='bbox 290 595 357 624; x_wconf 84' lang='lat' dir='ltr'><strong>aec</strong></span> <span class='ocrx_word' id='word_1_32' title='bbox 374 583 495 624; x_wconf 87' lang='lat' dir='ltr'><strong>videt</strong></span> <span class='ocrx_word' id='word_1_33' title='bbox 515 582 753 633; x_wconf 81' lang='lat' dir='ltr'><strong>Inarimen,</strong></span> <span class='ocrx_word' id='word_1_34' title='bbox 769 583 834 623; x_wconf 90' lang='lat' dir='ltr'><strong>illi</strong></span> <span class='ocrx_word' id='word_1_35' title='bbox 852 582 1082 636; x_wconf 84' lang='lat' dir='ltr'><strong>Prochyta</strong></span> <span class='ocrx_word' id='word_1_36' title='bbox 1103 595 1264 636; x_wconf 85' lang='lat' dir='ltr'><strong>aspera</strong></span> <span class='ocrx_word' id='word_1_37' title='bbox 1282 586 1431 637; x_wconf 89' lang='lat' dir='ltr'><strong>paret:</strong></span> 
     </span>
     <span class='ocr_line' id='line_1_7' title="bbox 235 649 1524 703; baseline 0 -12"><span class='ocrx_word' id='word_1_38' title='bbox 235 650 441 703; x_wconf 86' lang='lat' dir='ltr'><strong>Armiger</strong></span> <span class='ocrx_word' id='word_1_39' title='bbox 459 649 563 690; x_wconf 89' lang='lat' dir='ltr'><strong>hinc</strong></span> <span class='ocrx_word' id='word_1_40' title='bbox 583 650 730 703; x_wconf 87' lang='lat' dir='ltr'><strong>magni</strong></span> <span class='ocrx_word' id='word_1_41' title='bbox 749 653 876 703; x_wconf 84' lang='lat' dir='ltr'><strong>patet</strong></span> <span class='ocrx_word' id='word_1_42' title='bbox 896 649 1134 691; x_wconf 84' lang='lat' dir='ltr'><strong>Hectoris:</strong></span> <span class='ocrx_word' id='word_1_43' title='bbox 1164 649 1264 691; x_wconf 90' lang='lat' dir='ltr'><strong>inde</strong></span> <span class='ocrx_word' id='word_1_44' title='bbox 1285 649 1524 703; x_wconf 84' lang='lat' dir='ltr'><strong>malignum</strong></span> 
     </span>
    </p>
   </div>
   <div class='ocr_carea' id='block_1_3' title="bbox 1631 519 1689 559">
    <p class='ocr_par' dir='ltr' id='par_1_4' title="bbox 1631 519 1689 559">
     <span class='ocr_line' id='line_1_8' title="bbox 1631 519 1689 559; baseline 0 0"><span class='ocrx_word' id='word_1_45' title='bbox 1631 519 1689 559; x_wconf 82' lang='lat'><strong>75</strong></span> 
     </span>
    </p>
   </div>
   <div class='ocr_carea' id='block_1_4' title="bbox 234 769 1691 896">
    <p class='ocr_par' dir='ltr' id='par_1_5' title="bbox 234 769 1691 896">
     <span class='ocr_line' id='line_1_9' title="bbox 234 769 1691 810; baseline 0.001 -9"><span class='ocrx_word' id='word_1_46' title='bbox 234 770 405 810; x_wconf 77' lang='lat' dir='ltr'><strong>tudinibus,</strong></span> <span class='ocrx_word' id='word_1_47' title='bbox 426 773 527 801; x_wconf 80' lang='lat' dir='ltr'><strong>mente</strong></span> <span class='ocrx_word' id='word_1_48' title='bbox 541 769 684 808; x_wconf 80' lang='lat' dir='ltr'><strong>formata</strong></span> <span class='ocrx_word' id='word_1_49' title='bbox 709 770 878 810; x_wconf 79' lang='lat' dir='ltr'><strong>tranquilla</strong></span> <span class='ocrx_word' id='word_1_50' title='bbox 898 769 1028 810; x_wconf 77' lang='lat' dir='ltr'><strong>virtute,</strong></span> <span class='ocrx_word' id='word_1_51' title='bbox 1050 773 1080 802; x_wconf 78' lang='lat' dir='ltr'><strong>et</strong></span> <span class='ocrx_word' id='word_1_52' title='bbox 1094 780 1214 810; x_wconf 74' lang='lat' dir='ltr'><strong>semper</strong></span> <span class='ocrx_word' id='word_1_53' title='bbox 1228 773 1313 802; x_wconf 66' lang='lat' dir='ltr'><strong>tures.</strong></span> <span class='ocrx_word' id='word_1_54' title='bbox 1359 770 1444 806; x_wconf 71' lang='lat' dir='ltr'><strong>Quid</strong></span> <span class='ocrx_word' id='word_1_55' title='bbox 1458 771 1591 810; x_wconf 71' lang='lat' dir='ltr'><strong>reseram</strong></span> <span class='ocrx_word' id='word_1_56' title='bbox 1607 771 1691 803; x_wconf 79' lang='lat' dir='ltr'><strong>mille</strong></span> 
     </span>
     <span class='ocr_line' id='line_1_10' title="bbox 235 810 1691 855; baseline 0 -10"><span class='ocrx_word' id='word_1_57' title='bbox 235 814 394 845; x_wconf 75' lang='lat' dir='ltr'><strong>culmina?</strong></span> <span class='ocrx_word' id='word_1_58' title='bbox 414 815 445 843; x_wconf 86' lang='lat' dir='ltr'><strong>et</strong></span> <span class='ocrx_word' id='word_1_59' title='bbox 469 813 638 844; x_wconf 76' lang='lat' dir='ltr'><strong>varietates</strong></span> <span class='ocrx_word' id='word_1_60' title='bbox 657 810 861 852; x_wconf 76' lang='lat' dir='ltr'><strong>aspectuum?</strong></span> <span class='ocrx_word' id='word_1_61' title='bbox 883 811 956 843; x_wconf 76' lang='lat' dir='ltr'><strong>Suoe</strong></span> <span class='ocrx_word' id='word_1_62' title='bbox 981 813 1089 854; x_wconf 81' lang='lat' dir='ltr'><strong>cuique</strong></span> <span class='ocrx_word' id='word_1_63' title='bbox 1110 814 1173 843; x_wconf 83' lang='lat' dir='ltr'><strong>loco</strong></span> <span class='ocrx_word' id='word_1_64' title='bbox 1197 813 1318 844; x_wconf 83' lang='lat' dir='ltr'><strong>delicioe</strong></span> <span class='ocrx_word' id='word_1_65' title='bbox 1331 816 1418 853; x_wconf 75' lang='lat' dir='ltr'><strong>sunt,</strong></span> <span class='ocrx_word' id='word_1_66' title='bbox 1432 823 1468 844; x_wconf 87' lang='lat' dir='ltr'><strong>ac</strong></span> <span class='ocrx_word' id='word_1_67' title='bbox 1483 824 1588 855; x_wconf 83' lang='lat' dir='ltr'><strong>oequor</strong></span> <span class='ocrx_word' id='word_1_68' title='bbox 1600 824 1691 853; x_wconf 76' lang='lat' dir='ltr'><strong>pecu-</strong></span> 
     </span>
     <span class='ocr_line' id='line_1_11' title="bbox 237 854 1691 896; baseline 0.001 -10"><span class='ocrx_word' id='word_1_69' title='bbox 237 856 315 887; x_wconf 78' lang='lat' dir='ltr'><strong>liare</strong></span> <span class='ocrx_word' id='word_1_70' title='bbox 329 858 376 887; x_wconf 77' lang='lat' dir='ltr'><strong>est</strong></span> <span class='ocrx_word' id='word_1_71' title='bbox 389 854 523 894; x_wconf 77' lang='lat' dir='ltr'><strong>singulis</strong></span> <span class='ocrx_word' id='word_1_72' title='bbox 536 855 695 894; x_wconf 77' lang='lat' dir='ltr'><strong>cubiculis,</strong></span> <span class='ocrx_word' id='word_1_73' title='bbox 709 858 740 886; x_wconf 81' lang='lat' dir='ltr'><strong>et</strong></span> <span class='ocrx_word' id='word_1_74' title='bbox 755 854 1072 895; x_wconf 75' lang='lat' dir='ltr'><strong>unicuiquesenestrae</strong></span> <span class='ocrx_word' id='word_1_75' title='bbox 1093 865 1148 886; x_wconf 78' lang='lat' dir='ltr'><strong>sua</strong></span> <span class='ocrx_word' id='word_1_76' title='bbox 1169 858 1255 887; x_wconf 75' lang='lat' dir='ltr'><strong>terra</strong></span> <span class='ocrx_word' id='word_1_77' title='bbox 1276 859 1364 886; x_wconf 73' lang='lat' dir='ltr'><strong>trans</strong></span> <span class='ocrx_word' id='word_1_78' title='bbox 1386 856 1524 896; x_wconf 75' lang='lat' dir='ltr'><strong>quietam</strong></span> <span class='ocrx_word' id='word_1_79' title='bbox 1546 864 1631 888; x_wconf 82' lang='lat' dir='ltr'><strong>mare</strong></span> <span class='ocrx_word' id='word_1_80' title='bbox 1645 859 1691 887; x_wconf 73' lang='lat' dir='ltr'><strong>ent</strong></span> 
     </span>
    </p>
   </div>
   <div class='ocr_carea' id='block_1_5' title="bbox 235 897 1692 940">
    <p class='ocr_par' dir='ltr' id='par_1_6' title="bbox 235 897 1692 940">
     <span class='ocr_line' id='line_1_12' title="bbox 235 897 1692 940; baseline 0 -10"><span class='ocrx_word' id='word_1_81' title='bbox 235 898 387 940; x_wconf 78' lang='lat' dir='ltr'><strong>exposita.</strong></span> <span class='ocrx_word' id='word_1_82' title='bbox 431 897 512 929; x_wconf 83' lang='lat' dir='ltr'><strong>Haec</strong></span> <span class='ocrx_word' id='word_1_83' title='bbox 531 898 631 930; x_wconf 79' lang='lat' dir='ltr'><strong>cernit</strong></span> <span class='ocrx_word' id='word_1_84' title='bbox 647 898 828 929; x_wconf 83' lang='lat' dir='ltr'><strong>Inarimen:</strong></span> <span class='ocrx_word' id='word_1_85' title='bbox 849 897 980 938; x_wconf 79' lang='lat' dir='ltr'><strong>abrupta</strong></span> <span class='ocrx_word' id='word_1_86' title='bbox 995 898 1155 939; x_wconf 80' lang='lat' dir='ltr'><strong>Prochyta</strong></span> <span class='ocrx_word' id='word_1_87' title='bbox 1174 898 1224 930; x_wconf 80' lang='lat' dir='ltr'><strong>illi</strong></span> <span class='ocrx_word' id='word_1_88' title='bbox 1245 902 1359 939; x_wconf 78' lang='lat' dir='ltr'><strong>paret.-</strong></span> <span class='ocrx_word' id='word_1_89' title='bbox 1380 898 1438 930; x_wconf 80' lang='lat' dir='ltr'><strong>hac</strong></span> <span class='ocrx_word' id='word_1_90' title='bbox 1448 902 1538 939; x_wconf 78' lang='lat' dir='ltr'><strong>patet</strong></span> <span class='ocrx_word' id='word_1_91' title='bbox 1552 899 1692 938; x_wconf 80' lang='lat' dir='ltr'><strong>armiger</strong></span> 
     </span>
    </p>
   </div>
   <div class='ocr_carea' id='block_1_6' title="bbox 849 991 1089 1004">
    <p class='ocr_par' dir='ltr' id='par_1_7' title="bbox 849 991 1089 1004">
     <span class='ocr_line' id='line_1_13' title="bbox 849 991 1089 1004; baseline 0.004 -1"><span class='ocrx_word' id='word_1_92' title='bbox 849 991 1089 1004; x_wconf 63' lang='lat' dir='ltr'><strong>mm</strong></span> 
     </span>
    </p>
   </div>
   <div class='ocr_carea' id='block_1_7' title="bbox 238 1050 1696 1136">
    <p class='ocr_par' dir='ltr' id='par_1_8' title="bbox 238 1050 1696 1136">
     <span class='ocr_line' id='line_1_14' title="bbox 238 1050 1696 1094; baseline 0 -11"><span class='ocrx_word' id='word_1_93' title='bbox 238 1052 359 1083; x_wconf 85' lang='lat' dir='ltr'><strong>eadem</strong></span> <span class='ocrx_word' id='word_1_94' title='bbox 376 1051 558 1091; x_wconf 84' lang='lat' dir='ltr'><strong>sententia,</strong></span> <span class='ocrx_word' id='word_1_95' title='bbox 581 1055 618 1083; x_wconf 90' lang='lat' dir='ltr'><strong>et</strong></span> <span class='ocrx_word' id='word_1_96' title='bbox 634 1051 770 1084; x_wconf 81' lang='lat' dir='ltr'><strong>diversa</strong></span> <span class='ocrx_word' id='word_1_97' title='bbox 793 1050 1054 1091; x_wconf 84' lang='lat' dir='ltr'><strong>significatione.</strong></span> <span class='ocrx_word' id='word_1_98' title='bbox 1099 1052 1239 1094; x_wconf 82' lang='lat' dir='ltr'><strong>Absque</strong></span> <span class='ocrx_word' id='word_1_99' title='bbox 1263 1050 1368 1083; x_wconf 86' lang='lat' dir='ltr'><strong>dubio</strong></span> <span class='ocrx_word' id='word_1_100' title='bbox 1392 1051 1529 1091; x_wconf 84' lang='lat' dir='ltr'><strong>scripsit</strong></span> <span class='ocrx_word' id='word_1_101' title='bbox 1552 1051 1696 1092; x_wconf 82' lang='lat' dir='ltr'><strong>Statius,</strong></span> 
     </span>
     <span class='ocr_line' id='line_1_15' title="bbox 239 1093 1694 1136; baseline 0 -10"><span class='ocrx_word' id='word_1_102' title='bbox 239 1094 366 1136; x_wconf 78' lang='lat' dir='ltr'><strong>Expers</strong></span> <span class='ocrx_word' id='word_1_103' title='bbox 379 1094 564 1128; x_wconf 71' lang='lat' dir='ltr'><strong>turbarum.¹</strong></span> <span class='ocrx_word' id='word_1_104' title='bbox 586 1095 798 1128; x_wconf 76' lang='lat' dir='ltr'><strong>MarkL—&#39;&#39;I‘I</strong></span> <span class='ocrx_word' id='word_1_105' title='bbox 821 1093 973 1135; x_wconf 79' lang='lat' dir='ltr'><strong>Armiger</strong></span> <span class='ocrx_word' id='word_1_106' title='bbox 987 1095 1044 1127; x_wconf 81' lang='lat' dir='ltr'><strong>hac</strong></span> <span class='ocrx_word' id='word_1_107' title='bbox 1070 1095 1149 1127; x_wconf 87' lang='lat' dir='ltr'><strong>edd.</strong></span> <span class='ocrx_word' id='word_1_108' title='bbox 1176 1098 1260 1127; x_wconf 86' lang='lat' dir='ltr'><strong>vett.</strong></span> <span class='ocrx_word' id='word_1_109' title='bbox 1283 1094 1430 1126; x_wconf 84' lang='lat' dir='ltr'><strong>mutavit</strong></span> <span class='ocrx_word' id='word_1_110' title='bbox 1445 1093 1694 1127; x_wconf 80' lang='lat' dir='ltr'><strong>Marklandus:</strong></span> 
     </span>
    </p>
   </div>
   <div class='ocr_carea' id='block_1_8' title="bbox 902 1179 1048 1213">
    <p class='ocr_par' dir='ltr' id='par_1_9' title="bbox 902 1179 1048 1213">
     <span class='ocr_line' id='line_1_16' title="bbox 902 1179 1048 1213; baseline -0.007 0"><span class='ocrx_word' id='word_1_111' title='bbox 902 1179 1048 1213; x_wconf 82' lang='lat' dir='ltr'>NOTAE</span> 
     </span>
    </p>
   </div>
   <div class='ocr_carea' id='block_1_9' title="bbox 239 1243 954 2793">
    <p class='ocr_par' dir='ltr' id='par_1_10' title="bbox 239 1243 953 2392">
     <span class='ocr_line' id='line_1_17' title="bbox 239 1243 945 1286; baseline 0.003 -11"><span class='ocrx_word' id='word_1_112' title='bbox 239 1243 359 1275; x_wconf 78' lang='lat' dir='ltr'><strong>virtute</strong></span> <span class='ocrx_word' id='word_1_113' title='bbox 393 1243 499 1285; x_wconf 77' lang='lat' dir='ltr'><strong>quieta</strong></span> <span class='ocrx_word' id='word_1_114' title='bbox 536 1244 741 1285; x_wconf 74' lang='lat' dir='ltr'><strong>Compositas,</strong></span> <span class='ocrx_word' id='word_1_115' title='bbox 769 1254 945 1286; x_wconf 79' lang='lat' dir='ltr'><strong>semperque</strong></span> 
     </span>
     <span class='ocr_line' id='line_1_18' title="bbox 239 1294 945 1336; baseline 0.003 -11"><span class='ocrx_word' id='word_1_116' title='bbox 239 1294 328 1335; x_wconf 71' lang='lat' dir='ltr'><strong>tuus]</strong></span> <span class='ocrx_word' id='word_1_117' title='bbox 350 1294 481 1326; x_wconf 91' lang='lat' dir='ltr'><strong>Pollius</strong></span> <span class='ocrx_word' id='word_1_118' title='bbox 504 1295 606 1334; x_wconf 86' lang='lat' dir='ltr'><strong>enim,</strong></span> <span class='ocrx_word' id='word_1_119' title='bbox 632 1295 845 1336; x_wconf 85' lang='lat' dir='ltr'><strong>Epicuraeam</strong></span> <span class='ocrx_word' id='word_1_120' title='bbox 870 1305 945 1327; x_wconf 85' lang='lat' dir='ltr'><strong>see·</strong></span> 
     </span>
     <span class='ocr_line' id='line_1_19' title="bbox 245 1344 945 1386; baseline 0.001 -11"><span class='ocrx_word' id='word_1_121' title='bbox 245 1348 315 1375; x_wconf 84' lang='lat' dir='ltr'><strong>tam</strong></span> <span class='ocrx_word' id='word_1_122' title='bbox 330 1344 518 1386; x_wconf 88' lang='lat' dir='ltr'><strong>sequendo,</strong></span> <span class='ocrx_word' id='word_1_123' title='bbox 541 1349 580 1376; x_wconf 93' lang='lat' dir='ltr'><strong>ut</strong></span> <span class='ocrx_word' id='word_1_124' title='bbox 595 1344 755 1376; x_wconf 75' lang='lat' dir='ltr'><strong>discimus</strong></span> <span class='ocrx_word' id='word_1_125' title='bbox 775 1344 867 1377; x_wconf 85' lang='lat' dir='ltr'><strong>infra</strong></span> <span class='ocrx_word' id='word_1_126' title='bbox 881 1345 945 1377; x_wconf 88' lang='lat' dir='ltr'><strong>hoc</strong></span> 
     </span>
     <span class='ocr_line' id='line_1_20' title="bbox 241 1394 946 1436; baseline 0.001 -11"><span class='ocrx_word' id='word_1_127' title='bbox 241 1403 363 1427; x_wconf 86' lang='lat' dir='ltr'><strong>versu:</strong></span> <span class='ocrx_word' id='word_1_128' title='bbox 384 1395 394 1412; x_wconf 91' lang='lat'>‘</span> <span class='ocrx_word' id='word_1_129' title='bbox 406 1395 475 1426; x_wconf 90' lang='lat' dir='ltr'><strong>Seu</strong></span> <span class='ocrx_word' id='word_1_130' title='bbox 490 1394 599 1426; x_wconf 88' lang='lat' dir='ltr'><strong>volvit</strong></span> <span class='ocrx_word' id='word_1_131' title='bbox 614 1395 775 1435; x_wconf 87' lang='lat' dir='ltr'><strong>monitus,</strong></span> <span class='ocrx_word' id='word_1_132' title='bbox 789 1405 872 1436; x_wconf 88' lang='lat' dir='ltr'><strong>quos</strong></span> <span class='ocrx_word' id='word_1_133' title='bbox 886 1395 946 1427; x_wconf 89' lang='lat' dir='ltr'><strong>dat</strong></span> 
     </span>
     <span class='ocr_line' id='line_1_21' title="bbox 242 1444 946 1487; baseline -0.001 -10"><span class='ocrx_word' id='word_1_134' title='bbox 242 1444 446 1486; x_wconf 79' lang='lat' dir='ltr'><strong>Gargettius</strong></span> <span class='ocrx_word' id='word_1_135' title='bbox 460 1445 622 1477; x_wconf 75' lang='lat' dir='ltr'><strong>auctorz&#39;</strong></span> <span class='ocrx_word' id='word_1_136' title='bbox 646 1445 684 1476; x_wconf 79' lang='grc' dir='ltr'><strong>τὸ</strong></span> <span class='ocrx_word' id='word_1_137' title='bbox 707 1444 871 1487; x_wconf 75' lang='grc' dir='ltr'>ἀμέριμνον</span> <span class='ocrx_word' id='word_1_138' title='bbox 894 1445 946 1477; x_wconf 76' lang='grc' dir='ltr'><strong>καὶ</strong></span> 
     </span>
     <span class='ocr_line' id='line_1_22' title="bbox 241 1494 945 1536; baseline 0 -9"><span class='ocrx_word' id='word_1_139' title='bbox 241 1494 371 1534; x_wconf 74' lang='grc' dir='ltr'><strong><em>εὔθυμον</em></strong></span> <span class='ocrx_word' id='word_1_140' title='bbox 416 1495 520 1526; x_wconf 89' lang='lat' dir='ltr'><strong>animi</strong></span> <span class='ocrx_word' id='word_1_141' title='bbox 566 1495 811 1536; x_wconf 84' lang='lat' dir='ltr'><strong>securitatem,</strong></span> <span class='ocrx_word' id='word_1_142' title='bbox 851 1496 945 1527; x_wconf 88' lang='lat' dir='ltr'><strong>blan-</strong></span> 
     </span>
     <span class='ocr_line' id='line_1_23' title="bbox 241 1544 946 1587; baseline 0.001 -11"><span class='ocrx_word' id='word_1_143' title='bbox 241 1544 390 1587; x_wconf 86' lang='lat' dir='ltr'><strong>damque</strong></span> <span class='ocrx_word' id='word_1_144' title='bbox 428 1545 579 1586; x_wconf 85' lang='lat' dir='ltr'><strong>quietem</strong></span> <span class='ocrx_word' id='word_1_145' title='bbox 611 1546 886 1587; x_wconf 83' lang='lat' dir='ltr'><strong>amplexabatur,</strong></span> <span class='ocrx_word' id='word_1_146' title='bbox 906 1550 946 1577; x_wconf 88' lang='lat' dir='ltr'><strong>ut</strong></span> 
     </span>
     <span class='ocr_line' id='line_1_24' title="bbox 242 1595 945 1637; baseline 0 -10"><span class='ocrx_word' id='word_1_147' title='bbox 242 1596 339 1627; x_wconf 85' lang='lat' dir='ltr'><strong>aurei</strong></span> <span class='ocrx_word' id='word_1_148' title='bbox 367 1595 487 1627; x_wconf 85' lang='lat' dir='ltr'><strong>saeculi</strong></span> <span class='ocrx_word' id='word_1_149' title='bbox 522 1595 657 1627; x_wconf 76' lang='lat' dir='ltr'><strong>Heroe‘s</strong></span> <span class='ocrx_word' id='word_1_150' title='bbox 680 1596 771 1637; x_wconf 85' lang='lat' dir='ltr'><strong>apud</strong></span> <span class='ocrx_word' id='word_1_151' title='bbox 798 1595 945 1628; x_wconf 85' lang='lat' dir='ltr'><strong>Hesiod.</strong></span> 
     </span>
     <span class='ocr_line' id='line_1_25' title="bbox 243 1644 946 1687; baseline 0.001 -10"><span class='ocrx_word' id='word_1_152' title='bbox 243 1645 353 1686; x_wconf 86' lang='lat' dir='ltr'><strong>Oper.</strong></span> <span class='ocrx_word' id='word_1_153' title='bbox 379 1646 441 1678; x_wconf 86' lang='lat' dir='ltr'><strong>lib.</strong></span> <span class='ocrx_word' id='word_1_154' title='bbox 468 1655 495 1679; x_wconf 86' lang='lat'><strong>1.</strong></span> <span class='ocrx_word' id='word_1_155' title='bbox 528 1645 662 1684; x_wconf 81' lang='grc' dir='ltr'>Ἀκηδέα</span> <span class='ocrx_word' id='word_1_156' title='bbox 689 1646 780 1685; x_wconf 80' lang='grc' dir='ltr'>θυμὸν</span> <span class='ocrx_word' id='word_1_157' title='bbox 806 1644 946 1687; x_wconf 80' lang='grc' dir='ltr'><strong><em>ἔχοντες,</em></strong></span> 
     </span>
     <span class='ocr_line' id='line_1_26' title="bbox 242 1694 944 1737; baseline -0.001 -9"><span class='ocrx_word' id='word_1_158' title='bbox 242 1694 366 1736; x_wconf 80' lang='grc' dir='ltr'>Νόσφιν</span> <span class='ocrx_word' id='word_1_159' title='bbox 379 1695 453 1737; x_wconf 76' lang='grc' dir='ltr'>ἄτερ</span> <span class='ocrx_word' id='word_1_160' title='bbox 467 1707 504 1727; x_wconf 76' lang='grc' dir='ltr'><strong>τε</strong></span> <span class='ocrx_word' id='word_1_161' title='bbox 525 1695 626 1727; x_wconf 86' lang='grc' dir='ltr'><strong><em>πόνων</em></strong></span> <span class='ocrx_word' id='word_1_162' title='bbox 640 1695 692 1727; x_wconf 78' lang='grc' dir='ltr'><strong>καὶ</strong></span> <span class='ocrx_word' id='word_1_163' title='bbox 706 1694 821 1736; x_wconf 78' lang='grc' dir='ltr'><strong><em>ὀϊζύος.</em></strong></span> <span class='ocrx_word' id='word_1_164' title='bbox 858 1697 944 1727; x_wconf 83' lang='lat' dir='ltr'><strong>Sem-</strong></span> 
     </span>
     <span class='ocr_line' id='line_1_27' title="bbox 239 1745 945 1787; baseline 0 -10"><span class='ocrx_word' id='word_1_165' title='bbox 239 1755 356 1787; x_wconf 78' lang='lat' dir='ltr'><strong>perque</strong></span> <span class='ocrx_word' id='word_1_166' title='bbox 370 1747 456 1787; x_wconf 76' lang='lat' dir='ltr'><strong>tuus]</strong></span> <span class='ocrx_word' id='word_1_167' title='bbox 482 1746 643 1786; x_wconf 85' lang='lat' dir='ltr'><strong>Explicat</strong></span> <span class='ocrx_word' id='word_1_168' title='bbox 663 1745 752 1777; x_wconf 87' lang='lat' dir='ltr'><strong>infra</strong></span> <span class='ocrx_word' id='word_1_169' title='bbox 778 1746 945 1787; x_wconf 86' lang='lat' dir='ltr'><strong>Papinius</strong></span> 
     </span>
     <span class='ocr_line' id='line_1_28' title="bbox 241 1795 946 1838; baseline 0 -11"><span class='ocrx_word' id='word_1_170' title='bbox 241 1795 325 1838; x_wconf 89' lang='lat' dir='ltr'><strong>quid</strong></span> <span class='ocrx_word' id='word_1_171' title='bbox 354 1795 527 1836; x_wconf 86' lang='lat' dir='ltr'><strong>intelligat</strong></span> <span class='ocrx_word' id='word_1_172' title='bbox 565 1805 627 1836; x_wconf 90' lang='lat' dir='ltr'><strong>per</strong></span> <span class='ocrx_word' id='word_1_173' title='bbox 651 1795 691 1826; x_wconf 81' lang='grc' dir='ltr'><strong>τὸ</strong></span> <span class='ocrx_word' id='word_1_174' title='bbox 718 1805 838 1836; x_wconf 74' lang='lat' dir='ltr'><strong>semper</strong></span> <span class='ocrx_word' id='word_1_175' title='bbox 864 1799 946 1827; x_wconf 76' lang='lat' dir='ltr'><strong>tuus.</strong></span> 
     </span>
     <span class='ocr_line' id='line_1_29' title="bbox 242 1844 948 1878; baseline 0 -1"><span class='ocrx_word' id='word_1_176' title='bbox 242 1846 315 1878; x_wconf 74' lang='lat' dir='ltr'><strong>His</strong></span> <span class='ocrx_word' id='word_1_177' title='bbox 325 1845 478 1878; x_wconf 84' lang='lat' dir='ltr'><strong>versibus</strong></span> <span class='ocrx_word' id='word_1_178' title='bbox 493 1844 602 1877; x_wconf 88' lang='lat' dir='ltr'><strong>infra:</strong></span> <span class='ocrx_word' id='word_1_179' title='bbox 627 1845 762 1878; x_wconf 80' lang='lat' dir='ltr'><strong>‘Quem</strong></span> <span class='ocrx_word' id='word_1_180' title='bbox 787 1854 855 1877; x_wconf 91' lang='lat' dir='ltr'><strong>non</strong></span> <span class='ocrx_word' id='word_1_181' title='bbox 877 1855 948 1877; x_wconf 88' lang='lat' dir='ltr'><strong>am·</strong></span> 
     </span>
     <span class='ocr_line' id='line_1_30' title="bbox 243 1896 947 1938; baseline -0.001 -10"><span class='ocrx_word' id='word_1_182' title='bbox 243 1897 340 1938; x_wconf 87' lang='lat' dir='ltr'><strong>bigni</strong></span> <span class='ocrx_word' id='word_1_183' title='bbox 355 1896 480 1938; x_wconf 84' lang='lat' dir='ltr'><strong>fasces,</strong></span> <span class='ocrx_word' id='word_1_184' title='bbox 490 1906 557 1929; x_wconf 92' lang='lat' dir='ltr'><strong>non</strong></span> <span class='ocrx_word' id='word_1_185' title='bbox 574 1897 699 1928; x_wconf 87' lang='lat' dir='ltr'><strong>mobile</strong></span> <span class='ocrx_word' id='word_1_186' title='bbox 717 1897 850 1937; x_wconf 86' lang='lat' dir='ltr'><strong>vulgus,</strong></span> <span class='ocrx_word' id='word_1_187' title='bbox 869 1897 947 1928; x_wconf 91' lang='lat' dir='ltr'><strong>Non</strong></span> 
     </span>
     <span class='ocr_line' id='line_1_31' title="bbox 242 1947 948 1990; baseline -0.003 -10"><span class='ocrx_word' id='word_1_188' title='bbox 242 1949 352 1990; x_wconf 89' lang='lat' dir='ltr'><strong>leges,</strong></span> <span class='ocrx_word' id='word_1_189' title='bbox 367 1958 436 1980; x_wconf 90' lang='lat' dir='ltr'><strong>non</strong></span> <span class='ocrx_word' id='word_1_190' title='bbox 452 1952 565 1980; x_wconf 86' lang='lat' dir='ltr'><strong>castra</strong></span> <span class='ocrx_word' id='word_1_191' title='bbox 579 1951 719 1979; x_wconf 84' lang='lat' dir='ltr'><strong>tenent:</strong></span> <span class='ocrx_word' id='word_1_192' title='bbox 737 1947 793 1989; x_wconf 91' lang='lat' dir='ltr'><strong>qui</strong></span> <span class='ocrx_word' id='word_1_193' title='bbox 807 1951 948 1988; x_wconf 86' lang='lat' dir='ltr'><strong>pectore</strong></span> 
     </span>
     <span class='ocr_line' id='line_1_32' title="bbox 242 1996 951 2038; baseline -0.003 -9"><span class='ocrx_word' id='word_1_194' title='bbox 242 2006 367 2038; x_wconf 85' lang='lat' dir='ltr'><strong>magno</strong></span> <span class='ocrx_word' id='word_1_195' title='bbox 395 1997 567 2038; x_wconf 84' lang='lat' dir='ltr'><strong>Spemque</strong></span> <span class='ocrx_word' id='word_1_196' title='bbox 596 2002 793 2038; x_wconf 90' lang='lat' dir='ltr'><strong>metumque</strong></span> <span class='ocrx_word' id='word_1_197' title='bbox 821 1996 951 2037; x_wconf 85' lang='lat' dir='ltr'><strong>domas,</strong></span> 
     </span>
     <span class='ocr_line' id='line_1_33' title="bbox 242 2045 952 2087; baseline -0.001 -9"><span class='ocrx_word' id='word_1_198' title='bbox 242 2047 329 2080; x_wconf 78' lang='lat' dir='ltr'><strong>vitio</strong></span> <span class='ocrx_word' id='word_1_199' title='bbox 345 2046 522 2078; x_wconf 86' lang='lat' dir='ltr'><strong>sublimior</strong></span> <span class='ocrx_word' id='word_1_200' title='bbox 537 2047 642 2087; x_wconf 88' lang='lat' dir='ltr'><strong>omni,</strong></span> <span class='ocrx_word' id='word_1_201' title='bbox 665 2047 831 2078; x_wconf 89' lang='lat' dir='ltr'><strong>Exemtus</strong></span> <span class='ocrx_word' id='word_1_202' title='bbox 855 2045 952 2087; x_wconf 84' lang='lat' dir='ltr'><strong>fatis,</strong></span> 
     </span>
     <span class='ocr_line' id='line_1_34' title="bbox 247 2095 950 2138; baseline 0 -9"><span class='ocrx_word' id='word_1_203' title='bbox 247 2097 556 2138; x_wconf 86' lang='lat' dir='ltr'><strong>indignantemque</strong></span> <span class='ocrx_word' id='word_1_204' title='bbox 567 2095 730 2128; x_wconf 88' lang='lat' dir='ltr'><strong>refellens</strong></span> <span class='ocrx_word' id='word_1_205' title='bbox 745 2097 950 2129; x_wconf 88' lang='lat' dir='ltr'><strong>Fortunam:</strong></span> 
     </span>
     <span class='ocr_line' id='line_1_35' title="bbox 245 2147 953 2189; baseline -0.001 -9"><span class='ocrx_word' id='word_1_206' title='bbox 245 2149 387 2180; x_wconf 88' lang='lat' dir='ltr'><strong>dubium</strong></span> <span class='ocrx_word' id='word_1_207' title='bbox 403 2157 503 2189; x_wconf 88' lang='lat' dir='ltr'><strong>quem</strong></span> <span class='ocrx_word' id='word_1_208' title='bbox 527 2157 595 2179; x_wconf 89' lang='lat' dir='ltr'><strong>non</strong></span> <span class='ocrx_word' id='word_1_209' title='bbox 619 2148 654 2179; x_wconf 88' lang='lat' dir='ltr'><strong>in</strong></span> <span class='ocrx_word' id='word_1_210' title='bbox 678 2147 815 2179; x_wconf 89' lang='lat' dir='ltr'><strong>turbine</strong></span> <span class='ocrx_word' id='word_1_211' title='bbox 840 2157 953 2180; x_wconf 89' lang='lat' dir='ltr'><strong>rerum</strong></span> 
     </span>
     <span class='ocr_line' id='line_1_36' title="bbox 243 2198 945 2241; baseline -0.003 -10"><span class='ocrx_word' id='word_1_212' title='bbox 243 2199 448 2241; x_wconf 86' lang='lat' dir='ltr'><strong>Deprendet</strong></span> <span class='ocrx_word' id='word_1_213' title='bbox 468 2208 631 2240; x_wconf 89' lang='lat' dir='ltr'><strong>suprema</strong></span> <span class='ocrx_word' id='word_1_214' title='bbox 653 2198 752 2231; x_wconf 87' lang='lat' dir='ltr'><strong>dies:</strong></span> <span class='ocrx_word' id='word_1_215' title='bbox 775 2199 833 2230; x_wconf 85' lang='lat' dir='ltr'><strong>sed</strong></span> <span class='ocrx_word' id='word_1_216' title='bbox 851 2198 945 2230; x_wconf 81' lang='lat' dir='ltr'><strong>abire</strong></span> 
     </span>
     <span class='ocr_line' id='line_1_37' title="bbox 246 2248 948 2293; baseline -0.003 -11"><span class='ocrx_word' id='word_1_217' title='bbox 246 2254 406 2293; x_wconf 80' lang='lat' dir='ltr'><strong>paratum</strong></span> <span class='ocrx_word' id='word_1_218' title='bbox 421 2248 476 2282; x_wconf 89' lang='lat' dir='ltr'><strong>Ac</strong></span> <span class='ocrx_word' id='word_1_219' title='bbox 491 2251 632 2291; x_wconf 90' lang='lat' dir='ltr'><strong>plenum</strong></span> <span class='ocrx_word' id='word_1_220' title='bbox 647 2249 731 2281; x_wconf 85' lang='lat' dir='ltr'><strong>vita.</strong></span> <span class='ocrx_word' id='word_1_221' title='bbox 746 2272 754 2281; x_wconf 92' lang='lat'><strong>.</strong></span> <span class='ocrx_word' id='word_1_222' title='bbox 770 2273 779 2281; x_wconf 85' lang='lat'>.</span> <span class='ocrx_word' id='word_1_223' title='bbox 793 2249 893 2280; x_wconf 83' lang='lat' dir='ltr'><strong>Celsa</strong></span> <span class='ocrx_word' id='word_1_224' title='bbox 909 2254 948 2280; x_wconf 87' lang='lat' dir='ltr'><strong>tu</strong></span> 
     </span>
     <span class='ocr_line' id='line_1_38' title="bbox 245 2299 948 2341; baseline -0.003 -9"><span class='ocrx_word' id='word_1_225' title='bbox 245 2301 374 2332; x_wconf 88' lang='lat' dir='ltr'><strong>mentis</strong></span> <span class='ocrx_word' id='word_1_226' title='bbox 385 2300 427 2332; x_wconf 86' lang='lat' dir='ltr'><strong>ab</strong></span> <span class='ocrx_word' id='word_1_227' title='bbox 442 2309 521 2332; x_wconf 83' lang='lat' dir='ltr'><strong>arce</strong></span> <span class='ocrx_word' id='word_1_228' title='bbox 535 2300 697 2341; x_wconf 85' lang='lat' dir='ltr'><strong>Despicis</strong></span> <span class='ocrx_word' id='word_1_229' title='bbox 713 2302 879 2339; x_wconf 83' lang='lat' dir='ltr'><strong>errantes,</strong></span> <span class='ocrx_word' id='word_1_230' title='bbox 890 2299 948 2330; x_wconf 88' lang='lat' dir='ltr'><strong>bu-</strong></span> 
     </span>
     <span class='ocr_line' id='line_1_39' title="bbox 246 2349 693 2392; baseline -0.004 -9"><span class='ocrx_word' id='word_1_231' title='bbox 246 2360 416 2392; x_wconf 87' lang='lat' dir='ltr'><strong>manaque</strong></span> <span class='ocrx_word' id='word_1_232' title='bbox 432 2351 561 2392; x_wconf 88' lang='lat' dir='ltr'><strong>gaudia</strong></span> <span class='ocrx_word' id='word_1_233' title='bbox 577 2349 693 2382; x_wconf 65' lang='lat' dir='ltr'><strong>rides!</strong></span> 
     </span>
    </p>

    <p class='ocr_par' dir='ltr' id='par_1_11' title="bbox 242 2398 954 2793">
     <span class='ocr_line' id='line_1_40' title="bbox 289 2398 949 2442; baseline -0.006 -8"><span class='ocrx_word' id='word_1_234' title='bbox 289 2404 333 2434; x_wconf 75' lang='lat'><strong>74</strong></span> <span class='ocrx_word' id='word_1_235' title='bbox 355 2401 460 2442; x_wconf 75' lang='lat' dir='ltr'><strong>Atque</strong></span> <span class='ocrx_word' id='word_1_236' title='bbox 496 2400 581 2431; x_wconf 82' lang='lat' dir='ltr'><strong>omni</strong></span> <span class='ocrx_word' id='word_1_237' title='bbox 614 2399 776 2440; x_wconf 84' lang='lat' dir='ltr'><strong>proprium</strong></span> <span class='ocrx_word' id='word_1_238' title='bbox 815 2398 949 2431; x_wconf 77' lang='lat' dir='ltr'><strong>thalamo</strong></span> 
     </span>
     <span class='ocr_line' id='line_1_41' title="bbox 246 2450 949 2491; baseline -0.006 -7"><span class='ocrx_word' id='word_1_239' title='bbox 246 2450 349 2491; x_wconf 83' lang='lat' dir='ltr'><strong>mare]</strong></span> <span class='ocrx_word' id='word_1_240' title='bbox 372 2452 504 2483; x_wconf 82' lang='lat' dir='ltr'><strong>Luxum</strong></span> <span class='ocrx_word' id='word_1_241' title='bbox 517 2461 557 2482; x_wconf 86' lang='lat' dir='ltr'><strong>ac</strong></span> <span class='ocrx_word' id='word_1_242' title='bbox 568 2450 710 2482; x_wconf 71' lang='lat' dir='ltr'><strong>delicias</strong></span> <span class='ocrx_word' id='word_1_243' title='bbox 720 2450 949 2482; x_wconf 89' lang='lat' dir='ltr'><strong>Romanorum</strong></span> 
     </span>
     <span class='ocr_line' id='line_1_42' title="bbox 247 2500 951 2542; baseline -0.004 -8"><span class='ocrx_word' id='word_1_244' title='bbox 247 2506 344 2541; x_wconf 88' lang='lat' dir='ltr'><strong>nota,</strong></span> <span class='ocrx_word' id='word_1_245' title='bbox 368 2502 427 2542; x_wconf 88' lang='lat' dir='ltr'><strong>qui</strong></span> <span class='ocrx_word' id='word_1_246' title='bbox 451 2500 609 2533; x_wconf 89' lang='lat' dir='ltr'><strong>cubicula</strong></span> <span class='ocrx_word' id='word_1_247' title='bbox 623 2500 778 2532; x_wconf 85' lang='lat' dir='ltr'><strong>villarum</strong></span> <span class='ocrx_word' id='word_1_248' title='bbox 801 2509 951 2538; x_wconf 84' lang='lat' dir='ltr'><strong>suarum,</strong></span> 
     </span>
     <span class='ocr_line' id='line_1_43' title="bbox 242 2550 950 2594; baseline -0.003 -11"><span class='ocrx_word' id='word_1_249' title='bbox 242 2553 349 2594; x_wconf 77' lang='lat' dir='ltr'><strong>juxta</strong></span> <span class='ocrx_word' id='word_1_250' title='bbox 363 2551 483 2590; x_wconf 86' lang='lat' dir='ltr'><strong>maria,</strong></span> <span class='ocrx_word' id='word_1_251' title='bbox 504 2555 540 2582; x_wconf 87' lang='lat' dir='ltr'><strong>et</strong></span> <span class='ocrx_word' id='word_1_252' title='bbox 557 2561 663 2592; x_wconf 85' lang='lat' dir='ltr'><strong>aquas</strong></span> <span class='ocrx_word' id='word_1_253' title='bbox 692 2550 880 2592; x_wconf 87' lang='lat' dir='ltr'><strong>ponebant,</strong></span> <span class='ocrx_word' id='word_1_254' title='bbox 900 2550 950 2581; x_wconf 91' lang='lat' dir='ltr'><strong>ita</strong></span> 
     </span>
     <span class='ocr_line' id='line_1_44' title="bbox 250 2600 950 2642; baseline -0.004 -8"><span class='ocrx_word' id='word_1_255' title='bbox 250 2607 289 2634; x_wconf 85' lang='lat' dir='ltr'><strong>ut</strong></span> <span class='ocrx_word' id='word_1_256' title='bbox 303 2611 323 2634; x_wconf 86' lang='lat' dir='ltr'><strong>e</strong></span> <span class='ocrx_word' id='word_1_257' title='bbox 336 2600 439 2634; x_wconf 84' lang='lat' dir='ltr'><strong>lectis</strong></span> <span class='ocrx_word' id='word_1_258' title='bbox 455 2601 560 2632; x_wconf 84' lang='lat' dir='ltr'><strong>maria</strong></span> <span class='ocrx_word' id='word_1_259' title='bbox 576 2606 717 2641; x_wconf 85' lang='lat' dir='ltr'><strong>possent</strong></span> <span class='ocrx_word' id='word_1_260' title='bbox 739 2601 950 2642; x_wconf 84' lang='lat' dir='ltr'><strong>contempla-</strong></span> 
     </span>
     <span class='ocr_line' id='line_1_45' title="bbox 248 2649 952 2685; baseline -0.004 -1"><span class='ocrx_word' id='word_1_261' title='bbox 248 2652 290 2685; x_wconf 83' lang='lat' dir='ltr'><strong>ri.</strong></span> <span class='ocrx_word' id='word_1_262' title='bbox 349 2650 519 2682; x_wconf 87' lang='lat' dir='ltr'><strong>Martialis</strong></span> <span class='ocrx_word' id='word_1_263' title='bbox 550 2649 593 2680; x_wconf 90' lang='lat' dir='ltr'><strong>ad</strong></span> <span class='ocrx_word' id='word_1_264' title='bbox 623 2651 843 2683; x_wconf 84' lang='lat' dir='ltr'><strong>Faustinum:</strong></span> <span class='ocrx_word' id='word_1_265' title='bbox 882 2650 952 2681; x_wconf 88' lang='lat' dir='ltr'><strong>‘Et</strong></span> 
     </span>
     <span class='ocr_line' id='line_1_46' title="bbox 249 2700 954 2742; baseline -0.006 -6"><span class='ocrx_word' id='word_1_266' title='bbox 249 2713 317 2736; x_wconf 87' lang='lat' dir='ltr'><strong>non</strong></span> <span class='ocrx_word' id='word_1_267' title='bbox 343 2701 441 2734; x_wconf 88' lang='lat' dir='ltr'><strong>unius</strong></span> <span class='ocrx_word' id='word_1_268' title='bbox 470 2705 649 2742; x_wconf 80' lang='lat' dir='ltr'><strong>spectator</strong></span> <span class='ocrx_word' id='word_1_269' title='bbox 673 2701 818 2733; x_wconf 88' lang='lat' dir='ltr'><strong>lectulus</strong></span> <span class='ocrx_word' id='word_1_270' title='bbox 842 2700 954 2740; x_wconf 64' lang='lat' dir='ltr'><strong>undae,</strong></span> 
     </span>
     <span class='ocr_line' id='line_1_47' title="bbox 250 2749 954 2793; baseline -0.01 -4"><span class='ocrx_word' id='word_1_271' title='bbox 250 2755 318 2789; x_wconf 81' lang='lat' dir='ltr'><strong>Qui</strong></span> <span class='ocrx_word' id='word_1_272' title='bbox 334 2753 431 2787; x_wconf 89' lang='lat' dir='ltr'><strong>videt</strong></span> <span class='ocrx_word' id='word_1_273' title='bbox 445 2752 523 2784; x_wconf 84' lang='lat' dir='ltr'><strong>hinc</strong></span> <span class='ocrx_word' id='word_1_274' title='bbox 547 2760 678 2793; x_wconf 82' lang='lat' dir='ltr'><strong>puppes</strong></span> <span class='ocrx_word' id='word_1_275' title='bbox 701 2749 862 2792; x_wconf 81' lang='lat' dir='ltr'><strong>fluminis,</strong></span> <span class='ocrx_word' id='word_1_276' title='bbox 876 2751 954 2783; x_wconf 87' lang='lat' dir='ltr'><strong>inde</strong></span> 
     </span>
    </p>
   </div>
   <div class='ocr_carea' id='block_1_10' title="bbox 998 1242 1706 2792">
    <p class='ocr_par' dir='ltr' id='par_1_12' title="bbox 998 1242 1703 1787">
     <span class='ocr_line' id='line_1_48' title="bbox 998 1242 1694 1286; baseline -0.001 -11"><span class='ocrx_word' id='word_1_277' title='bbox 998 1244 1128 1277; x_wconf 89' lang='lat' dir='ltr'><strong>maris.’</strong></span> <span class='ocrx_word' id='word_1_278' title='bbox 1172 1245 1331 1286; x_wconf 75' lang='lat' dir='ltr'><strong>Transque</strong></span> <span class='ocrx_word' id='word_1_279' title='bbox 1343 1245 1504 1284; x_wconf 72' lang='lat' dir='ltr'><strong>jacentem</strong></span> <span class='ocrx_word' id='word_1_280' title='bbox 1529 1245 1635 1276; x_wconf 85' lang='lat' dir='ltr'><strong>Nerea</strong></span> <span class='ocrx_word' id='word_1_281' title='bbox 1647 1242 1694 1274; x_wconf 81' lang='lat' dir='ltr'><strong>di-</strong></span> 
     </span>
     <span class='ocr_line' id='line_1_49' title="bbox 998 1294 1696 1336; baseline 0.001 -12"><span class='ocrx_word' id='word_1_282' title='bbox 998 1294 1096 1326; x_wconf 75' lang='lat' dir='ltr'><strong>versis</strong></span> <span class='ocrx_word' id='word_1_283' title='bbox 1125 1295 1220 1327; x_wconf 77' lang='lat' dir='ltr'><strong>servit</strong></span> <span class='ocrx_word' id='word_1_284' title='bbox 1243 1306 1301 1327; x_wconf 83' lang='lat' dir='ltr'><strong>sua</strong></span> <span class='ocrx_word' id='word_1_285' title='bbox 1322 1299 1407 1328; x_wconf 79' lang='lat' dir='ltr'><strong>terra</strong></span> <span class='ocrx_word' id='word_1_286' title='bbox 1424 1295 1592 1336; x_wconf 74' lang='lat' dir='ltr'><strong>fenestris]</strong></span> <span class='ocrx_word' id='word_1_287' title='bbox 1613 1296 1696 1327; x_wconf 84' lang='lat' dir='ltr'><strong>Ter-</strong></span> 
     </span>
     <span class='ocr_line' id='line_1_50' title="bbox 999 1344 1697 1388; baseline 0.001 -13"><span class='ocrx_word' id='word_1_288' title='bbox 999 1354 1070 1376; x_wconf 88' lang='lat' dir='ltr'><strong>ram</strong></span> <span class='ocrx_word' id='word_1_289' title='bbox 1085 1344 1247 1377; x_wconf 85' lang='lat' dir='ltr'><strong>fenestris</strong></span> <span class='ocrx_word' id='word_1_290' title='bbox 1263 1347 1391 1378; x_wconf 80' lang='lat' dir='ltr'><strong>servire</strong></span> <span class='ocrx_word' id='word_1_291' title='bbox 1406 1346 1507 1384; x_wconf 85' lang='lat' dir='ltr'><strong>dixit,</strong></span> <span class='ocrx_word' id='word_1_292' title='bbox 1531 1356 1606 1388; x_wconf 84' lang='lat' dir='ltr'><strong>quae</strong></span> <span class='ocrx_word' id='word_1_293' title='bbox 1618 1345 1697 1377; x_wconf 88' lang='lat' dir='ltr'><strong>inde</strong></span> 
     </span>
     <span class='ocr_line' id='line_1_51' title="bbox 999 1395 1699 1437; baseline 0 -11"><span class='ocrx_word' id='word_1_294' title='bbox 999 1396 1230 1434; x_wconf 80' lang='lat' dir='ltr'><strong>spectantium</strong></span> <span class='ocrx_word' id='word_1_295' title='bbox 1246 1397 1354 1428; x_wconf 85' lang='lat' dir='ltr'><strong>oculis</strong></span> <span class='ocrx_word' id='word_1_296' title='bbox 1368 1396 1527 1437; x_wconf 82' lang='lat' dir='ltr'><strong>exposita</strong></span> <span class='ocrx_word' id='word_1_297' title='bbox 1541 1401 1605 1428; x_wconf 88' lang='lat' dir='ltr'><strong>est.</strong></span> <span class='ocrx_word' id='word_1_298' title='bbox 1640 1395 1699 1427; x_wconf 87' lang='lat' dir='ltr'><strong>Ita</strong></span> 
     </span>
     <span class='ocr_line' id='line_1_52' title="bbox 999 1443 1698 1487; baseline 0 -12"><span class='ocrx_word' id='word_1_299' title='bbox 999 1443 1133 1476; x_wconf 88' lang='lat' dir='ltr'><strong>Plinius</strong></span> <span class='ocrx_word' id='word_1_300' title='bbox 1162 1445 1222 1477; x_wconf 90' lang='lat' dir='ltr'><strong>lib.</strong></span> <span class='ocrx_word' id='word_1_301' title='bbox 1250 1454 1285 1477; x_wconf 86' lang='lat' dir='ltr'><strong>v.</strong></span> <span class='ocrx_word' id='word_1_302' title='bbox 1309 1446 1375 1487; x_wconf 90' lang='lat' dir='ltr'><strong>Ep.</strong></span> <span class='ocrx_word' id='word_1_303' title='bbox 1405 1449 1437 1478; x_wconf 88' lang='grc'><strong>6.</strong></span> <span class='ocrx_word' id='word_1_304' title='bbox 1470 1444 1698 1478; x_wconf 78' lang='lat' dir='ltr'><strong>‘Cubiculum</strong></span> 
     </span>
     <span class='ocr_line' id='line_1_53' title="bbox 1001 1495 1700 1538; baseline 0 -12"><span class='ocrx_word' id='word_1_305' title='bbox 1001 1495 1075 1527; x_wconf 88' lang='lat' dir='ltr'><strong>aliis</strong></span> <span class='ocrx_word' id='word_1_306' title='bbox 1092 1495 1269 1536; x_wconf 85' lang='lat' dir='ltr'><strong>fenestris,</strong></span> <span class='ocrx_word' id='word_1_307' title='bbox 1289 1496 1439 1538; x_wconf 83' lang='lat' dir='ltr'><strong>Xystum</strong></span> <span class='ocrx_word' id='word_1_308' title='bbox 1459 1496 1534 1528; x_wconf 85' lang='lat' dir='ltr'><strong>aliis</strong></span> <span class='ocrx_word' id='word_1_309' title='bbox 1550 1495 1700 1536; x_wconf 85' lang='lat' dir='ltr'><strong>despicit</strong></span> 
     </span>
     <span class='ocr_line' id='line_1_54' title="bbox 1000 1545 1703 1586; baseline -0.003 -9"><span class='ocrx_word' id='word_1_310' title='bbox 1000 1549 1156 1586; x_wconf 85' lang='lat' dir='ltr'><strong>pratum;</strong></span> <span class='ocrx_word' id='word_1_311' title='bbox 1193 1546 1254 1577; x_wconf 87' lang='lat' dir='ltr'><strong>sed</strong></span> <span class='ocrx_word' id='word_1_312' title='bbox 1285 1550 1364 1578; x_wconf 86' lang='lat' dir='ltr'><strong>ante</strong></span> <span class='ocrx_word' id='word_1_313' title='bbox 1397 1546 1523 1584; x_wconf 88' lang='lat' dir='ltr'><strong>omnia,</strong></span> <span class='ocrx_word' id='word_1_314' title='bbox 1558 1545 1703 1586; x_wconf 83' lang='lat' dir='ltr'><strong>piscina,</strong></span> 
     </span>
     <span class='ocr_line' id='line_1_55' title="bbox 998 1594 1701 1636; baseline -0.003 -10"><span class='ocrx_word' id='word_1_315' title='bbox 998 1605 1074 1636; x_wconf 81' lang='lat' dir='ltr'><strong>quae</strong></span> <span class='ocrx_word' id='word_1_316' title='bbox 1091 1594 1253 1627; x_wconf 86' lang='lat' dir='ltr'><strong>fenestris</strong></span> <span class='ocrx_word' id='word_1_317' title='bbox 1263 1595 1371 1627; x_wconf 86' lang='lat' dir='ltr'><strong>servit</strong></span> <span class='ocrx_word' id='word_1_318' title='bbox 1382 1604 1423 1627; x_wconf 86' lang='lat' dir='ltr'><strong>ac</strong></span> <span class='ocrx_word' id='word_1_319' title='bbox 1433 1594 1602 1636; x_wconf 84' lang='lat' dir='ltr'><strong>subjacet,</strong></span> <span class='ocrx_word' id='word_1_320' title='bbox 1613 1597 1701 1625; x_wconf 83' lang='lat' dir='ltr'><strong>stre-</strong></span> 
     </span>
     <span class='ocr_line' id='line_1_56' title="bbox 998 1644 1700 1687; baseline -0.001 -11"><span class='ocrx_word' id='word_1_321' title='bbox 998 1645 1074 1686; x_wconf 89' lang='lat' dir='ltr'><strong>pitu</strong></span> <span class='ocrx_word' id='word_1_322' title='bbox 1101 1645 1241 1687; x_wconf 87' lang='lat' dir='ltr'><strong>visuque</strong></span> <span class='ocrx_word' id='word_1_323' title='bbox 1266 1644 1445 1686; x_wconf 66' lang='lat' dir='ltr'><strong>jucunda!</strong></span> <span class='ocrx_word' id='word_1_324' title='bbox 1498 1644 1621 1685; x_wconf 87' lang='lat' dir='ltr'><strong>Nerea]</strong></span> <span class='ocrx_word' id='word_1_325' title='bbox 1658 1644 1700 1675; x_wconf 88' lang='lat' dir='ltr'><strong>Id</strong></span> 
     </span>
     <span class='ocr_line' id='line_1_57' title="bbox 999 1695 1701 1736; baseline -0.001 -10"><span class='ocrx_word' id='word_1_326' title='bbox 999 1699 1064 1736; x_wconf 87' lang='lat' dir='ltr'><strong>est,</strong></span> <span class='ocrx_word' id='word_1_327' title='bbox 1074 1699 1227 1736; x_wconf 87' lang='lat' dir='ltr'><strong>pontum.</strong></span> <span class='ocrx_word' id='word_1_328' title='bbox 1255 1695 1390 1727; x_wconf 85' lang='lat' dir='ltr'><strong>Nereus</strong></span> <span class='ocrx_word' id='word_1_329' title='bbox 1404 1695 1506 1735; x_wconf 89' lang='lat' dir='ltr'><strong>enim,</strong></span> <span class='ocrx_word' id='word_1_330' title='bbox 1517 1696 1617 1727; x_wconf 87' lang='lat' dir='ltr'><strong>Deus</strong></span> <span class='ocrx_word' id='word_1_331' title='bbox 1630 1704 1701 1725; x_wconf 87' lang='lat' dir='ltr'><strong>ma·</strong></span> 
     </span>
     <span class='ocr_line' id='line_1_58' title="bbox 999 1745 1550 1787; baseline 0 -11"><span class='ocrx_word' id='word_1_332' title='bbox 999 1746 1106 1785; x_wconf 88' lang='lat' dir='ltr'><strong>rinus,</strong></span> <span class='ocrx_word' id='word_1_333' title='bbox 1121 1746 1266 1778; x_wconf 89' lang='lat' dir='ltr'><strong>sumitur</strong></span> <span class='ocrx_word' id='word_1_334' title='bbox 1281 1755 1344 1787; x_wconf 90' lang='lat' dir='ltr'><strong>pro</strong></span> <span class='ocrx_word' id='word_1_335' title='bbox 1360 1746 1437 1787; x_wconf 85' lang='lat' dir='ltr'><strong>ipso</strong></span> <span class='ocrx_word' id='word_1_336' title='bbox 1452 1745 1550 1777; x_wconf 83' lang='lat' dir='ltr'><strong>mari.</strong></span> 
     </span>
    </p>

    <p class='ocr_par' dir='ltr' id='par_1_13' title="bbox 999 1795 1706 2532">
     <span class='ocr_line' id='line_1_59' title="bbox 1043 1795 1702 1837; baseline 0 -9"><span class='ocrx_word' id='word_1_337' title='bbox 1043 1799 1087 1828; x_wconf 85' lang='grc'><strong>76</strong></span> <span class='ocrx_word' id='word_1_338' title='bbox 1108 1796 1286 1837; x_wconf 63' lang='lat' dir='ltr'><strong>Inarimen]</strong></span> <span class='ocrx_word' id='word_1_339' title='bbox 1319 1796 1480 1836; x_wconf 84' lang='lat' dir='ltr'><strong>Inarime,</strong></span> <span class='ocrx_word' id='word_1_340' title='bbox 1517 1795 1630 1828; x_wconf 84' lang='lat' dir='ltr'><strong>insula</strong></span> <span class='ocrx_word' id='word_1_341' title='bbox 1666 1796 1702 1828; x_wconf 88' lang='lat' dir='ltr'><strong>in</strong></span> 
     </span>
     <span class='ocr_line' id='line_1_60' title="bbox 1001 1845 1702 1887; baseline 0 -10"><span class='ocrx_word' id='word_1_342' title='bbox 1001 1845 1076 1877; x_wconf 91' lang='lat' dir='ltr'><strong>sinu</strong></span> <span class='ocrx_word' id='word_1_343' title='bbox 1092 1846 1296 1886; x_wconf 88' lang='lat' dir='ltr'><strong>Puteolano,</strong></span> <span class='ocrx_word' id='word_1_344' title='bbox 1316 1856 1385 1878; x_wconf 90' lang='lat' dir='ltr'><strong>non</strong></span> <span class='ocrx_word' id='word_1_345' title='bbox 1400 1846 1520 1887; x_wconf 85' lang='lat' dir='ltr'><strong>procul</strong></span> <span class='ocrx_word' id='word_1_346' title='bbox 1533 1855 1553 1877; x_wconf 89' lang='lat' dir='ltr'><strong>a</strong></span> <span class='ocrx_word' id='word_1_347' title='bbox 1565 1846 1702 1887; x_wconf 81' lang='lat' dir='ltr'><strong>Neapo-</strong></span> 
     </span>
     <span class='ocr_line' id='line_1_61' title="bbox 1001 1895 1703 1934; baseline 0 -7"><span class='ocrx_word' id='word_1_348' title='bbox 1001 1896 1038 1934; x_wconf 89' lang='lat' dir='ltr'><strong>li,</strong></span> <span class='ocrx_word' id='word_1_349' title='bbox 1061 1898 1071 1914; x_wconf 90' lang='lat'>‘</span> <span class='ocrx_word' id='word_1_350' title='bbox 1084 1896 1222 1927; x_wconf 82' lang='lat' dir='ltr'><strong>AEnaria</strong></span> <span class='ocrx_word' id='word_1_351' title='bbox 1233 1895 1243 1910; x_wconf 84' lang='lat'><em>&#39;</em></span> <span class='ocrx_word' id='word_1_352' title='bbox 1265 1896 1360 1928; x_wconf 84' lang='lat' dir='ltr'><strong>dicta</strong></span> <span class='ocrx_word' id='word_1_353' title='bbox 1371 1905 1391 1927; x_wconf 88' lang='lat' dir='ltr'><strong>a</strong></span> <span class='ocrx_word' id='word_1_354' title='bbox 1406 1896 1553 1927; x_wconf 84' lang='lat' dir='ltr'><strong>statione</strong></span> <span class='ocrx_word' id='word_1_355' title='bbox 1567 1896 1703 1927; x_wconf 82' lang='lat' dir='ltr'><strong>navium</strong></span> 
     </span>
     <span class='ocr_line' id='line_1_62' title="bbox 1001 1945 1703 1986; baseline 0 -9"><span class='ocrx_word' id='word_1_356' title='bbox 1001 1945 1133 1978; x_wconf 83' lang='lat' dir='ltr'><strong>AEneae.</strong></span> <span class='ocrx_word' id='word_1_357' title='bbox 1177 1946 1308 1978; x_wconf 80' lang='lat' dir='ltr'><strong>Graecis</strong></span> <span class='ocrx_word' id='word_1_358' title='bbox 1331 1945 1558 1986; x_wconf 84' lang='lat' dir='ltr'><strong>‘Pithecusa,&#39;</strong></span> <span class='ocrx_word' id='word_1_359' title='bbox 1583 1954 1652 1978; x_wconf 87' lang='lat' dir='ltr'><strong>non</strong></span> <span class='ocrx_word' id='word_1_360' title='bbox 1683 1955 1703 1977; x_wconf 84' lang='lat' dir='ltr'><strong>a</strong></span> 
     </span>
     <span class='ocr_line' id='line_1_63' title="bbox 1003 1995 1703 2037; baseline -0.003 -9"><span class='ocrx_word' id='word_1_361' title='bbox 1003 1997 1175 2028; x_wconf 83' lang='lat' dir='ltr'><strong>simiarum</strong></span> <span class='ocrx_word' id='word_1_362' title='bbox 1202 1995 1436 2036; x_wconf 88' lang='lat' dir='ltr'><strong>multitudine,</strong></span> <span class='ocrx_word' id='word_1_363' title='bbox 1462 2000 1502 2027; x_wconf 88' lang='lat' dir='ltr'><strong>ut</strong></span> <span class='ocrx_word' id='word_1_364' title='bbox 1523 1995 1629 2037; x_wconf 79' lang='lat' dir='ltr'><strong>aliqui</strong></span> <span class='ocrx_word' id='word_1_365' title='bbox 1643 2004 1703 2026; x_wconf 88' lang='lat' dir='ltr'><strong>ex-</strong></span> 
     </span>
     <span class='ocr_line' id='line_1_64' title="bbox 1006 2045 1701 2088; baseline -0.001 -9"><span class='ocrx_word' id='word_1_366' title='bbox 1006 2048 1216 2088; x_wconf 85' lang='lat' dir='ltr'><strong>istimavere,</strong></span> <span class='ocrx_word' id='word_1_367' title='bbox 1226 2046 1284 2078; x_wconf 89' lang='lat' dir='ltr'><strong>sed</strong></span> <span class='ocrx_word' id='word_1_368' title='bbox 1301 2057 1321 2078; x_wconf 88' lang='lat' dir='ltr'><strong>a</strong></span> <span class='ocrx_word' id='word_1_369' title='bbox 1331 2046 1456 2087; x_wconf 87' lang='lat' dir='ltr'><strong>figlinis</strong></span> <span class='ocrx_word' id='word_1_370' title='bbox 1466 2045 1701 2078; x_wconf 69' lang='lat' dir='ltr'><strong>donariorum:</strong></span> 
     </span>
     <span class='ocr_line' id='line_1_65' title="bbox 1006 2095 1703 2128; baseline -0.001 0"><span class='ocrx_word' id='word_1_371' title='bbox 1006 2097 1111 2128; x_wconf 81' lang='lat' dir='ltr'><strong>etiam</strong></span> <span class='ocrx_word' id='word_1_372' title='bbox 1142 2095 1305 2128; x_wconf 85' lang='lat' dir='ltr'><strong>‘Ischia&#39;</strong></span> <span class='ocrx_word' id='word_1_373' title='bbox 1334 2096 1430 2128; x_wconf 88' lang='lat' dir='ltr'><strong>dicta</strong></span> <span class='ocrx_word' id='word_1_374' title='bbox 1455 2105 1477 2127; x_wconf 86' lang='lat' dir='ltr'><strong>a</strong></span> <span class='ocrx_word' id='word_1_375' title='bbox 1504 2096 1703 2128; x_wconf 85' lang='lat' dir='ltr'><strong>coxendicis</strong></span> 
     </span>
     <span class='ocr_line' id='line_1_66' title="bbox 1007 2146 1704 2188; baseline -0.003 -9"><span class='ocrx_word' id='word_1_376' title='bbox 1007 2146 1131 2188; x_wconf 85' lang='lat' dir='ltr'><strong>forma,</strong></span> <span class='ocrx_word' id='word_1_377' title='bbox 1156 2147 1246 2188; x_wconf 87' lang='lat' dir='ltr'><strong>quod</strong></span> <span class='ocrx_word' id='word_1_378' title='bbox 1262 2156 1386 2179; x_wconf 88' lang='lat' dir='ltr'><strong>nomen</strong></span> <span class='ocrx_word' id='word_1_379' title='bbox 1402 2146 1512 2178; x_wconf 86' lang='lat' dir='ltr'><strong>adhuc</strong></span> <span class='ocrx_word' id='word_1_380' title='bbox 1525 2146 1625 2178; x_wconf 87' lang='lat' dir='ltr'><strong>hodie</strong></span> <span class='ocrx_word' id='word_1_381' title='bbox 1649 2155 1704 2178; x_wconf 83' lang='lat' dir='ltr'><strong>re-</strong></span> 
     </span>
     <span class='ocr_line' id='line_1_67' title="bbox 1001 2195 1706 2237; baseline -0.003 -8"><span class='ocrx_word' id='word_1_382' title='bbox 1001 2198 1102 2230; x_wconf 87' lang='lat' dir='ltr'><strong>tinet.</strong></span> <span class='ocrx_word' id='word_1_383' title='bbox 1147 2197 1236 2228; x_wconf 81' lang='lat' dir='ltr'><strong>Haec</strong></span> <span class='ocrx_word' id='word_1_384' title='bbox 1254 2197 1368 2228; x_wconf 85' lang='lat' dir='ltr'><strong>insula</strong></span> <span class='ocrx_word' id='word_1_385' title='bbox 1392 2195 1520 2228; x_wconf 85' lang='lat' dir='ltr'><strong>dicitur</strong></span> <span class='ocrx_word' id='word_1_386' title='bbox 1541 2196 1706 2237; x_wconf 81' lang='lat' dir='ltr'><strong>imposita</strong></span> 
     </span>
     <span class='ocr_line' id='line_1_68' title="bbox 999 2245 1703 2291; baseline -0.004 -11"><span class='ocrx_word' id='word_1_387' title='bbox 999 2249 1151 2291; x_wconf 82' lang='lat' dir='ltr'><strong>Typhoeo</strong></span> <span class='ocrx_word' id='word_1_388' title='bbox 1167 2247 1311 2289; x_wconf 88' lang='lat' dir='ltr'><strong>giganti.</strong></span> <span class='ocrx_word' id='word_1_389' title='bbox 1323 2247 1447 2279; x_wconf 88' lang='lat' dir='ltr'><strong>Silius:</strong></span> <span class='ocrx_word' id='word_1_390' title='bbox 1463 2250 1474 2265; x_wconf 81' lang='lat'>⁴</span> <span class='ocrx_word' id='word_1_391' title='bbox 1489 2246 1567 2278; x_wconf 88' lang='lat' dir='ltr'><strong>Non</strong></span> <span class='ocrx_word' id='word_1_392' title='bbox 1581 2245 1703 2278; x_wconf 82' lang='lat' dir='ltr'><strong>arden·</strong></span> 
     </span>
     <span class='ocr_line' id='line_1_69' title="bbox 1003 2294 1701 2339; baseline -0.006 -9"><span class='ocrx_word' id='word_1_393' title='bbox 1003 2303 1073 2331; x_wconf 86' lang='lat' dir='ltr'><strong>tem</strong></span> <span class='ocrx_word' id='word_1_394' title='bbox 1090 2298 1212 2330; x_wconf 80' lang='lat' dir='ltr'><strong>sortita</strong></span> <span class='ocrx_word' id='word_1_395' title='bbox 1224 2297 1411 2339; x_wconf 84' lang='lat' dir='ltr'><strong>Typhoeum</strong></span> <span class='ocrx_word' id='word_1_396' title='bbox 1425 2294 1599 2327; x_wconf 68' lang='lat' dir='ltr'><strong>Inarime!</strong></span> <span class='ocrx_word' id='word_1_397' title='bbox 1621 2295 1701 2327; x_wconf 84' lang='lat' dir='ltr'><strong>Pro-</strong></span> 
     </span>
     <span class='ocr_line' id='line_1_70' title="bbox 1002 2345 1704 2391; baseline -0.007 -9"><span class='ocrx_word' id='word_1_398' title='bbox 1002 2349 1112 2391; x_wconf 77' lang='lat' dir='ltr'><strong>chyta]</strong></span> <span class='ocrx_word' id='word_1_399' title='bbox 1135 2349 1312 2390; x_wconf 86' lang='lat' dir='ltr'><strong>Prochyta</strong></span> <span class='ocrx_word' id='word_1_400' title='bbox 1333 2348 1444 2380; x_wconf 85' lang='lat' dir='ltr'><strong>insula</strong></span> <span class='ocrx_word' id='word_1_401' title='bbox 1466 2347 1502 2379; x_wconf 89' lang='lat' dir='ltr'><strong>in</strong></span> <span class='ocrx_word' id='word_1_402' title='bbox 1525 2345 1646 2379; x_wconf 87' lang='lat' dir='ltr'><strong>eodem</strong></span> <span class='ocrx_word' id='word_1_403' title='bbox 1660 2346 1704 2377; x_wconf 86' lang='lat' dir='ltr'><strong>si-</strong></span> 
     </span>
     <span class='ocr_line' id='line_1_71' title="bbox 1002 2396 1704 2439; baseline -0.006 -8"><span class='ocrx_word' id='word_1_404' title='bbox 1002 2410 1049 2431; x_wconf 90' lang='lat' dir='ltr'><strong>nu</strong></span> <span class='ocrx_word' id='word_1_405' title='bbox 1074 2399 1279 2439; x_wconf 90' lang='lat' dir='ltr'><strong>Puteolano,</strong></span> <span class='ocrx_word' id='word_1_406' title='bbox 1298 2398 1347 2430; x_wconf 87' lang='lat' dir='ltr'><strong>sic</strong></span> <span class='ocrx_word' id='word_1_407' title='bbox 1371 2398 1476 2437; x_wconf 86' lang='lat' dir='ltr'><strong>dicta,</strong></span> <span class='ocrx_word' id='word_1_408' title='bbox 1497 2406 1567 2428; x_wconf 88' lang='lat' dir='ltr'><strong>non</strong></span> <span class='ocrx_word' id='word_1_409' title='bbox 1587 2396 1632 2428; x_wconf 85' lang='lat' dir='ltr'><strong>ab</strong></span> <span class='ocrx_word' id='word_1_410' title='bbox 1647 2396 1704 2427; x_wconf 86' lang='lat' dir='ltr'><strong>AE·</strong></span> 
     </span>
     <span class='ocr_line' id='line_1_72' title="bbox 1003 2445 1703 2490; baseline -0.006 -9"><span class='ocrx_word' id='word_1_411' title='bbox 1003 2460 1078 2481; x_wconf 86' lang='lat' dir='ltr'><strong>neae</strong></span> <span class='ocrx_word' id='word_1_412' title='bbox 1092 2449 1240 2490; x_wconf 87' lang='lat' dir='ltr'><strong>nutrice,</strong></span> <span class='ocrx_word' id='word_1_413' title='bbox 1263 2448 1323 2480; x_wconf 87' lang='lat' dir='ltr'><strong>sed</strong></span> <span class='ocrx_word' id='word_1_414' title='bbox 1339 2447 1419 2490; x_wconf 81' lang='lat' dir='ltr'><strong>quia</strong></span> <span class='ocrx_word' id='word_1_415' title='bbox 1434 2445 1576 2488; x_wconf 80' lang='lat' dir='ltr'><strong>profusa</strong></span> <span class='ocrx_word' id='word_1_416' title='bbox 1589 2449 1643 2478; x_wconf 79' lang='lat' dir='ltr'><strong>est</strong></span> <span class='ocrx_word' id='word_1_417' title='bbox 1659 2445 1703 2477; x_wconf 88' lang='lat' dir='ltr'><strong>ab</strong></span> 
     </span>
     <span class='ocr_line' id='line_1_73' title="bbox 1004 2500 1154 2532; baseline -0.013 0"><span class='ocrx_word' id='word_1_418' title='bbox 1004 2500 1154 2532; x_wconf 85' lang='lat' dir='ltr'><strong>AEnaria.</strong></span> 
     </span>
    </p>

    <p class='ocr_par' dir='ltr' id='par_1_14' title="bbox 1004 2545 1704 2792">
     <span class='ocr_line' id='line_1_74' title="bbox 1046 2545 1703 2589; baseline -0.008 -8"><span class='ocrx_word' id='word_1_419' title='bbox 1046 2553 1089 2582; x_wconf 85' lang='grc'><strong>77</strong></span> <span class='ocrx_word' id='word_1_420' title='bbox 1102 2548 1252 2589; x_wconf 82' lang='lat' dir='ltr'><strong>Armiger</strong></span> <span class='ocrx_word' id='word_1_421' title='bbox 1268 2546 1432 2588; x_wconf 78' lang='lat' dir='ltr'><strong>Hectoris]</strong></span> <span class='ocrx_word' id='word_1_422' title='bbox 1454 2545 1625 2588; x_wconf 85' lang='lat' dir='ltr'><strong>Intelligit</strong></span> <span class='ocrx_word' id='word_1_423' title='bbox 1635 2545 1703 2580; x_wconf 87' lang='lat' dir='ltr'><strong>Mi-</strong></span> 
     </span>
     <span class='ocr_line' id='line_1_75' title="bbox 1004 2597 1702 2640; baseline -0.007 -9"><span class='ocrx_word' id='word_1_424' title='bbox 1004 2609 1122 2632; x_wconf 89' lang='lat' dir='ltr'><strong>senum</strong></span> <span class='ocrx_word' id='word_1_425' title='bbox 1134 2598 1399 2640; x_wconf 89' lang='lat' dir='ltr'><strong>promontorium</strong></span> <span class='ocrx_word' id='word_1_426' title='bbox 1413 2597 1621 2638; x_wconf 85' lang='lat' dir='ltr'><strong>Campaniae,</strong></span> <span class='ocrx_word' id='word_1_427' title='bbox 1634 2605 1702 2627; x_wconf 91' lang='lat' dir='ltr'><strong>non</strong></span> 
     </span>
     <span class='ocr_line' id='line_1_76' title="bbox 1005 2647 1704 2692; baseline -0.004 -11"><span class='ocrx_word' id='word_1_428' title='bbox 1005 2649 1126 2692; x_wconf 84' lang='lat' dir='ltr'><strong>procul</strong></span> <span class='ocrx_word' id='word_1_429' title='bbox 1152 2659 1173 2680; x_wconf 91' lang='lat' dir='ltr'><strong>a</strong></span> <span class='ocrx_word' id='word_1_430' title='bbox 1198 2649 1326 2689; x_wconf 80' lang='lat' dir='ltr'><strong>Cumis,</strong></span> <span class='ocrx_word' id='word_1_431' title='bbox 1354 2657 1476 2680; x_wconf 90' lang='lat' dir='ltr'><strong>nomen</strong></span> <span class='ocrx_word' id='word_1_432' title='bbox 1502 2647 1657 2679; x_wconf 87' lang='lat' dir='ltr'><strong>sortitum</strong></span> <span class='ocrx_word' id='word_1_433' title='bbox 1684 2656 1704 2678; x_wconf 82' lang='lat' dir='ltr'><strong>a</strong></span> 
     </span>
     <span class='ocr_line' id='line_1_77' title="bbox 1008 2697 1704 2739; baseline -0.004 -8"><span class='ocrx_word' id='word_1_434' title='bbox 1008 2700 1142 2732; x_wconf 86' lang='lat' dir='ltr'><strong>Miseno</strong></span> <span class='ocrx_word' id='word_1_435' title='bbox 1156 2699 1297 2731; x_wconf 89' lang='lat' dir='ltr'><strong>tibicine</strong></span> <span class='ocrx_word' id='word_1_436' title='bbox 1322 2698 1439 2731; x_wconf 82' lang='lat' dir='ltr'><strong>AEneae</strong></span> <span class='ocrx_word' id='word_1_437' title='bbox 1463 2698 1535 2730; x_wconf 84' lang='lat' dir='ltr'><strong>illic</strong></span> <span class='ocrx_word' id='word_1_438' title='bbox 1556 2697 1704 2739; x_wconf 78' lang='lat' dir='ltr'><strong>sepulto.</strong></span> 
     </span>
     <span class='ocr_line' id='line_1_78' title="bbox 1009 2748 1704 2792; baseline -0.003 -10"><span class='ocrx_word' id='word_1_439' title='bbox 1009 2750 1174 2792; x_wconf 85' lang='lat' dir='ltr'><strong>Virgilius</strong></span> <span class='ocrx_word' id='word_1_440' title='bbox 1187 2749 1317 2782; x_wconf 83' lang='lat' dir='ltr'><strong>AEneid.</strong></span> <span class='ocrx_word' id='word_1_441' title='bbox 1334 2758 1385 2781; x_wconf 82' lang='lat' dir='ltr'><strong>vr.</strong></span> <span class='ocrx_word' id='word_1_442' title='bbox 1422 2748 1536 2780; x_wconf 81' lang='lat' dir='ltr'><strong>Antea</strong></span> <span class='ocrx_word' id='word_1_443' title='bbox 1552 2748 1704 2781; x_wconf 73' lang='lat' dir='ltr'><strong>Misenus</strong></span> 
     </span>
    </p>
   </div>
  </div>
 </body>
</html>
