1800 3060
234 198 326 241 244

243 303 372 346 Idem
394 303 490 346 auri
509 301 658 345 facilis
679 306 939 355 contemtor,
962 308 1010 346 et
1028 304 1223 358 optimus
1243 303 1363 346 idem

243 371 432 413 Comere
451 370 648 421 divitias,
668 371 917 424 opibusque
935 371 1174 413 immittere
1194 371 1353 413 lucem.

245 437 349 479 Hac
369 438 549 492 longum
568 437 729 480 florens
750 438 886 481 animi
906 451 1164 493 morumque
1178 438 1383 493 juventa,

247 505 417 547 Iliacos
437 518 615 559 aequare
635 518 783 555 senes,
803 509 849 547 et
869 505 1046 548 vincere
1064 509 1226 561 persta,

248 571 376 623 Quos
396 578 526 627 pater
547 573 721 627 Elysio,
740 573 931 627 genitrix
951 587 1064 629 quos
1084 574 1246 617 detulit
1263 587 1416 617 annos.

238 641 344 684 Hoc
365 641 432 682 illi
448 641 582 683 duras
603 654 846 684 exoravere
866 655 1066 685 sorores:

739 208 784 239 P.
817 207 1010 239 PAP1N11
1045 207 1214 239 STATII

1651 643 1710 685 75

240 780 366 814 eit-endi
380 784 459 814 clam
475 786 506 815 et
518 783 657 824 publice.-
682 784 793 825 quique
807 794 916 816 aurum
934 784 1036 823 facile
1059 784 1242 824 contemnis,
1264 786 1296 815 et
1318 783 1373 824 qui
1393 781 1583 825 optimescis
1597 790 1708 813 mure

240 834 326 864 opes,
346 825 444 867 iisque
456 827 621 866 fulgorem
642 828 728 858 dare.
774 828 815 859 In
844 828 902 859 huc
920 828 1070 867 juventu,
1082 827 1204 869 florens
1225 827 1327 857 auimo
1349 829 1380 858 et
1402 825 1538 857 moribus
1565 824 1707 863 attingus

241 867 398 906 longoevos
426 869 552 909 Iliacos,
571 873 603 901 et
623 879 748 910 superes
768 880 878 909 annos,
900 880 973 911 quos
993 873 1085 911 pater
1108 874 1181 900 tuus
1201 872 1232 900 et
1255 879 1331 910 quos
1353 872 1455 900 muter
1482 872 1539 900 tua
1565 866 1707 909 portavit

239 909 273 941 in
288 910 416 952 Elysios
429 922 562 953 campos,
608 913 664 944 Illi
684 913 740 945 hoc
762 913 961 945 obtinuerunt
984 924 1005 945 a
1025 913 1119 944 soevis
1133 911 1308 944 sororibus:
1332 912 1389 944 hoc
1404 910 1606 950 etiumsortis
1619 909 1708 942 Bla-

853 1026 1096 1039 mmm

241 1107 368 1141 tiores:
386 1108 467 1140 mihi
478 1107 663 1150 simplicius
680 1108 816 1141 videtur
829 1108 933 1142 fateri
945 1109 1078 1141 nescire
1093 1109 1185 1151 quod
1197 1108 1330 1142 nescio.
1358 1109 1436 1142 Scio
1449 1108 1586 1151 quidem
1603 1118 1705 1142 voces

240 1154 359 1183 secrete
383 1156 420 1183 et
444 1161 550 1184 secure
572 1162 592 1184 a
618 1152 767 1185 librariis
787 1162 880 1193 saepe
907 1152 1091 1184 confundi:
1117 1152 1197 1184 vide
1216 1152 1397 1184 Drakenb.
1413 1152 1456 1184 ad
1473 1153 1532 1184 Sil.
1548 1152 1629 1184 Itsl.
1651 1160 1707 1184 xx.

242 1196 320 1226 326.
341 1194 402 1226 sed
430 1195 459 1226 si
482 1195 615 1227 Statius
642 1196 836 1236 scripsisset
862 1196 908 1227 Et
935 1205 1041 1227 secure
1069 1195 1174 1236 palam
1201 1195 1259 1228 vix
1290 1196 1465 1238 explicare
1495 1193 1706 1236 potuissem!

244 1236 455 1270 Manet—⁷1
482 1238 624 1270 Condere
650 1239 780 1270 divitias
801 1237 907 1270 Aldd.
934 1237 1044 1270 Colin.
1066 1237 1203 1280 Gryph.
1235 1238 1343 1271 Basil.
1371 1238 1476 1270 Bern.
1503 1238 1647 1270 Gevart.
1668 1241 1707 1270 et

244 1279 405 1312 Grasser.
452 1281 580 1312 Comere
597 1281 728 1313 divitius
749 1280 860 1312 codex
872 1281 952 1312 Seu.
969 1290 1047 1312 cum
1062 1281 1205 1313 Venett.
1219 1280 1336 1313 Parm.
1355 1280 1455 1314 Rom.
1481 1284 1518 1312 et
1539 1284 1610 1312 vet.
1626 1280 1706 1312 Lin-

243 1322 437 1363 denbrogii,
450 1324 540 1365 quod
558 1323 714 1355 defendit
738 1323 935 1356 Gronovius
962 1323 996 1354 in
1026 1323 1141 1355 Diatr.
1165 1333 1244 1365 cap.
1269 1326 1322 1356 2⁷.
1337 1328 1374 1355 et
1396 1324 1429 1355 in
1453 1327 1585 1355 textum
1609 1332 1705 1355 rece-

243 1365 318 1406 pit;
340 1365 419 1397 hinc
437 1371 618 1407 receptum
641 1367 675 1398 in
699 1367 821 1399 Barth.
848 1367 955 1398 Veen.
971 1366 1103 1408 Delph.
1123 1368 1274 1399 scm—73
1290 1367 1370 1400 Vet.
1390 1365 1649 1407 Lindenbrogii:
1674 1369 1706 1397 et

240 1408 363 1440 vincere
374 1412 521 1450 proestat.

900 1499 1040 1533 No'rAE

240 1590 346 1624 certis
360 1590 451 1623 horis
467 1595 580 1624 certos
595 1596 692 1625 actus
701 1592 890 1634 destinare,
903 1597 943 1626 ut

240 1641 284 1675 de
298 1641 508 1674 Theodorico
534 1642 646 1675 refert
669 1643 827 1675 Sidonius
842 1643 901 1676 lib.
915 1653 942 1676 1.

239 1693 306 1734 Ep.
322 1696 355 1726 2.
377 1698 413 1725 et
429 1694 472 1725 de
487 1694 638 1735 Spurina
651 1695 782 1727 Plinius
804 1695 866 1728 lib.
883 1704 942 1728 ιιι.

241 1745 306 1785 Ep.
322 1747 353 1776 1.
399 1744 491 1776 Vide
506 1745 707 1777 Suetonium
723 1746 758 1777 in
773 1746 942 1787 Augusto,

238 1794 392 1835 Tiberio,
419 1799 456 1826 et
472 1794 698 1836 Vespasiano,
726 1800 763 1828 et
790 1796 943 1837 Lampri-

240 1844 333 1875 dium
349 1844 382 1876 in
396 1845 537 1877 Severo.
581 1846 750 1887 Papinius
763 1851 876 1879 autem
892 1847 943 1879 in·

239 1905 346 1927 nuere
363 1896 437 1927 vult
450 1896 629 1928 Meliorem
643 1897 737 1938 apud
750 1907 787 1929 se
799 1902 835 1929 et
851 1898 943 1930 domi

239 1944 384 1977 eandem
402 1946 539 1978 vivendi
554 1947 723 1979 rationem
740 1947 943 1985 instituisse,

237 2005 279 2027 ac
301 1995 330 2026 si
359 1995 451 2028 illius
480 1997 633 2030 actiones
659 1997 810 2029 omnium
833 1998 943 2030 oculis

237 2051 414 2088 paterent,
426 2047 615 2089 eodemque
630 2048 751 2081 ordine
771 2052 868 2080 actus
895 2048 942 2079 vi-

238 2101 285 2130 tae
296 2096 492 2138 digessisse,
504 2097 575 2130 sive
590 2098 694 2138 domi,
702 2098 840 2130 remotis
853 2098 943 2130 arbi-

238 2147 314 2188 tris,
330 2147 451 2180 sivein
467 2148 605 2189 publico
622 2152 829 2187 versaretur,
844 2148 943 2180 nihil-

237 2207 304 2240 que
326 2199 521 2230 simulatum
535 2199 569 2230 in
592 2207 634 2231 eo
657 2208 745 2230 esse.
789 2199 799 2216 ‘
813 2198 870 2231 Sic
886 2199 942 2231 Li-

239 2250 314 2281 vius
330 2249 485 2290 Drusus,'
506 2249 620 2291 inquit
647 2249 814 2289 Velleius,
840 2250 850 2267 ‘
862 2259 941 2290 pro-

238 2300 395 2333 mittenti
409 2300 441 2332 ei
464 2300 668 2339 architecto,
681 2299 732 2332 ita
750 2309 788 2331 se
803 2299 942 2331 domum

235 2349 325 2382 iuius
349 2349 611 2391 aedificaturum,
633 2355 673 2382 nt
694 2349 804 2382 libera
825 2359 846 2382 a
861 2359 941 2382 con-

239 2406 377 2441 spectu,
397 2401 554 2433 immunis
571 2401 615 2434 ab
630 2400 788 2433 omnibus
803 2400 942 2432 arbitris

238 2455 344 2491 esset,
359 2460 471 2494 neque
487 2452 665 2495 quisquam
686 2451 719 2483 in
735 2461 810 2484 eam
825 2450 940 2492 despi-

239 2511 319 2534 cere
345 2507 474 2543 posset,
491 2502 691 2544 respondit:
716 2503 771 2534 Tu
794 2512 888 2542 vero,
913 2502 943 2534 si

239 2553 321 2594 quid
341 2553 375 2584 in
399 2557 433 2584 te
457 2553 539 2585 artis
555 2557 620 2593 est,
635 2553 684 2585 ita
698 2562 866 2594 compone
880 2552 940 2584 do·

239 2612 331 2635 mum
361 2612 484 2644 meum,
514 2607 553 2634 ut
582 2604 742 2645 quicquid
767 2613 878 2645 agam,
897 2603 940 2636 ab

239 2653 395 2685 omnibus
410 2654 560 2696 perspici
579 2653 713 2695 possit.’

282 2706 322 2734 ⁷1
363 2703 506 2745 Comere]
544 2704 836 2746 Frequentissime
876 2705 941 2738 hac

240 2761 324 2786 voce
341 2754 450 2787 utitur
464 2754 594 2789 Statius
611 2764 672 2796 pro
687 2755 697 2772 ‘
709 2755 855 2789 ornare!
892 2757 942 2789 Ut

998 1593 1010 1612 ‘
1020 1600 1156 1624 comere
1172 1600 1267 1623 arma
1279 1590 1289 1605 '
1310 1590 1418 1624 Theb.
1433 1599 1476 1624 u.
1503 1589 1514 1608 ⁴
1528 1590 1575 1622 Et
1589 1589 1704 1622 lucida

997 1647 1135 1675 comunt
1158 1642 1266 1675 Arma
1290 1641 1416 1675 manu?
1461 1641 1630 1674 ‘Comere
1645 1651 1703 1683 ge-

996 1703 1058 1725 nas
1070 1693 1079 1707 '
1105 1692 1224 1735 Epith.
1239 1693 1369 1734 Stellae,
1385 1696 1422 1724 et
1438 1692 1536 1734 Epic.
1550 1692 1585 1724 in
1599 1691 1705 1725 Glau-

997 1746 1097 1778 ciam.

1042 1796 1219 1837 Opibusque
1253 1796 1425 1827 immittere
1467 1796 1580 1838 lucem]
1623 1794 1702 1828 Hoc

997 1846 1124 1878 dicitur
1139 1846 1182 1878 de
1198 1847 1335 1878 homine
1349 1846 1484 1878 liberali
1499 1851 1535 1878 et
1549 1845 1704 1888 magnifi-

997 1907 1049 1934 co,
1065 1897 1122 1939 qui
1137 1906 1204 1929 non
1222 1897 1353 1938 patitur
1374 1897 1538 1937 pecunias
1555 1906 1634 1928 suas
1650 1906 1704 1928 ar-

997 1957 1036 1979 ca
1051 1948 1227 1980 conclusas
1242 1948 1277 1979 in
1306 1947 1458 1979 tenebris
1483 1946 1703 1987 delitescere,

997 1996 1057 2028 sed
1080 1997 1122 2028 iis
1147 1996 1288 2038 fruitur,
1301 2005 1426 2039 easque
1442 1995 1527 2028 bene
1543 1997 1703 2030 collocat„

998 2048 1050 2079 Eo
1066 2047 1165 2079 modo
1180 2052 1346 2079 ornantur
1360 2047 1505 2088 divium,
1520 2051 1557 2078 et
1578 2047 1636 2079 lux
1660 2047 1702 2079 iis

995 2097 1208 2130 immittitur.
1242 2098 1299 2130 Sic
1311 2097 1517 2130 Claudianus
1529 2097 1701 2140 Panegyr.

998 2147 1141 2179 Probini
1152 2152 1189 2179 et
1206 2147 1342 2190 Olybrii
1356 2159 1365 2180 ε
1393 2148 1403 2165 ‘
1420 2147 1489 2180 Hic
1504 2157 1572 2180 non
1586 2147 1703 2179 diviti-

995 2207 1032 2230 as
1061 2198 1273 2240 nigrantibus
1306 2198 1441 2232 abdidit
1478 2198 1598 2238 antris,
1625 2198 1702 2233 Nec

995 2249 1146 2282 tenebris
1172 2250 1347 2283 damnavit
1360 2258 1466 2291 opes3
1492 2248 1553 2280 sed
1573 2247 1702 2288 largior

995 2300 1117 2341 imbre,
1133 2301 1302 2333 Sueverat
1318 2300 1512 2332 innumeras
1526 2298 1700 2331 hominum

997 2350 1109 2383 ditare
1127 2349 1309 2383 catervas!

1037 2406 1079 2435 73
1102 2404 1218 2435 Iliacos
1245 2403 1347 2445 senes]
1367 2401 1551 2443 Trqianos,
1579 2400 1702 2432 Titho-

994 2463 1074 2486 num
1090 2459 1126 2486 et
1141 2455 1331 2486 Priamum.

1037 2507 1078 2536 74
1102 2505 1215 2545 Pater,
1227 2503 1389 2544 genitrix]
1411 2503 1554 2545 Supple,
1569 2507 1647 2535 tuus
1662 2506 1700 2536 et

996 2560 1066 2588 tua.
1103 2555 1194 2587 Hinc
1211 2559 1309 2596 patet
1322 2559 1482 2596 parentes
1493 2552 1611 2586 Atedii
1622 2553 1699 2594 jam

995 2604 1198 2646 grandaevos
1234 2610 1385 2637 mortuos
1419 2603 1538 2637 fnisse.
1572 2604 1701 2646 Elysio]

994 2656 1134 2697 Campis
1151 2655 1289 2697 Elysiis,
1303 2655 1338 2687 in
1355 2654 1494 2688 Inferis.

1035 2709 1077 2738 ’15
1101 2705 1213 2738 Duras
1226 2705 1360 2747 sorores]
1383 2706 1528 2748 Parcas,
1550 2714 1626 2749 quoe
1643 2714 1698 2739 so·

995 2765 1091 2789 rores
1102 2759 1192 2798 sunt,
1208 2759 1245 2789 et
1259 2755 1500 2789 inexorabiles.
