1800 3060
247 193 335 236 466

748 203 787 234 P.
822 203 1010 233 PAPlNu
1047 202 1212 233 STATM

252 298 492 348 Hannibal,
514 301 590 341 aut
608 298 720 341 saevi
741 303 900 352 posset
921 311 1010 340 vox
1030 298 1206 341 horrida
1227 299 1364 355 Syllae

252 367 343 411 His
364 367 584 408 celebrare
603 365 774 408 modis:
807 370 928 407 certe
948 371 998 407 tu
1019 368 1207 408 muneris
1227 372 1386 409 auctor

254 434 362 478 Non
382 434 483 476 aliis
501 434 655 476 malles
676 434 834 485 oculis,
856 434 1072 488 Lysippe,
1094 435 1289 488 probari.

251 564 309 586 rex
333 555 549 594 Macedonum,
564 565 619 587 nec
627 554 721 593 serus
741 554 918 595 Hannibal,
936 558 992 587 aut
1010 565 1072 587 vox
1092 556 1244 588 terribilis
1264 555 1360 599 Syna
1381 560 1505 598 possent
1524 566 1656 598 unquam
1678 559 1710 587 ts

249 597 323 638 pari
338 598 475 630 carmine
489 599 652 630 celebrare.
699 600 793 631 Certe
804 598 883 630 nulli
896 599 953 630 alii
972 602 1047 630 sunt
1061 599 1152 641 oculi,
1165 600 1272 641 quibus
1287 604 1333 642 tu,
1344 599 1479 642 Lysippe
1500 600 1575 632 doni
1589 603 1708 639 auctor,

253 640 359 673 malles
369 641 508 682 probari.

910 694 1053 728 NOTAE

254 761 374 799 spectu
391 757 604 790 credulitatis
621 768 661 791 ac
685 759 842 800 saevitiae,
858 770 959 802 quam

257 809 385 851 gentis,
400 810 478 851 quia
493 809 591 843 Afer.
633 809 710 842 Afri
727 816 842 842 autem
857 811 866 829 ‘
883 811 958 842 bar-

256 860 332 893 bari
347 859 357 874 ’
381 861 516 893 Graecis
530 865 567 892 et
582 861 742 892 Romanis
758 861 882 893 vocati.

303 915 365 944 107
394 912 479 943 Saeuz'
509 911 621 953 Sylloe]
649 912 704 944 Ob
736 911 958 953 proscriptio-

256 972 348 995 nem.
396 963 465 995 Vox
479 962 623 1003 horrida]
648 962 726 995 Qua
736 961 887 1003 jubebat
903 966 956 994 tot

260 1013 385 1046 caedes.

304 1065 368 1094 109
388 1062 473 1095 Aliis
487 1061 596 1103 oculis]
612 1062 755 1104 Supple,
769 1070 870 1104 quam
879 1060 962 1093 Vin-

258 1111 365 1144 dicis:
393 1113 510 1144 oculos
527 1113 617 1144 enim
640 1112 793 1145 eruditos
817 1112 963 1155 (τεχνικὰ

259 1162 382 1203 ὄμματα
393 1170 493 1196 vocat
505 1163 627 1195 AElian.
643 1163 701 1195 lib.
715 1172 792 1195 xlv·
804 1173 881 1204 cap.
891 1162 963 1205 47.)

258 1214 410 1246 habebat
421 1214 612 1255 vindex‚ut
629 1214 963 1256 scribitNostersup.

262 1277 312 1299 VS.
330 1270 383 1299 22.
411 1267 566 1309 Lysippe]
579 1268 623 1299 Et
634 1268 699 1299 hoc
716 1267 847 1309 signum
862 1268 964 1309 hujus

260 1329 346 1360 opus
359 1318 467 1351 fuisse
483 1323 629 1350 testatur
644 1319 818 1350 Martialis
834 1318 893 1350 lib.
911 1327 962 1351 1x.

261 1369 364 1411 Epig.
379 1373 432 1402 45.
475 1370 485 1386 ⁴
502 1368 650 1401 Alciden
681 1369 782 1401 modo
808 1369 964 1401 Vindicis

262 1419 436 1461 rogabam,
453 1420 555 1451 Esset
570 1419 666 1460 cujus
692 1429 776 1460 opus
802 1419 964 1461 laborque

262 1470 359 1503 felix.
385 1470 488 1509 Risit,
505 1479 582 1501 nam
609 1470 696 1501 solet
717 1471 805 1502 hoc:
829 1471 965 1512 levique

264 1526 362 1563 nutu,
391 1522 517 1554 Graece
553 1521 726 1563 numquid,
758 1523 819 1562 ait,
846 1522 965 1563 poeta,

265 1573 402 1605 nescis?
428 1572 602 1614 Inscripta
617 1576 669 1604 est
696 1572 800 1614 basis,
821 1573 965 1605 indicat-

265 1634 332 1667 que
361 1633 496 1655 nomen.
530 1622 690 1655 Λυσίππου
712 1624 804 1664 lego,
829 1624 965 1656 Phidiae

267 1673 412 1717 putavi?
450 1674 527 1706 Alio
542 1674 800 1715 Epigrammate
813 1674 966 1716 ejusdem

266 1725 326 1758 lib.
343 1733 399 1757 rx.
414 1724 603 1757 celebravit
618 1723 702 1756 illud
725 1723 855 1766 signum
873 1724 965 1757 Mar-

475 1870 560 1900 vn.

1014 759 1119 802 tialis,
1147 760 1239 803 quod
1263 760 1501 794 ascribendum
1517 761 1572 793 hic
1594 770 1709 802 operae

1013 811 1162 852 pretium
1179 815 1278 853 puto,
1300 812 1389 854 quod
1402 811 1484 843 illud
1501 812 1711 852 epigramma

1013 867 1048 893 et
1059 862 1227 894 Hercules
1237 862 1478 904 Epitrapezios
1489 861 1550 893 sibi
1560 858 1711 893 mutuam

1012 912 1124 944 lucem
1141 916 1309 953 praestant
1326 922 1335 944 ε
1359 913 1369 929 ⁸
1386 912 1466 953 Hic,
1480 912 1536 953 qui
1559 911 1643 942 dura
1659 921 1711 942 se-

1013 962 1098 994 dens
1115 967 1278 1004 porrecto
1294 972 1375 995 saxa
1388 963 1484 996 leone
1498 962 1640 1002 Mitigat
1654 971 1714 993 ex-

1014 1012 1092 1053 iguo
1115 1023 1256 1054 magnus
1281 1013 1317 1045 in
1342 1023 1411 1045 aere
1434 1014 1542 1054 Deus,
1558 1013 1713 1054 Quaeque

1015 1064 1108 1100 tulit,
1123 1068 1262 1105 spectat
1284 1063 1443 1105 resupino
1465 1063 1579 1095 sidera
1606 1064 1715 1103 vultu,

1017 1114 1123 1156 Cujus
1137 1115 1225 1147 laeva
1245 1115 1336 1147 calet
1357 1114 1491 1155 robore,
1506 1113 1631 1146 dextra
1645 1123 1715 1145 me-

1017 1174 1054 1197 ro
1068 1176 1076 1197 :
1104 1166 1183 1198 Non
1194 1169 1255 1197 est
1270 1164 1363 1205 fama
1377 1175 1512 1204 recens,
1524 1174 1589 1196 nec
1604 1164 1713 1201 nostri

1018 1217 1127 1258 gloria
1148 1216 1223 1248 coeli
1242 1227 1252 1256 ;
1275 1215 1399 1248 Nobile
1426 1215 1568 1258 Lysippi
1592 1224 1714 1246 munus

1017 1276 1171 1309 opusque
1197 1266 1305 1298 vides.
1343 1267 1420 1298 Hoc
1442 1266 1561 1298 habuit
1589 1274 1715 1297 numen

1017 1317 1139 1349 Pellaei
1163 1326 1278 1349 mensa
1304 1317 1451 1358 tyranni,
1472 1316 1541 1355 Qui
1555 1316 1626 1348 cito
1641 1325 1715 1357 per-

1017 1367 1147 1399 domito
1177 1367 1285 1399 victor
1309 1367 1343 1397 in
1366 1366 1566 1408 orbejacet.
1609 1365 1715 1398 Hunc

1017 1428 1103 1460 puer
1118 1418 1159 1450 ad
1177 1418 1322 1459 Libycas
1343 1417 1520 1458 juraverat
1542 1417 1717 1449 Hannibal

1018 1479 1119 1502 aras:
1157 1468 1317 1502 Jusserat
1341 1469 1395 1500 liic
1421 1468 1547 1509 Syllam
1587 1477 1717 1508 ponere

1019 1529 1128 1561 regna
1140 1523 1284 1551 trucem.
1329 1517 1491 1550 Offensus
1503 1519 1607 1550 variae
1617 1518 1718 1549 tumi-

1019 1570 1072 1602 dis
1087 1569 1272 1602 terroribus
1298 1569 1397 1610 aulae,
1413 1569 1574 1601 Privatos
1591 1568 1718 1610 gaudet

1019 1629 1109 1651 nunc
1121 1619 1276 1651 habitare
1289 1620 1389 1651 lares.
1413 1619 1527 1660 thue
1540 1618 1607 1651 fuit
1615 1629 1720 1661 quon·

1020 1671 1096 1702 dam
1124 1670 1250 1712 placidi
1281 1670 1425 1701 conviva
1449 1670 1632 1710 Molorchi,
1661 1671 1719 1703 Sic

1019 1723 1129 1755 voluit
1144 1722 1238 1754 docti
1254 1721 1408 1753 Vindicis
1424 1730 1500 1754 esse
1513 1721 1635 1754 Deus!

626 1869 855 1900 LYRlCUM
888 1869 956 1899 AD
989 1868 1240 1900 MAXIMUM
1273 1868 1511 1909 JUNIUM.†

269 1947 457 1980 Maximum
473 1947 612 1980 Junium
628 1948 662 1979 in
675 1948 854 1980 Dalmatia
866 1948 994 1980 diutius
1019 1951 1206 1979 morantem
1230 1947 1274 1979 ad
1291 1945 1417 1988 Urbem
1444 1948 1598 1986 revocat,
1619 1944 1720 1986 eique

312 1994 428 2023 natum
441 1989 546 2022 filium
562 1991 671 2023 amice
686 1992 890 2033 gratulatur.

441 2063 471 2106 J
477 2076 546 2106 AM
556 2076 640 2107 om
661 2065 755 2108 lato
776 2065 975 2122 spatiata
995 2077 1152 2121 campo

316 2170 429 2210 Erato,
451 2181 520 2213 <1²⁴ae
535 2172 606 2212 =ium
630 2172 686 2204 diu
708 2171 857 2213 spatiaris
880 2172 915 2204 in
940 2173 1004 2204 lato
1029 2180 1147 2213 campo,
1178 2170 1367 2214 interrumpe
1388 2170 1507 2203 labores
1529 2168 1722 2211 magnanimi

880 2254 1115 2268 &mm

318 2309 535 2343 Parmensis:
556 2311 624 2343 Ode
637 2309 804 2352 Lyricaad
818 2310 998 2342 Maximum
1008 2309 1210 2347 Junium31n
1222 2309 1367 2342 ceteris:
1391 2308 1544 2351 Lyricum
1555 2310 1597 2340 ad
1613 2307 1721 2340 Maxi-

273 2363 357 2385 mum
369 2354 576 2386 Junium—1
600 2354 743 2386 Venett.
761 2357 792 2385 1.
807 2356 839 2386 2.
856 2356 888 2385 3.
902 2356 934 2385 4.
958 2354 1071 2384 Parm-
1086 2353 1182 2384 Rom.
1199 2353 1335 2385 Vicent.
1358 2353 1455 2384 Brix.
1480 2351 1584 2384 Aldd.
1609 2352 1719 2384 Colin.

275 2396 408 2440 Gryph.
422 2397 530 2430 Basil.
545 2397 660 2430 Plaut.
675 2398 741 2430 &c.
756 2396 872 2429 satiata
887 2406 993 2438 campo
1001 2406 1015 2434 ,·
1039 2396 1205 2429 Metellus
1219 2395 1390 2429 correxit:
1412 2396 1551 2438 spatiata
1563 2404 1722 2436 cmm-—

929 2481 1069 2515 NOTAE

318 2547 333 2578 ‘ae
354 2545 501 2587 Junium]
524 2546 618 2579 Gens
631 2547 655 2580 J
659 2547 739 2580 unia
754 2547 871 2579 Romae
888 2546 976 2579 anti-

277 2597 439 2637 quissima
454 2602 491 2629 et
505 2598 728 2630 celeberrima
741 2598 866 2629 multos
882 2597 972 2630 Con-

278 2647 368 2678 sules
383 2647 475 2688 tulit,
501 2647 591 2679 inter
603 2659 687 2690 quos
709 2649 746 2680 L.
763 2649 906 2689 Brutus,
916 2647 974 2690 qui

277 2697 473 2730 libertatem
513 2703 549 2731 et
587 2700 799 2731 consulatum
815 2699 975 2738 instituit,

273 2747 353 2790 jure
380 2749 509 2793 primus
530 2749 756 2783 numerandus
771 2755 837 2783 est.
878 2751 974 2785 Junii
1006 2760 1009 2763 ·

1027 2545 1186 2588 pluribus
1207 2546 1466 2587 cognominibus
1486 2543 1653 2583 distincti,
1683 2547 1723 2576 ut

1028 2597 1228 2638 Brutorum,
1253 2597 1496 2636 Biibiilcoruni,
1513 2595 1722 2635 δουναι-πω,

1027 2647 1228 2688 Silanorum,
1245 2657 1284 2680 ac
1299 2646 1537 2679 Maximorum.

1071 2702 1088 2732 1
1111 2699 1193 2731 Lato
1206 2698 1326 2740 campo]
1343 2697 1554 2731 Achilleidia.
