1800 3060
236 181 324 225 256
733 194 774 225 P.
808 194 999 226 ΡΑΡιΝιι
1032 195 1197 228 s'rA'ru

241 292 349 346 Ipse
363 292 502 345 faces)
522 291 756 341 hominem,
775 290 905 341 Urse,
923 295 1042 334 tuum
1064 293 1135 334 cui
1155 292 1282 335 dulce
1304 293 1468 336 volenti
1640 295 1697 337 15

239 359 490 410 Servitium,
513 360 584 400 cui
599 359 728 401 triste
742 358 849 399 nihil
866 372 877 411 ;
909 359 986 413 qui
1007 363 1185 412 sponte,
1202 360 1374 415 sibique

240 427 515 481 Imperiosus
538 430 647 468 erat.
709 425 930 477 Quisnam
950 426 1046 468 haec
1066 428 1110 468 in
1130 427 1286 469 funera
1305 430 1468 472 missos

240 494 439 547 Castiget
458 494 634 536 luctus?
666 494 801 546 gemit
819 494 929 536 inter
946 494 1063 535 bella
1079 501 1328 549 peremtum

241 561 435 602 Parthus
456 575 632 616 equum,
647 561 854 615 fidosque
876 575 1008 603 canes
1029 561 1193 604 flevere
1216 562 1422 614 Molossi,

240 629 299 670 Et
315 629 516 671 volucres
536 628 732 670 habuere
754 642 922 682 rogum,
944 627 1192 685 cervusque
1214 629 1437 673 Maronis.
1639 633 1698 675 20

242 695 364 746 Quid
384 696 423 736 si
443 709 525 737 nec
546 695 773 737 famulus?
804 695 897 737 vidi
917 697 1018 750 ipse
1039 698 1296 752 animosque
1315 699 1470 741 notavi

238 763 304 804 Te
321 766 493 805 tantum
513 764 731 818 capientis
750 763 925 806 herum:
957 764 1038 806 sed
1059 765 1198 820 major
1217 766 1262 807 in
1282 778 1358 807 ore

239 899 358 942 tuum)
372 901 459 941 luges
465 902 619 941 famulum
636 904 734 941 tuum,
748 902 799 933 cui
813 899 1039 942 {suavissimum
1052 905 1120 934 erat
1135 906 1224 935 tuum
1238 903 1415 943 servitium,
1428 902 1483 944 qai
1496 902 1576 935 nihil
1589 902 1702 943 agebat

239 954 368 984 morose,
383 945 494 986 quique
506 946 587 977 ultro
609 945 669 976 sibi
682 944 825 984 jubebat,
849 954 918 985 quoe
941 944 1123 987 imperabas.
1171 946 1324 982 Quisnam
1337 945 1566 987 damaetfletm
1579 954 1701 987 sparsos

238 986 273 1017 in
289 987 346 1018 has
359 988 528 1028 exequias?
551 988 691 1019 Parthus
702 988 784 1019 dolet
799 997 910 1028 equum
923 989 1057 1020 occisum
1070 988 1105 1020 in
1116 989 1240 1030 prelio,
1255 993 1287 1020 et
1307 989 1435 1021 Moloni
1445 988 1702 1030 ploramtfido-

239 1029 283 1060 les
297 1040 398 1071 canes,
411 1034 442 1062 et
456 1040 561 1062 cerm
579 1030 721 1070 Virgilii,
746 1033 778 1061 et
801 1040 874 1062 aves
898 1030 1031 1063 habuere
1050 1030 1183 1064 bustum.
1231 1031 1332 1072 Quid,
1351 1030 1382 1063 εἰ
1405 1042 1465 1063 non
1479 1034 1548 1064 erat
1569 1032 1701 1063 servus?

245 1072 320 1104 Vidi
333 1074 474 1114 equidem
488 1076 519 1105 et
533 1073 742 1105 animadverti
755 1073 815 1105 tibi
828 1073 887 1105 soli
908 1074 1024 1106 servire
1045 1074 1176 1107 voluisse
1187 1084 1201 1113 ‚⁸
1225 1076 1279 1107 ned
1300 1074 1402 1115 nmjor
1426 1077 1495 1107 erat
1521 1073 1647 1107 habitus
1666 1072 1702 1104 in

852 1173 1092 1186 Otmom

244 1241 302 1274 vix
317 1242 419 1274 aliter
432 1242 585 1274 scribere
602 1242 718 1284 potuit
732 1242 863 1274 Statius
878 1251 918 1274 ac
932 1242 1128 1283 conjecerat
1144 1239 1368 1274 Gronovius!
1389 1240 1599 1273 MarkL—lss
1619 1239 1631 1259 ⁸
1642 1239 1705 1272 Vi-

241 1286 344 1317 detur
359 1285 534 1317 abundare
557 1295 636 1325 que;
659 1286 741 1317 satis
766 1285 857 1316 enim
881 1289 955 1316 erat
977 1284 1129 1316 dixisse:
1152 1285 1207 1325 qm·
1221 1287 1331 1325 sponte
1344 1283 1405 1315 sibi
1418 1284 1607 1324 Imperiosus
1621 1287 1704 1323 emt,

242 1328 365 1360 omisso
379 1329 424 1369 τῷ
437 1338 506 1368 que.
551 1328 618 1377 An·
633 1328 788 1369 scripsit:
813 1327 866 1368 qui
890 1330 999 1368 sponte
1022 1327 1082 1358 sibi
1108 1328 1163 1368 qui
1183 1327 1376 1368 Imperium
1399 1330 1491 1358 erat?
1512 1330 1551 1357 ut
1576 1326 1610 1357 in
1635 1325 1704 1357 isto
1758 1346 1768 1353 -

242 1371 412 1404 Horatii:
433 1370 530 1402 ‘Sibi
562 1380 619 1411 qm
649 1370 877 1412 imperiosus!
920 1370 1009 1401 Vel:
1035 1370 1089 1410 qui
1114 1373 1222 1411 sponte
1245 1369 1370 1401 sibimet
1400 1369 1590 1410 Imperiosus
1611 1367 1705 1401 nat?

243 1415 385 1452 Qnaere,
402 1423 443 1444 an
467 1414 540 1445 haec
565 1423 629 1446 vox
652 1423 800 1454 unquam
818 1422 952 1444 versum
973 1411 1071 1444 finiat
1087 1411 1112 1443 θ’
1141 1412 1328 1444 Idem—20
1351 1411 1469 1443 Codex
1491 1410 1701 1442 Burmanni:

239 1466 404 1497 cervusque
419 1456 652 1488 Marone.—21
671 1457 813 1488 Venett.
831 1454 936 1487 Aldd.
952 1455 1063 1487 Colin.
1079 1455 1211 1496 Gryph.
1224 1454 1332 1487 Basil.
1348 1454 1467 1486 Plant.
1482 1453 1622 1485 Gevart.
1637 1454 1704 1486 &c.

242 1499 424 1540 habitusque
437 1499 567 1536 notavi;
589 1499 706 1530 Par-m.
721 1499 899 1540 animosque
919 1498 1026 1530 notavi
1036 1509 1049 1536 ,·
1071 1502 1106 1530 et
1129 1498 1179 1529 sic
1205 1506 1249 1529 ex
1264 1497 1319 1529 ed.
1343 1501 1415 1529 vet.
1431 1496 1542 1528 edidit
1555 1495 1705 1528 Linden-

244 1543 397 1583 brogius,
412 1551 558 1583 eumque
574 1547 714 1573 secutus
732 1543 909 1580 Cruceus;
930 1541 981 1572 ita
996 1549 1134 1582 quoque,
1147 1541 1235 1572 citat
1249 1540 1426 1572 Bentleias
1434 1539 1478 1571 ad
1495 1538 1633 1571 Horatii
1645 1538 1670 1570 l.
1683 1538 1706 1571 l.

242 1585 405 1626 animoque
421 1585 529 1616 notavi
552 1585 739 1617 Rom—22
765 1585 810 1616 Te
832 1587 956 1616 tantum
979 1583 1132 1624 cupientis
1156 1583 1266 1615 herum
1292 1583 1435 1615 Venett.
1463 1582 1580 1614 Parm.
1604 1581 1705 1614 Rom.

243 1629 341 1660 Brix.
364 1628 502 1660 Vicent.
526 1627 631 1659 Aldd.
661 1629 728 1659 &c.
770 1628 780 1644 ‘
797 1626 960 1668 Quisquis
990 1626 1109 1658 herum
1139 1627 1238 1666 cupit
1265 1634 1408 1657 necesse
1434 1629 1490 1657 est
1515 1623 1631 1656 servili
1659 1625 1707 1656 sit

245 1671 379 1702 animo:
402 1670 496 1702 ferre
512 1670 650 1711 quidem
665 1669 837 1702 dominum
855 1669 1064 1701 necessitate
1082 1668 1224 1701 adactus
1238 1668 1412 1701 interdum
1426 1670 1543 1710 potest
1563 1675 1706 1708 magnus

248 1714 380 1745 animus
396 1724 406 1753 ;
427 1723 601 1755 nunquam
619 1723 699 1744 vero
714 1723 843 1754 cupere:
865 1713 942 1753 lege
955 1713 1060 1753 igitur
1076 1723 1084 1743 :
1111 1712 1155 1742 Te
1169 1714 1293 1743 tantum
1307 1711 1459 1752 capientis
1472 1710 1593 1742 herum.
1635 1709 1706 1741 Sed

245 1761 369 1788 contra
384 1766 438 1788 me
454 1759 571 1788 movet
588 1755 679 1797 quod
693 1765 841 1787 summus
858 1755 1038 1786 Bentleius
1055 1755 1090 1785 in
1104 1764 1165 1786 sua
1177 1754 1278 1795 hujus
1293 1754 1358 1786 loci
1375 1752 1606 1795 explicatione
1619 1752 1707 1793 legit

243 1799 418 1840 cupientis.-
441 1804 478 1831 et
499 1799 578 1830 huic
607 1798 823 1839 aliquatenus
839 1796 961 1829 favent
984 1797 1230 1838 praecedentia,
1251 1798 1261 1815 ‘
1276 1802 1371 1828 tuum
1384 1797 1441 1828 eui
1455 1795 1555 1827 dulce
1577 1794 1707 1826 volenti

245 1841 457 1874 Servitium!
501 1841 629 1873 Melius
652 1841 770 1883 itaque
793 1839 884 1872 forte
911 1840 995 1872 nihil
1023 1841 1055 1871 in
1077 1844 1245 1871 contextu
1258 1838 1433 1871 mutasse!
1455 1839 1581 1870 Mar-kl.
1604 1837 1707 1869 Hane

247 1889 363 1917 tamen
392 1884 682 1926 emendationem,
707 1894 784 1926 quae
808 1883 923 1915 obiter
951 1892 1020 1914 non
1042 1882 1252 1923 Marklandi,
1280 1882 1342 1914 sed
1370 1881 1509 1915 Heinsii
1534 1884 1601 1922 eat,
1626 1879 1706 1912 vide

904 1973 1047 2005 NOTAE

290 2042 330 2072 15·
354 2039 523 2071 Hominem
535 2038 639 2080 tuam]
666 2037 791 2075 Homo,
806 2047 867 2080 pro
883 2047 952 2070 ser·
1006 2036 1168 2070 Laconici
1178 2041 1215 2069 et
1223 2034 1604 2077 Salaminii.Virgilius:
1621 2035 1709 2067 ‘Ve-

248 2101 303 2132 vo,
335 2095 374 2123 ut
408 2090 465 2122 hie
496 2094 531 2122 et
561 2089 654 2132 apud
682 2089 952 2122 Jurisconsultos
1006 2088 1099 2120 loces
1120 2089 1255 2130 sparta
1277 2088 1424 2130 catalos,
1448 2094 1612 2128 aereoque
1631 2086 1708 2119 Mo·

245 2151 340 2183 saepe
370 2145 572 2183 usurpatur,
607 2140 769 2182 Gallique
801 2139 952 2171 retinue-
1005 2140 1138 2173 loesos.³

248 2197 340 2224 runt.
1049 2194 1091 2223 20
1113 2192 1158 2223 Et
1186 2191 1324 2223 volucres
1351 2188 1484 2221 habam
1511 2187 1638 2229 rogum]
1659 2186 1710 2219 Ut

294 2245 335 2274 17
352 2241 541 2283 Imperiosus
551 2240 634 2281 erat]
657 2239 699 2272 Id
711 2242 779 2279 est,
789 2239 845 2280 qui
855 2248 954 2280 spon·
1008 2242 1184 2274 Psittacus
1209 2241 1379 2280 Melioris,
1408 2240 1610 2281 Corvusque
1639 2237 1712 2270 Pli-

248 2298 283 2325 te
307 2297 342 2324 et
371 2292 521 2325 libenter
545 2291 611 2324 sibi
625 2290 788 2332 jubebat,
812 2298 853 2320 ea
875 2299 952 2330 quae
1006 2292 1137 2332 ninum,
1153 2292 1197 2323 de
1212 2301 1281 2333 quo
1297 2290 1376 2322 vide
1391 2290 1483 2321 Ptin.
1500 2289 1558 2321 lib.
1576 2297 1614 2321 x.
1631 2297 1708 2329 cap.

248 2348 345 2383 grata
366 2342 432 2374 tibi
454 2352 531 2374 esse
552 2341 738 2381 sentiebat,
759 2344 799 2372 ut
813 2343 868 2371 est
895 2348 952 2370 eo·
1006 2345 1060 2374 43.
1107 2343 1282 2383 Genusque
1296 2340 1456 2382 Maronis]
1473 2340 1602 2372 Cervus
1617 2337 1710 2380 apud

249 2404 322 2425 rum
339 2394 397 2436 qui
413 2393 559 2426 maxime
574 2392 733 2434 diligunt.
761 2390 843 2422 Hoec
856 2389 952 2428 infu-
1006 2392 1187 2434 Virgilium
1210 2390 1360 2424 defletur
1378 2401 1399 2423 a
1411 2390 1542 2432 Sylvia.
1579 2389 1710 2421 Notum

247 2445 339 2486 nera]
354 2446 395 2477 In
411 2450 555 2477 mortem
571 2449 639 2476 tam
655 2443 786 2485 egregii
801 2442 910 2483 pueri.
1006 2447 1060 2475 est
1083 2443 1241 2475 Carmen.

296 2500 336 2529 19
370 2497 510 2529 Parthus
543 2496 669 2538 equum]
714 2494 835 2527 Parthi
864 2492 953 2525 euim
1049 2494 1090 2524 21
1111 2492 1236 2528 Quian·
1251 2489 1468 2531 neesanulae]
1482 2489 1608 2522 Servus
1619 2489 1710 2521 enim

251 2554 349 2581 erant
364 2547 521 2579 celebres
537 2547 683 2588 equites.
727 2546 884 2586 fidosque
900 2553 953 2575 ca·
1007 2543 1074 2576 dici
1100 2553 1168 2574 uon
1193 2547 1343 2584 poterat,
1363 2542 1423 2584 qui
1449 2540 1612 2583 praeditus
1635 2543 1714 2572 erat

250 2609 304 2631 nes
311 2598 429 2640 flevere
444 2597 590 2638 Molossi]
614 2596 767 2634 Molossi,
778 2605 862 2637 gens
873 2594 953 2635 Epi·
1006 2594 1157 2626 moribus
1186 2597 1255 2626 tam
1295 2592 1455 2634 egregiis,
1484 2595 1522 2624 et
1551 2590 1610 2634 qui
1638 2594 1709 2623 tam

253 2650 376 2689 rotica,
390 2653 471 2680 nota
496 2648 635 2679 oraculo
654 2647 751 2680 Jovis
769 2645 954 2686 Dodouaei,
1008 2644 1146 2677 amabat
1160 2643 1292 2676 herum.

253 2698 426 2731 venationi
439 2698 569 2730 dedita.
605 2698 715 2729 Canes
727 2707 811 2730 vero
826 2697 954 2729 Molos-
1051 2698 1094 2728 22
1117 2694 1239 2736 quor]
1262 2694 1369 2726 Servo
1383 2692 1526 2727 seilicet.

253 2751 281 2783 si
309 2761 369 2784 seu
393 2751 560 2793 Epirotici
586 2754 684 2783 erant
705 2750 739 2783 iu
770 2750 894 2791 pretio,
918 2752 958 2781 ut
