<?xml version="1.0" encoding="UTF-8"?>
<!DOCTYPE html PUBLIC "-//W3C//DTD XHTML 1.0 Transitional//EN"
    "http://www.w3.org/TR/xhtml1/DTD/xhtml1-transitional.dtd">
<html xmlns="http://www.w3.org/1999/xhtml" xml:lang="en" lang="en">
 <head>
  <title>
</title>
<meta http-equiv="Content-Type" content="text/html;charset=utf-8" />
  <meta name='ocr-system' content='tesseract 3.04.00' />
  <meta name='ocr-capabilities' content='ocr_page ocr_carea ocr_par ocr_line ocrx_word'/>
</head>
<body>
  <div class='ocr_page' id='page_1' title='image "./operaomniaexedit01statuoft_0026.png"; bbox 0 0 1800 3060; ppageno 0'>
   <div class='ocr_carea' id='block_1_1' title="bbox 211 188 1078 230">
    <p class='ocr_par' dir='ltr' id='par_1_1' title="bbox 211 188 1078 230">
     <span class='ocr_line' id='line_1_1' title="bbox 211 188 1078 230; baseline -0.002 0"><span class='ocrx_word' id='word_1_1' title='bbox 211 188 266 230; x_wconf 83' lang='lat'>16</span> <span class='ocrx_word' id='word_1_2' title='bbox 806 197 1078 229; x_wconf 69' lang='lat' dir='ltr'>PRAEFA‘rro.</span> 
     </span>
    </p>
   </div>
   <div class='ocr_carea' id='block_1_2' title="bbox 199 290 1675 2440">
    <p class='ocr_par' dir='ltr' id='par_1_2' title="bbox 199 290 1675 1764">
     <span class='ocr_line' id='line_1_2' title="bbox 213 290 1672 351; baseline 0.001 -15"><span class='ocrx_word' id='word_1_3' title='bbox 213 295 318 350; x_wconf 91' lang='lat' dir='ltr'>quid</span> <span class='ocrx_word' id='word_1_4' title='bbox 339 294 623 344; x_wconf 79' lang='lat' dir='ltr'><strong>contulerint,</strong></span> <span class='ocrx_word' id='word_1_5' title='bbox 647 293 742 335; x_wconf 85' lang='lat' dir='ltr'>suis</span> <span class='ocrx_word' id='word_1_6' title='bbox 778 293 892 335; x_wconf 90' lang='lat' dir='ltr'>locis</span> <span class='ocrx_word' id='word_1_7' title='bbox 929 292 1259 334; x_wconf 83' lang='lat' dir='ltr'>memorabitur.</span> <span class='ocrx_word' id='word_1_8' title='bbox 1321 290 1386 335; x_wconf 91' lang='lat' dir='ltr'>Hi</span> <span class='ocrx_word' id='word_1_9' title='bbox 1418 306 1583 336; x_wconf 76' lang='lat' dir='ltr'>omnes</span> <span class='ocrx_word' id='word_1_10' title='bbox 1603 294 1672 351; x_wconf 90' lang='lat' dir='ltr'>(et</span> 
     </span>
     <span class='ocr_line' id='line_1_3' title="bbox 212 359 1672 417; baseline 0.001 -13"><span class='ocrx_word' id='word_1_11' title='bbox 212 363 290 404; x_wconf 89' lang='lat' dir='ltr'>alii</span> <span class='ocrx_word' id='word_1_12' title='bbox 330 361 521 417; x_wconf 84' lang='lat' dir='ltr'>aliquot)</span> <span class='ocrx_word' id='word_1_13' title='bbox 559 362 789 404; x_wconf 88' lang='lat' dir='ltr'>ediderunt</span> <span class='ocrx_word' id='word_1_14' title='bbox 828 361 910 402; x_wconf 89' lang='lat' dir='ltr'>has</span> <span class='ocrx_word' id='word_1_15' title='bbox 951 360 1127 414; x_wconf 88' lang='lat' dir='ltr'>Sylvas.</span> <span class='ocrx_word' id='word_1_16' title='bbox 1205 359 1236 401; x_wconf 85' lang='lat' dir='ltr'><strong>J</strong></span> <span class='ocrx_word' id='word_1_17' title='bbox 1239 372 1351 401; x_wconf 88' lang='lat' dir='ltr'>anus</span> <span class='ocrx_word' id='word_1_18' title='bbox 1391 360 1672 413; x_wconf 80' lang='lat' dir='ltr'>ParrhasiuS,</span> 
     </span>
     <span class='ocr_line' id='line_1_4' title="bbox 210 427 1672 486; baseline 0.001 -15"><span class='ocrx_word' id='word_1_19' title='bbox 210 429 435 486; x_wconf 90' lang='lat' dir='ltr'>(monente</span> <span class='ocrx_word' id='word_1_20' title='bbox 457 427 679 483; x_wconf 87' lang='lat' dir='ltr'>Barthio,)</span> <span class='ocrx_word' id='word_1_21' title='bbox 710 427 983 482; x_wconf 88' lang='lat' dir='ltr'>Argumento</span> <span class='ocrx_word' id='word_1_22' title='bbox 1009 427 1189 469; x_wconf 85' lang='lat' dir='ltr'>Praefat.</span> <span class='ocrx_word' id='word_1_23' title='bbox 1210 427 1257 468; x_wconf 91' lang='lat' dir='ltr'>in</span> <span class='ocrx_word' id='word_1_24' title='bbox 1277 427 1353 469; x_wconf 91' lang='lat' dir='ltr'>lib.</span> <span class='ocrx_word' id='word_1_25' title='bbox 1373 439 1404 469; x_wconf 90' lang='lat'>1.</span> <span class='ocrx_word' id='word_1_26' title='bbox 1439 428 1672 472; x_wconf 86' lang='lat' dir='ltr'>Claudiani</span> 
     </span>
     <span class='ocr_line' id='line_1_5' title="bbox 211 492 1671 552; baseline 0.002 -14"><span class='ocrx_word' id='word_1_27' title='bbox 211 497 267 538; x_wconf 91' lang='lat' dir='ltr'>de</span> <span class='ocrx_word' id='word_1_28' title='bbox 288 496 442 551; x_wconf 87' lang='lat' dir='ltr'>Raptu</span> <span class='ocrx_word' id='word_1_29' title='bbox 463 495 762 549; x_wconf 79' lang='lat' dir='ltr'>Proserpinae,</span> <span class='ocrx_word' id='word_1_30' title='bbox 782 494 1023 548; x_wconf 86' lang='lat' dir='ltr'>pollicetur</span> <span class='ocrx_word' id='word_1_31' title='bbox 1052 492 1383 537; x_wconf 86' lang='lat' dir='ltr'>Commentaria</span> <span class='ocrx_word' id='word_1_32' title='bbox 1412 495 1459 536; x_wconf 92' lang='lat' dir='ltr'>in</span> <span class='ocrx_word' id='word_1_33' title='bbox 1479 497 1671 552; x_wconf 87' lang='lat' dir='ltr'>Sylvas;</span> 
     </span>
     <span class='ocr_line' id='line_1_6' title="bbox 211 561 1669 619; baseline 0.002 -15"><span class='ocrx_word' id='word_1_34' title='bbox 211 564 330 619; x_wconf 91' lang='lat' dir='ltr'>quod</span> <span class='ocrx_word' id='word_1_35' title='bbox 353 571 397 606; x_wconf 91' lang='lat' dir='ltr'>et</span> <span class='ocrx_word' id='word_1_36' title='bbox 418 564 528 605; x_wconf 88' lang='lat' dir='ltr'>facit</span> <span class='ocrx_word' id='word_1_37' title='bbox 552 563 800 605; x_wconf 90' lang='lat' dir='ltr'>Politianus</span> <span class='ocrx_word' id='word_1_38' title='bbox 824 561 972 615; x_wconf 91' lang='lat' dir='ltr'>Epist.</span> <span class='ocrx_word' id='word_1_39' title='bbox 995 572 1066 602; x_wconf 84' lang='lat' dir='ltr'>vl.</span> <span class='ocrx_word' id='word_1_40' title='bbox 1087 561 1130 601; x_wconf 89' lang='lat'>1.</span> <span class='ocrx_word' id='word_1_41' title='bbox 1154 563 1231 603; x_wconf 92' lang='lat' dir='ltr'>ubi</span> <span class='ocrx_word' id='word_1_42' title='bbox 1251 563 1382 604; x_wconf 91' lang='lat' dir='ltr'>etiam</span> <span class='ocrx_word' id='word_1_43' title='bbox 1403 567 1589 606; x_wconf 89' lang='lat' dir='ltr'>testatur</span> <span class='ocrx_word' id='word_1_44' title='bbox 1619 578 1669 607; x_wconf 87' lang='lat' dir='ltr'>se</span> 
     </span>
     <span class='ocr_line' id='line_1_7' title="bbox 208 628 1671 685; baseline 0.001 -12"><span class='ocrx_word' id='word_1_45' title='bbox 208 631 392 685; x_wconf 89' lang='lat' dir='ltr'>publice</span> <span class='ocrx_word' id='word_1_46' title='bbox 411 630 672 685; x_wconf 81' lang='lat' dir='ltr'>praelegisse</span> <span class='ocrx_word' id='word_1_47' title='bbox 695 630 776 671; x_wconf 90' lang='lat' dir='ltr'>hos</span> <span class='ocrx_word' id='word_1_48' title='bbox 803 629 979 671; x_wconf 88' lang='lat' dir='ltr'>Libros.</span> <span class='ocrx_word' id='word_1_49' title='bbox 1037 628 1068 670; x_wconf 87' lang='lat' dir='ltr'><strong>J</strong></span> <span class='ocrx_word' id='word_1_50' title='bbox 1070 642 1135 670; x_wconf 89' lang='lat' dir='ltr'>os.</span> <span class='ocrx_word' id='word_1_51' title='bbox 1155 628 1367 682; x_wconf 75' lang='lat' dir='ltr'>Scaliger.</span> <span class='ocrx_word' id='word_1_52' title='bbox 1389 629 1604 685; x_wconf 79' lang='lat' dir='ltr'>castigat.</span> <span class='ocrx_word' id='word_1_53' title='bbox 1624 633 1671 674; x_wconf 87' lang='lat' dir='ltr'>in</span> 
     </span>
     <span class='ocr_line' id='line_1_8' title="bbox 210 695 1670 752; baseline 0 -12"><span class='ocrx_word' id='word_1_54' title='bbox 210 699 436 752; x_wconf 87' lang='lat' dir='ltr'><strong>Propertii</strong></span> <span class='ocrx_word' id='word_1_55' title='bbox 457 698 532 738; x_wconf 87' lang='lat' dir='ltr'>lib.</span> <span class='ocrx_word' id='word_1_56' title='bbox 557 707 610 738; x_wconf 85' lang='lat'>11.</span> <span class='ocrx_word' id='word_1_57' title='bbox 632 710 678 751; x_wconf 88' lang='lat' dir='ltr'>p.</span> <span class='ocrx_word' id='word_1_58' title='bbox 702 697 798 738; x_wconf 76' lang='lat'>185.</span> <span class='ocrx_word' id='word_1_59' title='bbox 821 695 944 737; x_wconf 87' lang='lat' dir='ltr'>Edit.</span> <span class='ocrx_word' id='word_1_60' title='bbox 979 695 1206 738; x_wconf 87' lang='lat' dir='ltr'>Patisson.</span> <span class='ocrx_word' id='word_1_61' title='bbox 1238 700 1452 738; x_wconf 85' lang='lat' dir='ltr'>memorat</span> <span class='ocrx_word' id='word_1_62' title='bbox 1481 710 1528 738; x_wconf 89' lang='lat' dir='ltr'>se</span> <span class='ocrx_word' id='word_1_63' title='bbox 1548 711 1670 740; x_wconf 88' lang='lat' dir='ltr'>enar-</span> 
     </span>
     <span class='ocr_line' id='line_1_9' title="bbox 205 763 1669 819; baseline 0.001 -12"><span class='ocrx_word' id='word_1_64' title='bbox 205 779 330 807; x_wconf 88' lang='lat' dir='ltr'>rasse</span> <span class='ocrx_word' id='word_1_65' title='bbox 348 769 466 807; x_wconf 88' lang='lat' dir='ltr'>totos</span> <span class='ocrx_word' id='word_1_66' title='bbox 488 766 682 819; x_wconf 87' lang='lat' dir='ltr'>quinque</span> <span class='ocrx_word' id='word_1_67' title='bbox 704 764 840 805; x_wconf 91' lang='lat' dir='ltr'>libros</span> <span class='ocrx_word' id='word_1_68' title='bbox 870 763 1107 817; x_wconf 88' lang='lat' dir='ltr'>Sylvarum</span> <span class='ocrx_word' id='word_1_69' title='bbox 1141 763 1377 806; x_wconf 89' lang='lat' dir='ltr'>Ludovico</span> <span class='ocrx_word' id='word_1_70' title='bbox 1412 763 1669 818; x_wconf 83' lang='lat' dir='ltr'>Castanaeo,</span> 
     </span>
     <span class='ocr_line' id='line_1_10' title="bbox 207 830 1675 887; baseline 0.001 -13"><span class='ocrx_word' id='word_1_71' title='bbox 207 833 363 887; x_wconf 82' lang='lat' dir='ltr'>Equiti</span> <span class='ocrx_word' id='word_1_72' title='bbox 404 833 560 887; x_wconf 90' lang='lat' dir='ltr'>Regio.</span> <span class='ocrx_word' id='word_1_73' title='bbox 621 832 712 874; x_wconf 85' lang='lat' dir='ltr'>Sed</span> <span class='ocrx_word' id='word_1_74' title='bbox 748 832 950 886; x_wconf 85' lang='lat' dir='ltr'>privatae,</span> <span class='ocrx_word' id='word_1_75' title='bbox 990 831 1170 884; x_wconf 88' lang='lat' dir='ltr'>opinor,</span> <span class='ocrx_word' id='word_1_76' title='bbox 1210 830 1282 873; x_wconf 85' lang='lat' dir='ltr'>hae</span> <span class='ocrx_word' id='word_1_77' title='bbox 1321 831 1549 886; x_wconf 88' lang='lat' dir='ltr'>Scaligeri,</span> <span class='ocrx_word' id='word_1_78' title='bbox 1581 846 1675 875; x_wconf 12' lang='lat' dir='ltr'>nont</span> 
     </span>
     <span class='ocr_line' id='line_1_11' title="bbox 205 898 1670 954; baseline 0 -12"><span class='ocrx_word' id='word_1_79' title='bbox 205 901 416 954; x_wconf 85' lang='lat' dir='ltr'>publicae,</span> <span class='ocrx_word' id='word_1_80' title='bbox 438 905 517 942; x_wconf 89' lang='lat' dir='ltr'>aut</span> <span class='ocrx_word' id='word_1_81' title='bbox 537 900 717 953; x_wconf 84' lang='lat' dir='ltr'>scriptis</span> <span class='ocrx_word' id='word_1_82' title='bbox 738 898 990 941; x_wconf 82' lang='lat' dir='ltr'>commissae</span> <span class='ocrx_word' id='word_1_83' title='bbox 1003 898 1351 951; x_wconf 85' lang='lat' dir='ltr'>Praelectiones;</span> <span class='ocrx_word' id='word_1_84' title='bbox 1381 899 1502 953; x_wconf 92' lang='lat' dir='ltr'>quod</span> <span class='ocrx_word' id='word_1_85' title='bbox 1522 904 1670 942; x_wconf 88' lang='lat' dir='ltr'>tamen</span> 
     </span>
     <span class='ocr_line' id='line_1_12' title="bbox 203 965 1670 1020; baseline 0.001 -12"><span class='ocrx_word' id='word_1_86' title='bbox 203 967 383 1009; x_wconf 87' lang='lat' dir='ltr'>innuere</span> <span class='ocrx_word' id='word_1_87' title='bbox 403 967 575 1009; x_wconf 89' lang='lat' dir='ltr'>videtur</span> <span class='ocrx_word' id='word_1_88' title='bbox 595 966 821 1009; x_wconf 84' lang='lat' dir='ltr'>Barthius.</span> <span class='ocrx_word' id='word_1_89' title='bbox 882 965 980 1008; x_wconf 91' lang='lat' dir='ltr'>Alii</span> <span class='ocrx_word' id='word_1_90' title='bbox 1001 979 1181 1020; x_wconf 90' lang='lat' dir='ltr'>quoque</span> <span class='ocrx_word' id='word_1_91' title='bbox 1213 967 1339 1009; x_wconf 89' lang='lat' dir='ltr'>multi</span> <span class='ocrx_word' id='word_1_92' title='bbox 1368 967 1512 1009; x_wconf 90' lang='lat' dir='ltr'>lucem</span> <span class='ocrx_word' id='word_1_93' title='bbox 1533 972 1579 1010; x_wconf 87' lang='lat' dir='ltr'>et</span> <span class='ocrx_word' id='word_1_94' title='bbox 1597 982 1670 1011; x_wconf 91' lang='lat' dir='ltr'>sa-</span> 
     </span>
     <span class='ocr_line' id='line_1_13' title="bbox 201 1034 1666 1088; baseline 0.001 -12"><span class='ocrx_word' id='word_1_95' title='bbox 201 1035 385 1076; x_wconf 89' lang='lat' dir='ltr'>nitatem</span> <span class='ocrx_word' id='word_1_96' title='bbox 406 1035 508 1076; x_wconf 90' lang='lat' dir='ltr'>huic</span> <span class='ocrx_word' id='word_1_97' title='bbox 543 1034 777 1088; x_wconf 86' lang='lat' dir='ltr'>opusculo</span> <span class='ocrx_word' id='word_1_98' title='bbox 813 1034 957 1076; x_wconf 90' lang='lat' dir='ltr'>obiter</span> <span class='ocrx_word' id='word_1_99' title='bbox 989 1034 1294 1077; x_wconf 89' lang='lat' dir='ltr'>contulerunt:</span> <span class='ocrx_word' id='word_1_100' title='bbox 1342 1038 1390 1077; x_wconf 92' lang='lat' dir='ltr'>ut</span> <span class='ocrx_word' id='word_1_101' title='bbox 1410 1048 1518 1077; x_wconf 90' lang='lat' dir='ltr'>sane</span> <span class='ocrx_word' id='word_1_102' title='bbox 1537 1036 1666 1078; x_wconf 89' lang='lat' dir='ltr'>dubi-</span> 
     </span>
     <span class='ocr_line' id='line_1_14' title="bbox 203 1100 1668 1156; baseline 0.002 -14"><span class='ocrx_word' id='word_1_103' title='bbox 203 1105 304 1152; x_wconf 89' lang='lat' dir='ltr'>tem,</span> <span class='ocrx_word' id='word_1_104' title='bbox 324 1115 382 1144; x_wconf 87' lang='lat' dir='ltr'>an</span> <span class='ocrx_word' id='word_1_105' title='bbox 414 1103 526 1144; x_wconf 90' lang='lat' dir='ltr'>inter</span> <span class='ocrx_word' id='word_1_106' title='bbox 557 1103 705 1144; x_wconf 82' lang='lat' dir='ltr'>omnia</span> <span class='ocrx_word' id='word_1_107' title='bbox 735 1100 1034 1155; x_wconf 85' lang='lat' dir='ltr'>Antiquorum</span> <span class='ocrx_word' id='word_1_108' title='bbox 1067 1101 1244 1156; x_wconf 83' lang='lat' dir='ltr'>Scripta</span> <span class='ocrx_word' id='word_1_109' title='bbox 1269 1102 1388 1144; x_wconf 87' lang='lat' dir='ltr'>ullus</span> <span class='ocrx_word' id='word_1_110' title='bbox 1409 1102 1471 1144; x_wconf 89' lang='lat' dir='ltr'>sit</span> <span class='ocrx_word' id='word_1_111' title='bbox 1490 1103 1668 1146; x_wconf 91' lang='lat' dir='ltr'>libellus</span> 
     </span>
     <span class='ocr_line' id='line_1_15' title="bbox 203 1169 1667 1224; baseline 0.003 -15"><span class='ocrx_word' id='word_1_112' title='bbox 203 1169 282 1222; x_wconf 91' lang='lat' dir='ltr'>qui</span> <span class='ocrx_word' id='word_1_113' title='bbox 312 1173 377 1211; x_wconf 89' lang='lat' dir='ltr'>tot</span> <span class='ocrx_word' id='word_1_114' title='bbox 406 1170 605 1211; x_wconf 85' lang='lat' dir='ltr'>medicas</span> <span class='ocrx_word' id='word_1_115' title='bbox 639 1181 798 1211; x_wconf 87' lang='lat' dir='ltr'>manus</span> <span class='ocrx_word' id='word_1_116' title='bbox 819 1172 1038 1223; x_wconf 89' lang='lat' dir='ltr'>expertus</span> <span class='ocrx_word' id='word_1_117' title='bbox 1058 1169 1143 1221; x_wconf 89' lang='lat' dir='ltr'>sit;</span> <span class='ocrx_word' id='word_1_118' title='bbox 1175 1169 1343 1224; x_wconf 91' lang='lat' dir='ltr'>quippe</span> <span class='ocrx_word' id='word_1_119' title='bbox 1371 1170 1416 1212; x_wconf 91' lang='lat' dir='ltr'>in</span> <span class='ocrx_word' id='word_1_120' title='bbox 1437 1169 1667 1213; x_wconf 80' lang='lat' dir='ltr'>contextu</span> 
     </span>
     <span class='ocr_line' id='line_1_16' title="bbox 200 1235 1667 1291; baseline 0.001 -13"><span class='ocrx_word' id='word_1_121' title='bbox 200 1235 337 1291; x_wconf 87' lang='lat' dir='ltr'>hujus</span> <span class='ocrx_word' id='word_1_122' title='bbox 370 1237 594 1279; x_wconf 87' lang='lat' dir='ltr'>Editionis</span> <span class='ocrx_word' id='word_1_123' title='bbox 625 1237 762 1279; x_wconf 91' lang='lat' dir='ltr'>habes</span> <span class='ocrx_word' id='word_1_124' title='bbox 792 1237 1066 1279; x_wconf 88' lang='lat' dir='ltr'>certissimas</span> <span class='ocrx_word' id='word_1_125' title='bbox 1100 1236 1439 1279; x_wconf 89' lang='lat' dir='ltr'>Emendationes</span> <span class='ocrx_word' id='word_1_126' title='bbox 1474 1238 1667 1280; x_wconf 87' lang='lat' dir='ltr'>virorum</span> 
     </span>
     <span class='ocr_line' id='line_1_17' title="bbox 203 1303 1666 1360; baseline 0.002 -15"><span class='ocrx_word' id='word_1_127' title='bbox 203 1303 263 1346; x_wconf 85' lang='lat' dir='ltr'>ad</span> <span class='ocrx_word' id='word_1_128' title='bbox 283 1304 507 1346; x_wconf 89' lang='lat' dir='ltr'>minimum</span> <span class='ocrx_word' id='word_1_129' title='bbox 527 1305 825 1360; x_wconf 89' lang='lat' dir='ltr'>quadraginta</span> <span class='ocrx_word' id='word_1_130' title='bbox 856 1303 902 1345; x_wconf 91' lang='lat' dir='ltr'>in</span> <span class='ocrx_word' id='word_1_131' title='bbox 930 1317 977 1345; x_wconf 90' lang='lat' dir='ltr'>re</span> <span class='ocrx_word' id='word_1_132' title='bbox 1008 1304 1202 1346; x_wconf 89' lang='lat' dir='ltr'>literaria</span> <span class='ocrx_word' id='word_1_133' title='bbox 1233 1305 1505 1359; x_wconf 87' lang='lat' dir='ltr'>Principum.</span> <span class='ocrx_word' id='word_1_134' title='bbox 1565 1305 1666 1348; x_wconf 88' lang='lat' dir='ltr'>Nec</span> 
     </span>
     <span class='ocr_line' id='line_1_18' title="bbox 200 1371 1665 1426; baseline 0.001 -13"><span class='ocrx_word' id='word_1_135' title='bbox 200 1374 364 1423; x_wconf 88' lang='lat' dir='ltr'>tamen,</span> <span class='ocrx_word' id='word_1_136' title='bbox 386 1377 434 1415; x_wconf 89' lang='lat' dir='ltr'>ut</span> <span class='ocrx_word' id='word_1_137' title='bbox 453 1374 561 1414; x_wconf 88' lang='lat' dir='ltr'>mihi</span> <span class='ocrx_word' id='word_1_138' title='bbox 583 1373 768 1422; x_wconf 88' lang='lat' dir='ltr'>videtur,</span> <span class='ocrx_word' id='word_1_139' title='bbox 792 1371 1023 1414; x_wconf 86' lang='lat' dir='ltr'>dimidiam</span> <span class='ocrx_word' id='word_1_140' title='bbox 1043 1377 1217 1426; x_wconf 89' lang='lat' dir='ltr'>partem</span> <span class='ocrx_word' id='word_1_141' title='bbox 1235 1372 1492 1415; x_wconf 89' lang='lat' dir='ltr'>mendorum</span> <span class='ocrx_word' id='word_1_142' title='bbox 1511 1373 1665 1415; x_wconf 87' lang='lat' dir='ltr'>abstu-</span> 
     </span>
     <span class='ocr_line' id='line_1_19' title="bbox 199 1439 1667 1496; baseline 0 -15"><span class='ocrx_word' id='word_1_143' title='bbox 199 1439 359 1490; x_wconf 89' lang='lat' dir='ltr'>lerunt,</span> <span class='ocrx_word' id='word_1_144' title='bbox 389 1444 468 1482; x_wconf 90' lang='lat' dir='ltr'>aut</span> <span class='ocrx_word' id='word_1_145' title='bbox 495 1441 697 1482; x_wconf 90' lang='lat' dir='ltr'>locorum</span> <span class='ocrx_word' id='word_1_146' title='bbox 732 1439 980 1483; x_wconf 89' lang='lat' dir='ltr'>difficilium</span> <span class='ocrx_word' id='word_1_147' title='bbox 1006 1440 1310 1494; x_wconf 84' lang='lat' dir='ltr'>explicarunt:</span> <span class='ocrx_word' id='word_1_148' title='bbox 1358 1439 1475 1481; x_wconf 90' lang='lat' dir='ltr'>unde</span> <span class='ocrx_word' id='word_1_149' title='bbox 1508 1452 1667 1496; x_wconf 85' lang='lat' dir='ltr'>magno</span> 
     </span>
     <span class='ocr_line' id='line_1_20' title="bbox 202 1507 1667 1563; baseline -0.001 -14"><span class='ocrx_word' id='word_1_150' title='bbox 202 1508 383 1549; x_wconf 86' lang='lat' dir='ltr'>emerim</span> <span class='ocrx_word' id='word_1_151' title='bbox 404 1509 533 1559; x_wconf 90' lang='lat' dir='ltr'>scire,</span> <span class='ocrx_word' id='word_1_152' title='bbox 554 1508 718 1562; x_wconf 89' lang='lat' dir='ltr'>quibus</span> <span class='ocrx_word' id='word_1_153' title='bbox 737 1507 992 1550; x_wconf 85' lang='lat' dir='ltr'>rationibus</span> <span class='ocrx_word' id='word_1_154' title='bbox 1014 1507 1101 1549; x_wconf 90' lang='lat' dir='ltr'>sibi</span> <span class='ocrx_word' id='word_1_155' title='bbox 1122 1507 1237 1562; x_wconf 87' lang='lat' dir='ltr'>ipsi-s</span> <span class='ocrx_word' id='word_1_156' title='bbox 1266 1507 1556 1563; x_wconf 84' lang='lat' dir='ltr'>imposuerint</span> <span class='ocrx_word' id='word_1_157' title='bbox 1584 1507 1667 1550; x_wconf 89' lang='lat' dir='ltr'>viri</span> 
     </span>
     <span class='ocr_line' id='line_1_21' title="bbox 199 1573 1668 1630; baseline 0.002 -15"><span class='ocrx_word' id='word_1_158' title='bbox 199 1574 247 1615; x_wconf 85' lang='lat' dir='ltr'>in</span> <span class='ocrx_word' id='word_1_159' title='bbox 268 1574 368 1618; x_wconf 88' lang='lat' dir='ltr'>aliis</span> <span class='ocrx_word' id='word_1_160' title='bbox 404 1573 678 1617; x_wconf 88' lang='lat' dir='ltr'>Auctoribus</span> <span class='ocrx_word' id='word_1_161' title='bbox 711 1575 1122 1630; x_wconf 80' lang='lat' dir='ltr'>perspicacissimi3</span> <span class='ocrx_word' id='word_1_162' title='bbox 1163 1575 1234 1617; x_wconf 86' lang='lat' dir='ltr'>vel</span> <span class='ocrx_word' id='word_1_163' title='bbox 1263 1588 1354 1630; x_wconf 89' lang='lat' dir='ltr'>quo</span> <span class='ocrx_word' id='word_1_164' title='bbox 1381 1576 1515 1618; x_wconf 89' lang='lat' dir='ltr'>modo</span> <span class='ocrx_word' id='word_1_165' title='bbox 1533 1576 1668 1618; x_wconf 84' lang='lat' dir='ltr'>inter-</span> 
     </span>
     <span class='ocr_line' id='line_1_22' title="bbox 199 1642 1666 1697; baseline 0.001 -14"><span class='ocrx_word' id='word_1_166' title='bbox 199 1643 411 1696; x_wconf 88' lang='lat' dir='ltr'>pretaturi</span> <span class='ocrx_word' id='word_1_167' title='bbox 432 1642 594 1684; x_wconf 86' lang='lat' dir='ltr'>fuerint</span> <span class='ocrx_word' id='word_1_168' title='bbox 614 1647 679 1683; x_wconf 89' lang='lat' dir='ltr'>ter</span> <span class='ocrx_word' id='word_1_169' title='bbox 699 1646 875 1684; x_wconf 89' lang='lat' dir='ltr'>centum</span> <span class='ocrx_word' id='word_1_170' title='bbox 895 1642 1000 1684; x_wconf 86' lang='lat' dir='ltr'>loca</span> <span class='ocrx_word' id='word_1_171' title='bbox 1017 1655 1118 1697; x_wconf 80' lang='lat' dir='ltr'>quae</span> <span class='ocrx_word' id='word_1_172' title='bbox 1138 1655 1199 1684; x_wconf 86' lang='lat' dir='ltr'>ex</span> <span class='ocrx_word' id='word_1_173' title='bbox 1218 1642 1288 1684; x_wconf 89' lang='lat' dir='ltr'>his</span> <span class='ocrx_word' id='word_1_174' title='bbox 1310 1642 1462 1697; x_wconf 83' lang='lat' dir='ltr'>Sylvis</span> <span class='ocrx_word' id='word_1_175' title='bbox 1482 1655 1666 1697; x_wconf 89' lang='lat' dir='ltr'>possem</span> 
     </span>
     <span class='ocr_line' id='line_1_23' title="bbox 200 1709 1522 1764; baseline 0.001 -13"><span class='ocrx_word' id='word_1_176' title='bbox 200 1722 461 1764; x_wconf 85' lang='lat' dir='ltr'>proponere,</span> <span class='ocrx_word' id='word_1_177' title='bbox 481 1713 524 1751; x_wconf 92' lang='lat' dir='ltr'>et</span> <span class='ocrx_word' id='word_1_178' title='bbox 543 1719 730 1764; x_wconf 89' lang='lat' dir='ltr'>quorum</span> <span class='ocrx_word' id='word_1_179' title='bbox 751 1709 818 1751; x_wconf 92' lang='lat' dir='ltr'>illi</span> <span class='ocrx_word' id='word_1_180' title='bbox 838 1709 1007 1750; x_wconf 91' lang='lat' dir='ltr'>nullam</span> <span class='ocrx_word' id='word_1_181' title='bbox 1028 1711 1240 1751; x_wconf 86' lang='lat' dir='ltr'>rationem</span> <span class='ocrx_word' id='word_1_182' title='bbox 1256 1709 1522 1752; x_wconf 88' lang='lat' dir='ltr'>habuerunt.</span> 
     </span>
    </p>

    <p class='ocr_par' dir='ltr' id='par_1_3' title="bbox 200 1776 1667 2440">
     <span class='ocr_line' id='line_1_24' title="bbox 261 1776 1666 1831; baseline 0.001 -12"><span class='ocrx_word' id='word_1_183' title='bbox 261 1777 374 1819; x_wconf 89' lang='lat' dir='ltr'>Cum</span> <span class='ocrx_word' id='word_1_184' title='bbox 405 1777 596 1830; x_wconf 91' lang='lat' dir='ltr'>primum</span> <span class='ocrx_word' id='word_1_185' title='bbox 625 1776 709 1818; x_wconf 88' lang='lat' dir='ltr'>hoc</span> <span class='ocrx_word' id='word_1_186' title='bbox 741 1789 857 1831; x_wconf 91' lang='lat' dir='ltr'>opus</span> <span class='ocrx_word' id='word_1_187' title='bbox 889 1789 1124 1830; x_wconf 78' lang='lat' dir='ltr'>aggressus</span> <span class='ocrx_word' id='word_1_188' title='bbox 1152 1790 1288 1828; x_wconf 90' lang='lat' dir='ltr'>eram,</span> <span class='ocrx_word' id='word_1_189' title='bbox 1315 1777 1374 1819; x_wconf 84' lang='lat' dir='ltr'>ad</span> <span class='ocrx_word' id='word_1_190' title='bbox 1394 1790 1553 1820; x_wconf 87' lang='lat' dir='ltr'>manus</span> <span class='ocrx_word' id='word_1_191' title='bbox 1572 1779 1666 1821; x_wconf 83' lang='lat' dir='ltr'>fue—</span> 
     </span>
     <span class='ocr_line' id='line_1_25' title="bbox 200 1842 1667 1901; baseline 0.003 -15"><span class='ocrx_word' id='word_1_192' title='bbox 200 1849 304 1886; x_wconf 79' lang='lat' dir='ltr'>runt</span> <span class='ocrx_word' id='word_1_193' title='bbox 326 1843 558 1886; x_wconf 87' lang='lat' dir='ltr'>Editiones</span> <span class='ocrx_word' id='word_1_194' title='bbox 591 1842 741 1899; x_wconf 88' lang='lat' dir='ltr'>(Libri</span> <span class='ocrx_word' id='word_1_195' title='bbox 771 1844 889 1886; x_wconf 91' lang='lat' dir='ltr'>enim</span> <span class='ocrx_word' id='word_1_196' title='bbox 925 1843 1037 1886; x_wconf 88' lang='lat' dir='ltr'>Mss.</span> <span class='ocrx_word' id='word_1_197' title='bbox 1068 1845 1115 1886; x_wconf 89' lang='lat' dir='ltr'>in</span> <span class='ocrx_word' id='word_1_198' title='bbox 1146 1845 1379 1888; x_wconf 86' lang='lat' dir='ltr'>Britannia</span> <span class='ocrx_word' id='word_1_199' title='bbox 1410 1845 1542 1901; x_wconf 92' lang='lat' dir='ltr'>nulli)</span> <span class='ocrx_word' id='word_1_200' title='bbox 1561 1860 1667 1901; x_wconf 79' lang='lat' dir='ltr'>quae</span> 
     </span>
     <span class='ocr_line' id='line_1_26' title="bbox 202 1910 1666 1966; baseline 0.001 -12"><span class='ocrx_word' id='word_1_201' title='bbox 202 1912 334 1966; x_wconf 86' lang='lat' dir='ltr'>vulgo</span> <span class='ocrx_word' id='word_1_202' title='bbox 354 1912 574 1954; x_wconf 85' lang='lat' dir='ltr'>habentur</span> <span class='ocrx_word' id='word_1_203' title='bbox 593 1911 992 1966; x_wconf 80' lang='lat' dir='ltr'>praestantissimae,</span> <span class='ocrx_word' id='word_1_204' title='bbox 1014 1910 1122 1953; x_wconf 92' lang='lat' dir='ltr'>Aldi</span> <span class='ocrx_word' id='word_1_205' title='bbox 1142 1911 1230 1954; x_wconf 90' lang='lat' dir='ltr'>An.</span> <span class='ocrx_word' id='word_1_206' title='bbox 1253 1923 1382 1954; x_wconf 81' lang='lat' dir='ltr'>Mon.</span> <span class='ocrx_word' id='word_1_207' title='bbox 1432 1912 1666 1965; x_wconf 66' lang='lat' dir='ltr'>Gronovii,</span> 
     </span>
     <span class='ocr_line' id='line_1_27' title="bbox 201 1979 1665 2031; baseline 0.001 -9"><span class='ocrx_word' id='word_1_208' title='bbox 201 1979 418 2030; x_wconf 88' lang='lat' dir='ltr'>Gevartii,</span> <span class='ocrx_word' id='word_1_209' title='bbox 451 1980 684 2029; x_wconf 89' lang='lat' dir='ltr'>Bemartii,</span> <span class='ocrx_word' id='word_1_210' title='bbox 715 1979 894 2030; x_wconf 89' lang='lat' dir='ltr'>Crucei,</span> <span class='ocrx_word' id='word_1_211' title='bbox 927 1979 1155 2030; x_wconf 87' lang='lat' dir='ltr'>Grasseri,</span> <span class='ocrx_word' id='word_1_212' title='bbox 1186 1979 1446 2031; x_wconf 88' lang='lat' dir='ltr'>Veenhusii,</span> <span class='ocrx_word' id='word_1_213' title='bbox 1485 1985 1530 2023; x_wconf 90' lang='lat' dir='ltr'>et</span> <span class='ocrx_word' id='word_1_214' title='bbox 1558 1981 1665 2024; x_wconf 80' lang='lat' dir='ltr'>aliae</span> 
     </span>
     <span class='ocr_line' id='line_1_28' title="bbox 201 2046 1662 2101; baseline 0.002 -13"><span class='ocrx_word' id='word_1_215' title='bbox 201 2047 421 2089; x_wconf 90' lang='lat' dir='ltr'>minorum</span> <span class='ocrx_word' id='word_1_216' title='bbox 440 2048 658 2100; x_wconf 89' lang='lat' dir='ltr'>gentium:</span> <span class='ocrx_word' id='word_1_217' title='bbox 690 2047 958 2101; x_wconf 83' lang='lat' dir='ltr'>Tiliobrogae</span> <span class='ocrx_word' id='word_1_218' title='bbox 975 2060 1150 2101; x_wconf 90' lang='lat' dir='ltr'>quoque</span> <span class='ocrx_word' id='word_1_219' title='bbox 1167 2046 1406 2090; x_wconf 85' lang='lat' dir='ltr'>Variantes</span> <span class='ocrx_word' id='word_1_220' title='bbox 1426 2048 1662 2093; x_wconf 80' lang='lat' dir='ltr'>Lectiones</span> 
     </span>
     <span class='ocr_line' id='line_1_29' title="bbox 202 2113 1665 2169; baseline 0.001 -13"><span class='ocrx_word' id='word_1_221' title='bbox 202 2114 383 2156; x_wconf 89' lang='lat' dir='ltr'>Veteris</span> <span class='ocrx_word' id='word_1_222' title='bbox 404 2113 600 2165; x_wconf 87' lang='lat' dir='ltr'>Codicis,</span> <span class='ocrx_word' id='word_1_223' title='bbox 622 2115 699 2169; x_wconf 92' lang='lat' dir='ltr'>qui</span> <span class='ocrx_word' id='word_1_224' title='bbox 719 2115 766 2156; x_wconf 88' lang='lat' dir='ltr'>in</span> <span class='ocrx_word' id='word_1_225' title='bbox 793 2115 1022 2169; x_wconf 88' lang='lat' dir='ltr'>plerisque</span> <span class='ocrx_word' id='word_1_226' title='bbox 1052 2126 1155 2157; x_wconf 84' lang='lat' dir='ltr'>cum</span> <span class='ocrx_word' id='word_1_227' title='bbox 1185 2115 1307 2158; x_wconf 89' lang='lat' dir='ltr'>Edit.</span> <span class='ocrx_word' id='word_1_228' title='bbox 1327 2115 1460 2158; x_wconf 90' lang='lat' dir='ltr'>Rom.</span> <span class='ocrx_word' id='word_1_229' title='bbox 1478 2129 1665 2158; x_wconf 88' lang='lat' dir='ltr'>consen-</span> 
     </span>
     <span class='ocr_line' id='line_1_30' title="bbox 201 2182 1663 2236; baseline 0.001 -12"><span class='ocrx_word' id='word_1_230' title='bbox 201 2183 268 2224; x_wconf 86' lang='lat' dir='ltr'>tit.</span> <span class='ocrx_word' id='word_1_231' title='bbox 328 2182 549 2224; x_wconf 84' lang='lat' dir='ltr'>Gronovii</span> <span class='ocrx_word' id='word_1_232' title='bbox 582 2182 786 2224; x_wconf 89' lang='lat' dir='ltr'>Diatribe</span> <span class='ocrx_word' id='word_1_233' title='bbox 824 2182 1131 2236; x_wconf 86' lang='lat' dir='ltr'>suppeditavit</span> <span class='ocrx_word' id='word_1_234' title='bbox 1170 2183 1410 2225; x_wconf 87' lang='lat' dir='ltr'>Lectiones</span> <span class='ocrx_word' id='word_1_235' title='bbox 1445 2182 1663 2227; x_wconf 85' lang='lat' dir='ltr'>Codicum</span> 
     </span>
     <span class='ocr_line' id='line_1_31' title="bbox 202 2249 1663 2300; baseline 0.003 -10"><span class='ocrx_word' id='word_1_236' title='bbox 202 2250 415 2291; x_wconf 89' lang='lat' dir='ltr'>Senensis</span> <span class='ocrx_word' id='word_1_237' title='bbox 436 2255 482 2291; x_wconf 88' lang='lat' dir='ltr'>et</span> <span class='ocrx_word' id='word_1_238' title='bbox 505 2250 767 2300; x_wconf 90' lang='lat' dir='ltr'>Florentini,</span> <span class='ocrx_word' id='word_1_239' title='bbox 796 2253 841 2291; x_wconf 90' lang='lat' dir='ltr'>et</span> <span class='ocrx_word' id='word_1_240' title='bbox 870 2249 1133 2292; x_wconf 88' lang='lat' dir='ltr'>Editionum</span> <span class='ocrx_word' id='word_1_241' title='bbox 1162 2250 1297 2292; x_wconf 86' lang='lat' dir='ltr'>Rom.</span> <span class='ocrx_word' id='word_1_242' title='bbox 1326 2255 1374 2292; x_wconf 92' lang='lat' dir='ltr'>et</span> <span class='ocrx_word' id='word_1_243' title='bbox 1402 2250 1582 2294; x_wconf 78' lang='lat' dir='ltr'>Aldinae</span> <span class='ocrx_word' id='word_1_244' title='bbox 1616 2258 1663 2295; x_wconf 92' lang='lat' dir='ltr'>et</span> 
     </span>
     <span class='ocr_line' id='line_1_32' title="bbox 202 2316 1663 2374; baseline 0.002 -16"><span class='ocrx_word' id='word_1_245' title='bbox 202 2316 388 2359; x_wconf 86' lang='lat' dir='ltr'>Venetae</span> <span class='ocrx_word' id='word_1_246' title='bbox 411 2328 658 2360; x_wconf 82' lang='lat' dir='ltr'>Mccccxc.</span> <span class='ocrx_word' id='word_1_247' title='bbox 718 2319 790 2360; x_wconf 93' lang='lat' dir='ltr'>De</span> <span class='ocrx_word' id='word_1_248' title='bbox 811 2318 976 2372; x_wconf 90' lang='lat' dir='ltr'>quibus</span> <span class='ocrx_word' id='word_1_249' title='bbox 996 2319 1121 2360; x_wconf 89' lang='lat' dir='ltr'>libris</span> <span class='ocrx_word' id='word_1_250' title='bbox 1141 2318 1222 2368; x_wconf 88' lang='lat' dir='ltr'>ait,</span> <span class='ocrx_word' id='word_1_251' title='bbox 1250 2317 1453 2374; x_wconf 86' lang='lat' dir='ltr'>(Praefat.</span> <span class='ocrx_word' id='word_1_252' title='bbox 1474 2318 1532 2360; x_wconf 90' lang='lat' dir='ltr'>ad</span> <span class='ocrx_word' id='word_1_253' title='bbox 1556 2319 1663 2362; x_wconf 86' lang='lat' dir='ltr'>Dia-</span> 
     </span>
     <span class='ocr_line' id='line_1_33' title="bbox 202 2384 1662 2440; baseline 0.003 -15"><span class='ocrx_word' id='word_1_254' title='bbox 202 2384 387 2439; x_wconf 85' lang='lat' dir='ltr'>triben.)</span> <span class='ocrx_word' id='word_1_255' title='bbox 443 2388 457 2406; x_wconf 94' lang='lat'>‘</span> <span class='ocrx_word' id='word_1_256' title='bbox 476 2386 538 2427; x_wconf 93' lang='lat' dir='ltr'>Se</span> <span class='ocrx_word' id='word_1_257' title='bbox 571 2399 744 2428; x_wconf 89' lang='lat' dir='ltr'>summa</span> <span class='ocrx_word' id='word_1_258' title='bbox 775 2399 879 2428; x_wconf 89' lang='lat' dir='ltr'>cum</span> <span class='ocrx_word' id='word_1_259' title='bbox 909 2385 1141 2440; x_wconf 89' lang='lat' dir='ltr'>diligentia</span> <span class='ocrx_word' id='word_1_260' title='bbox 1169 2398 1250 2427; x_wconf 88' lang='lat' dir='ltr'>eos</span> <span class='ocrx_word' id='word_1_261' title='bbox 1280 2385 1536 2436; x_wconf 86' lang='lat' dir='ltr'>contulisse,</span> <span class='ocrx_word' id='word_1_262' title='bbox 1558 2400 1662 2430; x_wconf 90' lang='lat' dir='ltr'>cum</span> 
     </span>
    </p>
   </div>
   <div class='ocr_carea' id='block_1_3' title="bbox 204 2452 1753 2508">
    <p class='ocr_par' dir='ltr' id='par_1_4' title="bbox 204 2452 1753 2508">
     <span class='ocr_line' id='line_1_34' title="bbox 204 2452 1753 2508; baseline 0.003 -14"><span class='ocrx_word' id='word_1_263' title='bbox 204 2452 414 2506; x_wconf 85' lang='lat' dir='ltr'>religione</span> <span class='ocrx_word' id='word_1_264' title='bbox 443 2455 489 2494; x_wconf 92' lang='lat' dir='ltr'>et</span> <span class='ocrx_word' id='word_1_265' title='bbox 517 2452 604 2494; x_wconf 92' lang='lat' dir='ltr'>fide</span> <span class='ocrx_word' id='word_1_266' title='bbox 632 2454 803 2508; x_wconf 89' lang='lat' dir='ltr'>optima</span> <span class='ocrx_word' id='word_1_267' title='bbox 832 2453 997 2495; x_wconf 67' lang='lat' dir='ltr'>citare:</span> <span class='ocrx_word' id='word_1_268' title='bbox 1052 2452 1186 2495; x_wconf 89' lang='lat' dir='ltr'>Anno</span> <span class='ocrx_word' id='word_1_269' title='bbox 1218 2453 1345 2496; x_wconf 77' lang='lat'><strong>1653.</strong></span> <span class='ocrx_word' id='word_1_270' title='bbox 1373 2453 1494 2495; x_wconf 89' lang='lat' dir='ltr'>idem</span> <span class='ocrx_word' id='word_1_271' title='bbox 1520 2454 1664 2498; x_wconf 87' lang='lat' dir='ltr'>edidit</span> <span class='ocrx_word' id='word_1_272' title='bbox 1747 2462 1753 2467; x_wconf 83' lang='grc'><strong>”</strong></span> 
     </span>
    </p>
   </div>
   <div class='ocr_carea' id='block_1_4' title="bbox 205 2519 1662 2843">
    <p class='ocr_par' dir='ltr' id='par_1_5' title="bbox 205 2519 1662 2843">
     <span class='ocr_line' id='line_1_35' title="bbox 205 2519 1662 2576; baseline 0.002 -15"><span class='ocrx_word' id='word_1_273' title='bbox 205 2519 414 2569; x_wconf 86' lang='lat' dir='ltr'>Statium,</span> <span class='ocrx_word' id='word_1_274' title='bbox 435 2525 479 2562; x_wconf 88' lang='lat' dir='ltr'>et</span> <span class='ocrx_word' id='word_1_275' title='bbox 497 2533 589 2562; x_wconf 88' lang='lat' dir='ltr'>una</span> <span class='ocrx_word' id='word_1_276' title='bbox 607 2534 710 2563; x_wconf 92' lang='lat' dir='ltr'>cum</span> <span class='ocrx_word' id='word_1_277' title='bbox 729 2522 809 2563; x_wconf 92' lang='lat' dir='ltr'>illo</span> <span class='ocrx_word' id='word_1_278' title='bbox 831 2520 1025 2575; x_wconf 86' lang='lat' dir='ltr'>Reliqua</span> <span class='ocrx_word' id='word_1_279' title='bbox 1053 2522 1111 2563; x_wconf 90' lang='lat' dir='ltr'>ad</span> <span class='ocrx_word' id='word_1_280' title='bbox 1141 2521 1332 2576; x_wconf 84' lang='lat' dir='ltr'>Sylvas:</span> <span class='ocrx_word' id='word_1_281' title='bbox 1372 2521 1470 2564; x_wconf 87' lang='lat' dir='ltr'>haec</span> <span class='ocrx_word' id='word_1_282' title='bbox 1490 2522 1662 2576; x_wconf 87' lang='lat' dir='ltr'>praebe-</span> 
     </span>
     <span class='ocr_line' id='line_1_36' title="bbox 205 2586 1662 2643; baseline 0.002 -15"><span class='ocrx_word' id='word_1_283' title='bbox 205 2588 314 2629; x_wconf 89' lang='lat' dir='ltr'>bant</span> <span class='ocrx_word' id='word_1_284' title='bbox 332 2586 589 2629; x_wconf 82' lang='lat' dir='ltr'>Varietates</span> <span class='ocrx_word' id='word_1_285' title='bbox 607 2589 845 2630; x_wconf 90' lang='lat' dir='ltr'>nonnullas</span> <span class='ocrx_word' id='word_1_286' title='bbox 875 2589 1069 2643; x_wconf 89' lang='lat' dir='ltr'>optimas</span> <span class='ocrx_word' id='word_1_287' title='bbox 1099 2589 1284 2631; x_wconf 87' lang='lat' dir='ltr'>duomm</span> <span class='ocrx_word' id='word_1_288' title='bbox 1315 2588 1496 2631; x_wconf 81' lang='lat' dir='ltr'>aliorum</span> <span class='ocrx_word' id='word_1_289' title='bbox 1527 2588 1662 2631; x_wconf 89' lang='lat' dir='ltr'>Codi-</span> 
     </span>
     <span class='ocr_line' id='line_1_37' title="bbox 207 2654 1661 2711; baseline 0.003 -16"><span class='ocrx_word' id='word_1_290' title='bbox 207 2667 323 2704; x_wconf 90' lang='lat' dir='ltr'>cum,</span> <span class='ocrx_word' id='word_1_291' title='bbox 345 2654 571 2696; x_wconf 89' lang='lat' dir='ltr'>Rhodiani</span> <span class='ocrx_word' id='word_1_292' title='bbox 592 2660 637 2698; x_wconf 90' lang='lat' dir='ltr'>et</span> <span class='ocrx_word' id='word_1_293' title='bbox 673 2656 1041 2711; x_wconf 85' lang='lat' dir='ltr'>Salisburgensis.</span> <span class='ocrx_word' id='word_1_294' title='bbox 1101 2656 1296 2699; x_wconf 89' lang='lat' dir='ltr'>Excussi</span> <span class='ocrx_word' id='word_1_295' title='bbox 1315 2668 1490 2711; x_wconf 90' lang='lat' dir='ltr'>quoque</span> <span class='ocrx_word' id='word_1_296' title='bbox 1511 2655 1661 2699; x_wconf 84' lang='lat' dir='ltr'>Notas</span> 
     </span>
     <span class='ocr_line' id='line_1_38' title="bbox 205 2722 1659 2781; baseline 0.003 -18"><span class='ocrx_word' id='word_1_297' title='bbox 205 2722 399 2763; x_wconf 86' lang='lat' dir='ltr'>omnium</span> <span class='ocrx_word' id='word_1_298' title='bbox 420 2726 641 2778; x_wconf 86' lang='lat' dir='ltr'>quotquot</span> <span class='ocrx_word' id='word_1_299' title='bbox 659 2726 858 2768; x_wconf 88' lang='lat' dir='ltr'>nansisci</span> <span class='ocrx_word' id='word_1_300' title='bbox 879 2728 1091 2780; x_wconf 89' lang='lat' dir='ltr'>poteram,</span> <span class='ocrx_word' id='word_1_301' title='bbox 1113 2726 1190 2781; x_wconf 89' lang='lat' dir='ltr'>qui</span> <span class='ocrx_word' id='word_1_302' title='bbox 1215 2725 1261 2768; x_wconf 89' lang='lat' dir='ltr'>in</span> <span class='ocrx_word' id='word_1_303' title='bbox 1281 2725 1395 2767; x_wconf 88' lang='lat' dir='ltr'>hunc</span> <span class='ocrx_word' id='word_1_304' title='bbox 1416 2723 1659 2768; x_wconf 78' lang='lat' dir='ltr'>Auctorem</span> 
     </span>
     <span class='ocr_line' id='line_1_39' title="bbox 208 2789 526 2843; baseline 0.006 -14"><span class='ocrx_word' id='word_1_305' title='bbox 208 2789 526 2843; x_wconf 81' lang='lat' dir='ltr'>scriptitarunt.</span> 
     </span>
    </p>
   </div>
  </div>
 </body>
</html>
