1800 3060
627 199 905 232 srnvAnmu
939 196 1037 229 Lm.
1061 197 1092 228 1.
1121 188 1165 229 4.

1542 186 1627 229 153

179 298 228 341 H
229 311 312 342 unc
331 309 507 353 quoque
526 308 690 350 perque
709 306 869 336 novem
888 292 1039 335 timuit
1059 291 1329 346 Pamphylia
1346 303 1534 342 messes,

177 366 520 418 Pannoniusque
541 364 680 413 ferox,
699 373 892 416 arcuque
911 359 1125 402 horrenda
1142 359 1293 412 fugaci

174 432 395 482 Armenia,
414 436 462 473 et
480 430 650 485 patiens
670 429 786 471 Latii
798 427 897 482 jam
914 428 1067 482 pontis
1088 425 1279 468 Araxes.

173 547 252 580 bello
263 557 440 589 provocare.
474 546 661 588 Pamphylia
673 554 789 586 qaoque
806 544 969 585 pertinuit
983 544 1071 576 illm
1083 553 1140 584 per
1151 553 1260 575 novem
1273 552 1381 582 annos,
1394 552 1522 583 acer-que
1539 542 1624 573 Pan·

173 590 295 629 utin,
307 593 339 622 et
352 589 504 622 Armenia
519 588 735 629 formidabiIis
750 587 901 627 sug-iente
923 597 1012 627 arcu,
1040 590 1072 618 et
1094 586 1220 618 Araxes
1235 586 1307 625 J'am
1328 587 1464 618 tolerans
1487 585 1624 617 Romani

775 682 894 696 000„ae

395 737 502 777 ermi-
515 747 550 771 e.
558 738 679 777 ingene,
698 740 738 769 ut
750 736 878 769 habent
893 737 1009 769 Parin.
1025 740 1061 768 et
1077 736 1174 768 Rom.
1195 736 1305 775 vigens
1326 735 1479 767 correxit
1505 733 1619 766 Avan

173 738 298 771 Venet.
315 741 347 771 1.
358 740 460 779 igens,

897 682 1015 695 ccccc

170 781 262 812 tina'
252 791 286 812 ιιι
301 779 379 813 Ald.
397 784 428 813 1.
442 780 533 821 quod
548 781 636 812 bene
649 779 803 812 defendit
820 780 939 812 Barth.
952 784 1072 812 contra
1086 779 1211 810 Morel
1227 780 1398 817 legentem
1413 779 1531 817 rigens.
1534 780 1619 808 -77

171 823 293 856 Venet.
308 825 340 856 1.
353 823 470 855 Pmn.
485 828 521 855 et
537 823 633 854 Rom.
649 823 750 854 lenuit
764 823 864 864 Pomp
865 822 967 860 1ιί1ἰα,·
989 821 1093 854 Aldd.
1116 821 1226 853 Colin.
1249 821 1323 862 Gry
1326 821 1382 861 p·h
1397 820 1501 851 Basil.
1516 820 1621 852 Bern.

171 865 398 908 Hndenbrog.
426 865 526 898 Cruc.
551 865 670 898 Barth.
692 865 844 898 Gronov.
843 833 978 897 PVeen.
1004 869 1041 897 et
1056 865 1183 906 Delph.
1208 863 1313 896 ιὶικιιιε
1326 831 1531 904 ΡΡαπιγΙιίΙία.
1534 864 1618 894 -83

818 949 958 984 NOTAE

171 1014 237 1054 cia,
250 1013 344 1055 regio
359 1013 496 1046 minoris
513 1014 618 1054 Asiae,
631 1014 679 1047 sic
695 1015 866 1056 cognomi-

169 1069 252 1096 nata
264 1073 285 1097 a
299 1064 420 1104 Gallis,
430 1066 488 1107 qui
505 1065 553 1097 ibi
569 1065 668 1098 sedes
691 1065 862 1098 fixerunt:

168 1113 264 1155 hujtis
299 1113 422 1147 incolae
451 1119 615 1147 vocantur
642 1115 791 1155 Galate,
825 1125 866 1148 ac

170 1163 388 1206 Gallograeci,
401 1165 492 1207 quod
512 1175 556 1198 ex
577 1165 685 1197 Gallis
710 1167 808 1198 simul
824 1175 864 1198 ac

169 1213 303 1250 Graecis
327 1223 394 1246 uua
417 1224 500 1256 gens
523 1216 700 1255 coaluerit,
721 1216 828 1248 Gallis
844 1226 864 1248 a

168 1263 306 1304 regibus
315 1264 487 1306 Bithyniae
499 1265 533 1297 in
548 1265 746 1298 societatem
764 1276 862 1308 agro·

168 1322 241 1345 rum
255 1313 290 1345 in
306 1313 425 1347 Asiam
441 1315 619 1349 traductis.
649 1317 787 1349 Galatia
801 1318 861 1349 ba·

167 1362 229 1395 bet
238 1363 282 1400 ab
292 1364 439 1397 Oriente
451 1365 706 1407 Cappadociam
717 1367 860 1410 Halym·

166 1423 234 1456 que
247 1413 398 1456 fluvium,
423 1416 466 1448 ab
482 1417 675 1450 Occidente
697 1418 859 1460 Bithynia

166 1469 204 1496 et
218 1464 303 1497 Asia
326 1466 538 1507 terminatur,
559 1477 580 1499 a
604 1467 752 1499 Meridie
779 1477 859 1500 vero

166 1513 379 1557 Pamphylia,
415 1526 436 1548 a
462 1517 714 1558 Septemtrione
746 1518 858 1550 Ponto

166 1564 299 1597 Euxino
321 1565 448 1598 finitur.
497 1567 629 1608 Vigens]
650 1567 768 1600 Editio
791 1569 858 1600 Pa-

166 1614 316 1647 risiensis
351 1616 472 1656 ingens.
523 1617 639 1660 Aliqui
667 1618 777 1658 rigens
810 1620 857 1651 le-

166 1670 263 1706 gunt,
278 1666 358 1708 quia
372 1666 484 1699 Ponto
504 1667 627 1708 vicina,
654 1669 858 1710 ‘Scythicis-

166 1724 234 1757 que
249 1716 415 1748 trionibus
429 1717 549 1757 alget!

205 1767 247 1797 Π
260 1765 462 1808 Pamphylia]
474 1768 679 1811 Pamphylia
692 1770 786 1812 regio
796 1770 858 1803 mi-

161 1815 254 1847 noris
267 1815 371 1853 Asin,
385 1817 477 1850 inter
490 1818 657 1861 Ciliciam,
672 1831 737 1863 qua
751 1823 793 1854 ab
808 1823 858 1854 O·

162 1865 273 1898 riente
282 1865 412 1907 finitur,
426 1873 463 1900 et
477 1869 637 1910 Lyciam:
661 1871 706 1903 ab
720 1872 857 1904 Occasu

160 1913 264 1947 babet
273 1916 423 1958 Lyciam,
434 1922 471 1950 et
481 1917 573 1951 Asiae
582 1922 767 1961 provinciae
781 1933 859 1963 pnr-

162 1967 253 1998 tem:
285 1975 307 1998 a
329 1966 584 2008 septemtrione
609 1971 782 2003 Galatiam
820 1977 857 2005 et

161 2013 434 2056 Cappadociam:
469 2028 490 2050 a
516 2019 663 2052 Meridie
687 2021 855 2054 Mediter-

162 2073 299 2097 raneum
309 2069 516 2109 mare‚quod
531 2069 610 2102 binc
632 2071 643 2088 ‘
657 2071 853 2113 Pamphyli·

161 2114 238 2146 um'
261 2116 398 2149 dicitur.
449 2118 577 2150 Verum
593 2123 674 2152 tunc
688 2123 851 2163 temporis

160 2164 301 2197 Galatas
314 2172 351 2198 et
367 2168 587 2210 Pamphyliae
602 2171 784 2205 rebellasse
807 2174 852 2205 si-

159 2215 232 2248 lent
259 2216 426 2250 Historici
443 2219 724 2263 interpretem-ne,
739 2228 791 2255 -nt
813 2229 851 2256 et

159 2265 364 2300 Pannonios.
408 2269 568 2301 Fortasse
594 2271 687 2303 leves
714 2274 850 2314 quidem

158 2315 323 2348 tumultus
336 2317 478 2349 excitati
501 2323 580 2351 sunt
594 2320 627 2351 in
642 2321 692 2352 his
707 2323 850 2363 regioni-

156 2365 232 2404 bns,
247 2375 331 2407 quos
347 2367 494 2399 Rutilius
507 2372 731 2410 compescuit.

149 2435 175 2442 -·
196 2418 240 2450 78
259 2416 503 2460 Pannoniusque
520 2419 633 2461 ferox]
666 2422 850 2456 Pannones

154 2467 274 2500 incola
289 2468 488 2509 Pannoniae,
501 2479 576 2510 quae
592 2471 781 2505 Ptolemaeo
795 2484 848 2506 re-

154 2518 211 2559 gio
222 2518 365 2559 Europae
375 2518 551 2560 latissima,
560 2521 721 2553 Danubio
730 2533 751 2553 a
762 2523 848 2556 Ger-

153 2569 265 2600 mania
277 2567 320 2600 ad
334 2569 619 2609 septemtrionem
635 2572 765 2604 divisa:
780 2578 849 2605 ter-

153 2618 300 2650 minatur
324 2618 367 2650 ab
391 2618 537 2651 Oriente
560 2620 696 2660 Moesia,
710 2633 786 2664 quae
810 2628 848 2655 et

153 2667 272 2700 Servia
298 2672 337 2700 et
363 2669 547 2710 Balgatia:
582 2670 627 2702 ab
652 2671 846 2706 Occidente

154 2716 299 2750 Norico:
321 2728 342 2749 a
356 2717 516 2759 Meridie,
531 2718 659 2752 Istrum
679 2731 788 2764 usque
810 2727 846 2755 et

919 1015 1097 1058 Illyricum
1112 1018 1264 1047 extensa.
1296 1011 1525 1045 Dividebatur
1537 1012 1616 1044 olim

917 1068 952 1099 iu
967 1067 1189 1108 superiorem,
1204 1075 1279 1107 quae
1296 1073 1375 1105 pars
1390 1062 1490 1094 hodie
1505 1062 1617 1103 Scyria

917 1121 949 1150 et
962 1117 1096 1149 Aueria
1111 1120 1268 1155 vocatur,
1284 1119 1390 1155 caput
1411 1113 1539 1145 habens
1557 1113 1617 1144 vi-

917 1177 1039 1200 ennam
1067 1166 1295 1199 firmissimum
1318 1163 1412 1196 orbis
1431 1162 1617 1195 Christiani

917 1216 1231 1259 propugnaculum:
1254 1218 1291 1246 et
1312 1212 1521 1251 inferiorem,
1536 1221 1614 1254 quae

916 1277 995 1309 pars
1011 1267 1112 1300 hodie
1126 1267 1199 1299 fere
1215 1275 1282 1298 uuo
1295 1264 1431 1296 nomine
1446 1262 1616 1304 Han-goia

915 1318 1051 1351 dicitur.

955 1371 998 1400 ⁷9
1018 1367 1188 1409 Armenia]
1217 1365 1380 1398 Armenia
1400 1365 1496 1406 regio
1517 1363 1612 1396 Asiae

914 1418 1005 1450 inter
1018 1419 1168 1450 Taurum
1190 1422 1228 1449 et
1251 1418 1445 1450 Caucasum
1459 1418 1613 1454 montes;

913 1479 933 1501 a
947 1469 1168 1510 Cappadocia
1186 1477 1294 1510 usqne
1319 1466 1362 1499 ad
1378 1476 1474 1498 mare
1493 1465 1614 1507 Caspi·

911 1530 967 1552 um
982 1528 1182 1555 excurrens,
1209 1518 1252 1550 ab
1277 1517 1431 1550 Armeno
1453 1516 1614 1548 Thessalo

910 1569 1047 1602 Jasonis
1073 1568 1199 1601 comite
1219 1568 1271 1600 sic
1290 1567 1476 1609 appellata,
1500 1571 1540 1598 nt
1561 1567 1613 1599 ait

910 1620 1046 1652 Strabo.
1098 1619 1142 1651 In
1169 1619 1333 1660 majorem
1363 1622 1401 1650 et
1444 1617 1612 1649 minorem

911 1670 1091 1709 dividitur,
1114 1678 1256 1712 quarum
1283 1672 1401 1710 partes
1415 1668 1459 1700 ab
1474 1668 1610 1700 Ortelio

911 1721 1096 1762 diligenter
1111 1729 1155 1752 ex
1171 1719 1352 1751 Eustathio
1376 1718 1532 1750 collecta!
1556 1727 1611 1749 re-

912 1774 1106 1802 censentur.
1150 1771 1262 1802 Porro
1287 1774 1443 1810 tempore
1459 1769 1608 1802 Neronis

911 1831 966 1853 res
991 1821 1026 1853 iu
1047 1821 1212 1854 Armenia
1237 1820 1387 1853 turbatae
1412 1824 1506 1861 sunt,
1529 1820 1608 1852 hinc

912 1871 1083 1911 Romanis,
1095 1871 1174 1903 hinc
1188 1870 1330 1902 Parthis
1351 1879 1426 1902 eam
1450 1869 1516 1902 sibi
1538 1870 1607 1902 vin-

910 1921 1117 1962 dicantibus,
1132 1931 1172 1954 ae
1186 1921 1236 1953 illi
1251 1920 1335 1952 dare
1358 1930 1476 1962 regem
1490 1921 1607 1953 volen-

909 1971 1012 2004 tibus.
1055 1971 1125 2004 Sed
1149 1972 1277 2003 virtute
1295 1971 1496 2003 Corbulonis
1514 1980 1606 2003 com-

907 2022 1017 2063 pressi
1045 2022 1179 2061 Parthi,
1216 2021 1395 2063 victusque
1422 2021 1608 2061 Tiridates,

906 2082 1007 2114 quem
1022 2073 1143 2104 Parthi
1158 2081 1273 2113 regem
1284 2071 1457 2103 Armeniae
1467 2081 1606 2104 creave-

906 2128 1009 2162 rant;
1040 2123 1179 2166 quique,
1204 2122 1363 2164 deposito
1389 2123 1433 2154 ad
1456 2122 1606 2164 effigiem

906 2173 1054 2205 Neronis
1069 2173 1275 2212 diademate,
1299 2172 1383 2204 illud
1410 2173 1527 2204 Romae
1550 2182 1604 2204 re·

903 2224 1023 2255 sumsit
1033 2233 1053 2255 a
1069 2224 1208 2256 Nerone
1219 2223 1284 2254 sibi
1298 2222 1504 2263 impositum.
1527 2222 1604 2255 Hu-

898 2274 998 2315 jusce
1013 2275 1094 2307 belli
1110 2279 1242 2315 partein
1269 2273 1439 2315 quandam
1462 2274 1605 2314 gessisse

904 2324 1067 2356 Rutilium
1102 2324 1272 2356 Gallicum
1307 2323 1370 2355 sub
1406 2323 1601 2356 Corbulone

903 2374 1081 2415 probabile
1105 2378 1171 2406 est.
1212 2373 1303 2405 Vide
1328 2374 1485 2406 Tacitum
1509 2373 1601 2408 Ann.

904 2433 970 2455 xv.
1014 2424 1155 2456 Dicitur
1175 2423 1327 2455 Δηιιειιία
1350 2424 1503 2455 horrenda
1526 2434 1602 2455 arcu

895 2473 1022 2513 fugaci,
1036 2473 1117 2515 quia
1129 2473 1282 2504 Armenii
1296 2473 1485 2514 sagittandi
1509 2474 1599 2515 peri-

903 2524 1037 2555 tissimi.
1082 2523 1183 2555 More
1198 2523 1402 2555 Parthorum
1418 2534 1459 2555 ac
1475 2523 1598 2556 Orien·

902 2574 1023 2605 talium
1030 2573 1232 2614 populorum
1247 2573 1367 2614 fugere
1378 2574 1598 2611 simulabant,

899 2629 940 2655 ut
950 2624 999 2655 sic
1011 2623 1240 2655 distraherent
1252 2623 1382 2662 hostes,
1398 2623 1598 2665 reversique

900 2672 944 2705 ad
959 2683 1106 2714 pugnam
1119 2672 1252 2706 facilius
1272 2682 1331 2705 eos
1356 2672 1597 2714 profligabant.

899 2725 1000 2756 Unde
1026 2723 1154 2756 dicitur
1190 2725 1327 2766 ‘pugna
1353 2723 1478 2765 fugax’
1507 2724 1596 2756 Boi·-
