1800 3060
220 192 307 235 272
721 204 762 236 P.
797 206 987 238 PAP1N11
1022 207 1187 240 srA‘rn

451 298 571 342 Dum
593 302 667 355 qui
688 314 771 343 vos
787 304 985 356 geminas
1009 305 1109 346 tulit
1128 318 1207 359 per
1227 310 1343 348 artes

452 368 512 409 Et
527 369 690 411 vinctae
709 370 823 423 pede
842 371 988 421 vocis,
1005 375 1049 412 et
1069 373 1245 422 solutae,

450 435 646 478 Romani
669 437 831 479 colitur
851 439 970 480 chori
991 441 1218 482 sacerdos.

451 504 586 546 Felix
602 505 687 547 heu
708 506 858 557 nimis,
879 510 924 548 et
945 508 1082 549 beata
1105 509 1256 558 tellus,

450 570 567 623 Quae
588 586 756 627 pronos
778 574 1054 629 Hyperionis
1074 581 1248 617 meatus

453 640 650 682 Summis
669 641 841 684 Oceani
864 642 991 684 vides
1011 644 1057 684 in
1074 644 1222 694 undis,

449 707 782 764 Stridoremque
799 713 911 754 rotae
932 710 1130 753 cadentis
1147 712 1305 753 audis:

1630 579 1688 621 25

210 830 320 869 favete
335 832 452 871 Musae,
462 832 537 864 dum
548 832 663 864 colitur
676 832 808 865 antistes
822 833 955 865 Romani
966 834 1065 874 chori,
1082 834 1135 875 qui
1154 845 1207 866 vos
1219 835 1334 867 extulit
1340 845 1398 876 per
1411 835 1562 876 duplicem
1573 838 1686 872 adem,

212 876 354 906 oratione
368 875 501 906 astricta
518 876 669 914 numeris,
685 879 716 907 et
738 878 852 908 solnta.
899 877 1037 916 Baetica,
1053 878 1112 909 heu
1127 877 1222 909 nimis
1237 878 1329 909 beata
1343 882 1374 910 et
1393 878 1563 918 fortunata
1588 878 1687 918 terra,

216 927 287 958 quoe
301 919 403 949 cernis
417 918 537 950 obitum
558 919 632 950 solis
655 920 688 950 in
713 919 834 950 ultimis
857 920 946 960 aquis
965 920 1097 961 Oceani,
1111 924 1144 952 et
1157 921 1249 953 audis
1263 922 1431 953 stridorem
1445 925 1524 952 rotoe
1536 921 1687 961 cadentia,

830 1004 1071 1016 oeeoeneeoeee

217 1067 295 1100 Am.
326 1078 368 1100 u.
392 1071 551 1101 619.-—2l
581 1068 669 1100 Edd.
696 1073 783 1101 vett.
806 1079 862 1111 per
887 1073 983 1102 artes.
1036 1070 1047 1087 ‘
1069 1069 1197 1111 Inepta
1222 1069 1335 1102 lectio.
1378 1068 1606 1102 Scribendum
1629 1080 1686 1111 per

217 1121 325 1149 arces‚·
348 1111 382 1142 id
406 1117 473 1151 est,
496 1112 676 1154 utriusque
705 1112 910 1154 eloquentiae
938 1122 1086 1144 summas
1111 1113 1292 1154 Principes
1318 1112 1417 1144 fecit.
1461 1114 1511 1144 Ut
1532 1113 1684 1145 dicamus

217 1154 364 1186 evehere
381 1156 530 1196 aliquem
547 1155 588 1186 ad
607 1165 774 1189 summum
791 1165 904 1187 rerum
922 1157 1069 1187 culmen.
1113 1156 1204 1188 Vide
1230 1166 1305 1198 quae
1326 1156 1442 1187 multis
1457 1156 1534 1187 huic
1549 1161 1685 1188 senten-

216 1196 274 1228 tia!
303 1196 478 1229 firmandae
505 1198 701 1238 scripsimus
726 1198 873 1230 Advers.
902 1198 962 1230 lib.
989 1207 1073 1230 xxx.
1099 1208 1176 1240 cap.
1202 1198 1247 1231 5!
1272 1199 1478 1230 Barth—22
1502 1199 1547 1230 Et
1563 1198 1686 1238 ,ἱππεία

215 1239 322 1271 Aldd.
340 1241 452 1272 Colin.
472 1241 604 1282 Gryph.
621 1242 726 1272 Basil.
744 1242 860 1273 Plant.
876 1243 942 1273 &c.
979 1242 1126 1273 Evinctoe
1150 1243 1226 1282 pede
1249 1242 1333 1273 vocis
1359 1242 1458 1274 Rom.
1505 1242 1551 1272 Ee
1571 1242 1686 1273 vincte

217 1283 417 1323 Gevartius,
434 1294 580 1324 eumque
596 1285 708 1315 secuti
725 1289 804 1315 sunt
822 1284 974 1316 Gronov.
992 1285 1112 1316 Barth.
1128 1286 1235 1316 Veen.
1251 1285 1380 1325 Delph.
1397 1287 1548 1315 ἄτα-23
1563 1284 1573 1302 ‘
1588 1285 1685 1316 Nihil

216 1325 259 1356 ab
283 1326 347 1358 hac
369 1327 519 1358 lectione
534 1327 746 1359 mutandum.
790 1327 879 1358 Vide
895 1331 1016 1358 notata
1032 1327 1231 1359 doctissimo
1247 1328 1448 1359 Casaubono
1464 1327 1506 1358 ad
1527 1327 1683 1359 Persium

216 1378 252 1409 p.
269 1371 321 1401 19.
342 1370 423 1401 item
441 1370 636 1402 Passeratio
653 1371 695 1401 ad
714 1371 876 1411 Propert.
893 1379 953 1401 ιιι.
970 1373 1001 1402 1.
1018 1373 1049 1402 3.
1097 1371 1210 1402 Etiam
1226 1380 1346 1402 revera
1361 1371 1500 1402 sacerdos
1516 1370 1686 1408 Lucanus,

216 1411 310 1452 quod
335 1417 449 1443 tamen
474 1413 539 1444 huc
558 1423 626 1444 non
650 1413 815 1454 pertinet.
860 1412 994 1444 Auctor
1009 1414 1123 1445 Vitae:
1149 1415 1158 1431 ‘
1177 1413 1412 1445 Sacerdotium
1427 1414 1529 1444 eriam
1547 1414 1684 1454 accepit

216 1454 439 1494 Auguratus:
481 1456 650 1487 Sacerdos
667 1466 748 1487 vero
763 1456 818 1486 hic
835 1456 1034 1496 primarium
1051 1457 1154 1488 talem
1171 1456 1296 1488 notat!
1322 1455 1432 1488 Barth.
1477 1455 1513 1487 Si
1531 1456 1599 1486 ulla
1614 1457 1683 1487 lec-

214 1497 320 1529 tionis
338 1498 484 1530 varietas
502 1498 538 1530 in
553 1499 616 1531 hoc
632 1499 814 1539 versiculo,
841 1508 1005 1540 nusquam
1023 1500 1173 1540 reperire
1190 1509 1348 1540 possum3
1372 1509 1415 1530 ex
1439 1498 1552 1529 verbis
1568 1504 1683 1530 tamen

215 1540 352 1573 Barthii
377 1542 482 1574 aliter
506 1542 595 1575 hunc
624 1542 737 1574 locum
767 1542 890 1583 legisse
919 1543 1066 1584 aliquem
1101 1542 1228 1584 conjici
1265 1544 1483 1584 possen—24
1507 1541 1614 1582 Felix,
1651 1553 1681 1582 ο,

878 1626 1023 1659 NOTAE

214 1687 320 1719 larem
337 1689 507 1730 quandam
525 1690 681 1723 laetitiam
697 1690 922 1732 recipiebant,
978 1699 1106 1725 canent
1121 1692 1238 1724 vincto
1255 1693 1356 1735 pede,
1373 1692 1444 1724 sive
1459 1691 1596 1723 solino?
1617 1690 1686 1723 Pa-

217 1742 277 1770 aut
295 1739 380 1771 alias
403 1741 623 1773 memorabile
651 1741 812 1783 quiddam
837 1740 921 1782 ipsis
976 1742 1088 1782 pinius
1112 1743 1210 1783 Epic.
1234 1742 1269 1773 in
1297 1743 1459 1774 Patrem:
1484 1742 1586 1772 ‘Sive
1607 1750 1682 1772 orsa

214 1790 412 1831 eveniebat,
449 1791 571 1824 ‘suos’
605 1792 801 1825 vocabant:
829 1792 921 1823 unde

214 1838 361 1872 formula
385 1846 480 1874 erat:
507 1843 516 1860 ‘
531 1842 601 1875 Hic
621 1853 717 1874 meus
740 1848 795 1874 est
821 1842 921 1874 dies!

212 1890 314 1922 Corn.
339 1890 488 1924 Severus
514 1893 606 1934 apud
629 1893 795 1926 Senecam
820 1893 922 1925 Rhet.

210 1940 346 1974 Suasor.
362 1951 403 1974 11.
426 1943 470 1975 de
495 1943 659 1975 militibus
677 1944 917 1986 epulantibus:

210 1991 220 2008 ⁸
237 1991 415 2035 stratique
431 2003 495 2035 per
510 1994 648 2026 herbam
666 1995 735 2026 Hic
747 2004 841 2026 meus
857 1998 921 2035 est,

211 2043 345 2084 dixere,
358 2044 454 2076 dies!
486 2045 659 2077 Martialis
675 2045 734 2078 lib.
750 2054 776 2077 1.
790 2045 854 2086 Ep.
867 2047 920 2077 59.

210 2094 221 2112 ‘
238 2094 306 2134 Hic
321 2095 399 2126 mibi
417 2095 555 2137 quando
569 2095 644 2127 dies
656 2104 750 2126 meus
762 2094 842 2135 est,'
853 2097 919 2126 &c.

211 2146 381 2186 Papinius
396 2146 501 2178 Theb.
514 2155 559 2178 11.
575 2146 620 2178 de
636 2151 750 2184 nocte,
766 2155 833 2187 qua
848 2146 919 2186 Ty-

210 2196 295 2228 deus
313 2197 533 2229 insidiatores
560 2197 710 2229 occidit:
731 2197 740 2214 ‘
753 2197 919 2237 Superos,

209 2251 418 2289 noctemque
455 2247 572 2279 tuam.’
627 2248 674 2279 Et
711 2247 817 2278 Theb.
851 2255 920 2277 vu.

211 2297 341 2339 Apollo
356 2298 541 2339 alloquitur
557 2297 802 2339 Amphiaraum
817 2308 825 2328 :
849 2298 859 2315 ‘
873 2297 920 2329 U-

209 2353 286 2380 tere
303 2349 379 2381 luce
395 2354 467 2389 tua,
493 2349 710 2392 longamque,
726 2349 787 2390 ait,
813 2348 917 2380 indue

210 2400 362 2433 famam?

250 2453 291 2483 21
320 2452 469 2483 Geminas
492 2462 549 2493 per
567 2451 667 2492 artes]
690 2451 847 2484 Geminae
863 2460 916 2483 ar-

208 2504 273 2541 tes,
287 2501 475 2533 Rhetorica
491 2508 529 2534 et
550 2502 707 2534 Poetica.

251 2554 294 2584 22
316 2552 439 2584 Vinctae
461 2555 539 2593 pede
563 2552 661 2593 vocis]
685 2552 727 2584 Id
751 2555 817 2591 est,
842 2561 916 2583 car-

207 2604 354 2636 minibus
368 2613 429 2635 seu
453 2604 608 2635 oratione
631 2613 741 2644 versa,
770 2602 915 2645 pedibus

209 2665 249 2687 ac
273 2654 423 2686 numeris
450 2654 561 2696 poe'sis
588 2655 742 2686 astricta.
779 2653 914 2694 Solutoe]

208 2705 250 2736 Id
267 2710 332 2745 est,
347 2714 477 2746 prorsae
498 2704 676 2745 orationis,
703 2714 764 2736 seu
792 2713 916 2746 prosae.

209 2755 368 2787 Tibullus
411 2756 453 2787 ad
504 2755 711 2788 Messalam:
752 2756 762 2773 ‘
779 2755 916 2798 Quique

974 1792 1104 1824 libebat
1133 1793 1253 1824 Aoniis
1287 1793 1419 1824 vincire
1460 1791 1584 1831 modis,
1621 1801 1681 1823 seu

975 1852 1058 1874 voce
1074 1843 1186 1875 soluta
1201 1842 1394 1883 Spargere!

1017 1895 1059 1925 23
1084 1893 1222 1925 Romani
1239 1893 1326 1924 chori
1350 1892 1508 1933 sacerdos]
1533 1893 1591 1924 Sic
1608 1891 1680 1923 Ho-

974 1943 1082 1974 ratius
1096 1952 1152 1974 ιιι.
1169 1942 1238 1975 Od.
1254 1952 1279 1976 ι.
1304 1944 1314 1961 ‘
1326 1943 1504 1974 Musarum
1519 1944 1681 1975 sacerdos

975 1993 1176 2034 Virginibus
1192 1993 1376 2035 puerisque
1393 1993 1516 2026 canto.’

1016 2046 1058 2075 26
1081 2043 1292 2085 Hyperionis]
1315 2043 1356 2075 Id
1374 2048 1441 2083 est,
1457 2043 1546 2075 solis.
1589 2043 1679 2075 Vide

974 2093 1080 2126 Theb.
1110 2103 1193 2126 vm.
1222 2096 1278 2126 47.
1321 2093 1444 2126 Pronus
1472 2093 1607 2135 meatus]
1638 2093 1679 2125 ld

976 2149 1044 2185 est,
1059 2154 1218 2177 occasum
1234 2144 1324 2177 solis.

1017 2198 1061 2227 26
1085 2195 1218 2236 Oceani]
1238 2195 1360 2227 Sidera
1384 2195 1492 2237 mergi
1513 2195 1546 2227 in
1569 2194 1680 2228 Ocea-

973 2255 1053 2278 num
1070 2251 1207 2278 veteres
1223 2246 1427 2287 credebant,
1453 2256 1531 2278 cum
1546 2246 1680 2278 occide-

975 2301 1065 2329 rent.

1017 2350 1060 2379 27
1083 2347 1316 2389 Stridoremque
1329 2350 1408 2379 τοία
1420 2347 1562 2378 cadentis
1572 2345 1680 2387 audis]

971 2398 1173 2430 Cleomedes
1201 2398 1258 2430 lib.
1291 2407 1332 2429 ιι.
1357 2398 1476 2429 miram
1505 2397 1678 2439 quaemdam

971 2447 1204 2488 Hispanorum
1231 2446 1382 2478 fabulam
1418 2446 1527 2478 refert
1563 2446 1680 2478 dicen-

969 2498 1077 2530 tium:
1102 2497 1316 2537 Ἐμπίπτοντα
1336 2497 1392 2528 τὸν
1411 2497 1502 2535 ἥλιον
1525 2498 1572 2537 τῷ
1585 2496 1679 2528 ὠκεα-

969 2551 1011 2590 νῷ
1025 2548 1130 2590 ψόφον
1140 2550 1276 2588 ἐμποιεῖν
1289 2547 1504 2589 σβεννύμενον,
1518 2549 1558 2580 ὣς
1573 2547 1678 2580 διάπυ-

968 2612 1021 2643 ρον
1035 2600 1160 2641 σίδηρον
1175 2599 1207 2630 ἐν
1221 2598 1318 2631 ὕδατι.
1365 2599 1564 2631 Occidentem
1582 2601 1678 2632 solem

967 2653 1002 2684 in
1025 2652 1181 2682 Oceanum
1194 2651 1362 2682 stridorem
1383 2651 1472 2682 edere
1491 2651 1677 2690 extinctum,

968 2706 1004 2736 ut
1019 2702 1156 2742 ignitum
1163 2701 1290 2740 serrum
1305 2701 1454 2741 injectum
1467 2711 1566 2742 uquae.

1014 2754 1109 2786 Rotoe
1134 2751 1289 2793 cadentis]
1320 2752 1466 2787 Currum
1495 2753 1585 2785 enim
1618 2752 1677 2785 tri-
