1800 3060
192 208 278 252 278

693 219 732 249 P.
768 217 960 249 PAPINlI
993 217 1158 249 S'rA'ru

429 313 648 356 Infandos
667 313 836 355 domini
856 315 1061 357 nocentis
1077 315 1214 369 ignes.

421 382 493 423 Tu
511 387 649 424 castae
670 382 846 424 titulum
867 381 1098 437 decusque
1120 383 1265 425 Pollae

423 450 454 492 J
457 450 637 492 ucunda
658 450 790 492 dabis
811 449 1098 492 allocutione.

426 518 557 570 Mox,
578 523 730 573 coepta
751 518 1000 572 generosior
1010 519 1215 573 juventa,

420 587 566 630 Albos
586 587 766 630 ossibus
787 587 918 630 Italis
940 587 1193 643 Philippos,
1598 593 1656 635 65

192 714 282 747 in'r'ci
297 714 418 747 adibus
436 713 555 745 Romoe.
603 713 651 744 Τιι
665 711 834 744 celebrabis
845 712 990 751 jucundo
1010 710 1196 744 allocutione
1210 711 1350 752 sormam
1363 717 1394 747 et
1409 715 1522 749 merila
1534 718 1655 758 pudicae

225 760 305 790 olloe.

352 758 434 790 Mox
456 757 601 789 inchoata
617 756 754 795 juventa
773 757 965 796 generosior,
988 756 1168 797 per-sonabis
1183 756 1350 799 Philippos
1375 760 1541 792 candentes
1561 761 1658 794 Italis

855 841 1000 875 NOTAE

192 910 236 942 sit
253 909 341 942 enim
358 912 395 941 et
410 909 567 941 Lucanus
582 907 777 940 incendium
803 906 898 939 urbis

194 961 236 992 ad
255 961 390 992 Pollam
406 969 559 991 uxorem.
585 958 779 990 Culminibus
792 957 900 999 Remi]

194 1011 236 1043 Id
259 1015 327 1051 est,
350 1010 527 1050 Romanis,
546 1014 586 1042 ut
608 1009 780 1041 Martialis
796 1014 900 1041 vocat

192 1063 382 1094 Romanam
410 1061 558 1103 plebem,
584 1059 743 1101 ‘plebem
774 1059 899 1091 Remi.’

192 1113 322 1144 Remus
344 1112 433 1144 enim
450 1121 517 1143 una
533 1121 612 1144 cum
627 1111 773 1143 Romulo
788 1109 898 1143 fratre

192 1164 333 1195 Romam
371 1162 537 1195 condidit.
582 1162 714 1194 Domini
745 1161 898 1203 nocentis]

191 1214 234 1246 Id
258 1218 324 1254 est,
341 1213 503 1254 Neronis,
528 1213 572 1245 de
595 1223 663 1255 quo
685 1213 760 1244 haec
774 1212 898 1245 Sueto-

191 1265 280 1306 nius,
298 1265 450 1302 Nerone,
468 1275 545 1305 cap.
563 1267 616 1297 38.
662 1265 672 1282 ‘
687 1265 777 1296 Nam
801 1263 897 1305 quasi

190 1315 338 1349 offensus
364 1315 584 1348 deformitate
612 1320 766 1348 veterum
795 1316 899 1348 aedifi-

191 1367 335 1404 ciorum,
366 1372 404 1399 et
427 1367 594 1408 angustiis
617 1365 824 1409 flexurisque
847 1367 896 1399 vi-

191 1427 322 1458 corum,
356 1417 512 1450 incendit
549 1417 681 1450 urbem.
726 1418 799 1450 Per
835 1427 898 1450 sex

189 1469 267 1501 dies
287 1473 491 1511 septemque
515 1473 633 1501 noctes
655 1478 698 1500 ea
720 1467 820 1500 clade
835 1478 898 1500 sae-

191 1519 301 1551 vitum
331 1524 398 1551 est.
441 1519 520 1551 Hoc
546 1518 740 1551 incendium
767 1528 788 1550 e
812 1518 898 1550 turri

190 1571 448 1603 Maecenatiana
472 1576 710 1613 prospectam,
729 1571 898 1612 laetusque

187 1620 347 1662 flammae,
381 1625 421 1654 ut
467 1621 594 1658 aiebat,
630 1621 899 1662 pulchritudine,

190 1670 308 1704 ἅλωσιν
332 1672 389 1704 Ilii
410 1672 445 1704 in
461 1682 522 1704 suo
537 1673 674 1705 scenico
696 1671 816 1704 habitu
838 1672 898 1704 de-

189 1722 369 1756 cantavit!

234 1774 400 1817 Nocentis]
434 1775 526 1808 Quia
566 1773 709 1807 fratrem
739 1778 898 1806 matrem-

188 1834 268 1867 que,
292 1835 334 1857 ac
357 1834 499 1857 uxorem
519 1829 556 1858 et
571 1830 822 1867 praeceptorem
837 1836 895 1858 oc-

187 1876 286 1917 cidit,
297 1877 521 1919 omnibusque
537 1875 678 1918 flagitiis
701 1887 742 1909 ac
755 1877 893 1910 sceleri-

187 1927 251 1959 bus
267 1927 522 1960 contaminatus
537 1933 603 1960 est.

231 1980 274 2010 62
301 1978 348 2010 Tu
361 1981 457 2009 cusloe
472 1978 598 2010 titulum
618 1979 767 2020 decusque
781 1979 894 2020 Polloe,

187 2029 262 2070 ἔξω]
286 2029 379 2061 Hinc
395 2029 558 2061 discimus
577 2029 752 2060 Lucanum
769 2029 895 2070 poema

186 2080 313 2111 fecisse
329 2080 363 2111 in
380 2079 543 2111 honorem
571 2084 610 2111 et
635 2080 771 2112 laudem
787 2080 895 2121 ipsius

188 2130 313 2171 Pollae,
339 2140 408 2172 quo
434 2129 551 2162 forsan
576 2131 735 2163 Lucanus
765 2141 893 2163 sermo-

186 2191 265 2215 nem
280 2182 476 2214 instituerat
492 2191 570 2214 cum
585 2181 699 2222 Polla,
724 2182 817 2214 unde
843 2183 893 2214 di-

187 2233 236 2265 cit
248 2233 446 2265 allocutione.

229 2287 272 2316 63
297 2283 509 2324 allocutione]
531 2281 706 2316 Homerus
721 2284 823 2326 ὄαρον,
839 2283 892 2316 ὀα-

184 2334 304 2377 ρισμὸν,
320 2334 599 2374 confabulationem
615 2339 729 2367 vocat.
774 2336 892 2368 Catul-

185 2387 237 2418 lus
262 2385 304 2416 ad
336 2383 577 2417 Cornificium:
599 2385 610 2402 ‘
625 2385 773 2417 Paulum
800 2385 891 2427 quod

183 2436 273 2469 libet
287 2435 526 2467 allocutionis-¹
556 2436 603 2467 Et
618 2436 787 2477 loquelam
802 2436 893 2468 dixit

185 2489 220 2520 in
254 2486 469 2518 Camerium:
504 2487 514 2504 ‘
533 2485 571 2518 Si
594 2486 746 2528 linguam
774 2487 892 2519 clauso

186 2545 285 2571 tenes
302 2538 336 2569 in
349 2546 409 2568 ore
426 2537 572 2568 Fructus
589 2538 754 2579 projicies
770 2538 892 2570 amoris

184 2598 316 2629 omneS,
330 2587 485 2620 Verbosa
502 2588 630 2629 gaudet
643 2589 760 2620 Venus
774 2589 892 2631 loque-

183 2641 239 2674 la?
280 2639 442 2682 Juounda]
476 2638 594 2672 Qualis
619 2639 712 2671 inter
742 2643 892 2672 amantes

186 2701 264 2724 esse
279 2691 378 2722 solet.

228 2744 271 2774 64
297 2742 405 2782 Coepta
425 2739 575 2781 jumenta]
613 2740 770 2773 Lucanus
799 2743 889 2775 enim

187 2793 351 2836 vigesimo
367 2793 476 2834 primo
493 2792 606 2824 aetatis
628 2801 718 2824 anno
740 2793 887 2827 Pharsa-

951 906 1031 938 liam
1044 916 1224 949 aggressus
1239 911 1305 942 est.
1349 909 1551 952 Generosior]
1565 911 1656 945 Quia

952 957 1048 1000 prius
1063 958 1097 990 in
1112 959 1245 992 levibus
1259 961 1469 1002 argumentis
1483 961 1657 1004 ingenium

952 1014 1172 1042 exercuerat.

994 1062 1036 1091 65
1059 1059 1159 1092 Albos
1169 1059 1287 1093 ossibus
1297 1061 1392 1094 Italis
1403 1062 1582 1107 Philippos]
1607 1065 1658 1098 Hi

952 1110 1119 1153 Philippi,
1143 1112 1201 1144 ubi
1231 1112 1418 1154 Pompeius
1449 1115 1561 1148 victus
1590 1122 1657 1158 est,

951 1166 1033 1193 sunt
1052 1162 1095 1193 ad
1112 1162 1268 1195 Peneum
1282 1163 1317 1195 in
1326 1164 1515 1207 Thessalia,
1529 1166 1657 1200 diversi

953 1214 1103 1254 omnino,
1125 1219 1164 1247 ut
1189 1207 1279 1247 ben'e
1294 1215 1491 1249 observavit
1505 1218 1656 1260 Lipsius.

952 1274 973 1296 a
986 1264 1157 1306 Philippis
1171 1265 1340 1307 Thraciae,
1361 1276 1422 1299 seu
1438 1268 1555 1308 potius
1577 1270 1657 1302 Ma·

952 1314 1120 1353 cedoniae,
1131 1315 1174 1347 ad
1183 1316 1400 1358 Strymonem
1415 1316 1557 1350 fluvium
1570 1320 1660 1362 sitis,

951 1365 985 1397 in
999 1366 1098 1407 cujus
1113 1366 1242 1407 campis
1256 1366 1339 1399 victi
1352 1367 1481 1400 Brutus
1492 1374 1529 1401 et
1544 1370 1657 1402 Cassi·

951 1426 992 1448 us
1007 1416 1050 1448 ab
1065 1415 1223 1458 Augusto
1239 1421 1277 1450 et
1292 1417 1454 1459 Antonio,
1475 1429 1658 1462 oppressa-

951 1477 1017 1509 que
1029 1467 1185 1499 libertas.
1228 1469 1357 1500 Tamen
1379 1469 1442 1501 has
1457 1470 1559 1502 nrbes
1574 1480 1656 1503 con-

951 1517 1084 1550 fudisse
1110 1517 1270 1551 videntur
1291 1518 1424 1552 Poe'tae.
1467 1520 1634 1563 Virgilius
1645 1532 1656 1554 ς

953 1570 962 1586 ‘
978 1569 1148 1600 Romanas
1175 1568 1266 1601 acies
1288 1569 1416 1601 iterum
1430 1569 1551 1602 videre
1573 1570 1658 1603 Phi-

951 1620 1064 1662 lippi!
1107 1620 1271 1653 Manilius
1283 1620 1344 1654 lib.
1357 1630 1385 1654 ι.
1408 1621 1420 1639 ‘
1434 1622 1590 1655 Ducibus
1595 1622 1656 1665 ju-

949 1677 1027 1703 rata
1048 1672 1202 1704 cruentis
1228 1670 1336 1704 Arma
1360 1672 1574 1715 Philippaeos
1594 1674 1657 1706 im-

949 1723 1090 1763 plerunt
1105 1723 1242 1765 agmine
1267 1732 1420 1766 campos.
1464 1724 1536 1756 Vix
1549 1725 1656 1758 etiarn

951 1773 1042 1805 sicca
1056 1773 1153 1805 miles
1170 1773 1347 1806 Romanus
1361 1783 1469 1807 arena
1492 1774 1582 1808 Ossa
1605 1776 1654 1807 vi-

950 1832 1038 1864 rum,
1073 1823 1273 1866 lacerosque
1308 1823 1406 1865 prius
1438 1826 1656 1868 superastitit

949 1879 1058 1914 artus,
1080 1874 1216 1916 Perque
1231 1875 1339 1915 patris
1357 1878 1460 1916 pater
1475 1875 1656 1918 Augustus

948 1925 1097 1966 vestigia
1111 1925 1220 1958 vicit-³
1244 1926 1365 1959 Innuit
1379 1928 1518 1961 enimin
1532 1929 1655 1962 iisdem

948 1977 1080 2018 campis
1095 1981 1202 2018 atque
1214 1976 1302 2010 adeo
1317 1978 1483 2020 vestigiis,
1498 1981 1656 2013 commis-

949 2036 1023 2058 sum
1050 2026 1095 2059 ab
1116 2026 1275 2068 Augusto
1299 2028 1471 2070 praelinm,
1486 2029 1612 2072 quibus
1632 2041 1655 2063 a

949 2082 1106 2120 patre,et
1119 2078 1247 2111 milites
1261 2079 1496 2120 superstitisse
1508 2081 1654 2119 cadave-

948 2139 987 2162 ra
1001 2134 1038 2162 et
1050 2139 1137 2162 ossa.
1179 2131 1303 2162 Florus
1324 2130 1506 2164 historicus
1519 2132 1555 2164 in
1571 2142 1656 2165 eun-

948 2180 1025 2212 dem
1041 2181 1147 2214 etiam
1162 2191 1313 2214 errorem
1328 2182 1446 2224 lapsus
1462 2187 1515 2216 est
1532 2183 1592 2217 lib.
1603 2193 1655 2218 lv.

947 2242 1023 2274 cap.
1034 2236 1066 2265 7.
1090 2235 1100 2251 ‘
1115 2234 1245 2265 Brutus
1256 2237 1294 2266 et
1309 2234 1461 2274 Cassius,
1475 2243 1652 2278 eompara-

947 2282 994 2315 tis
1015 2283 1210 2324 ingentibus
1232 2284 1352 2326 copiis,
1375 2284 1522 2318 eandem
1547 2286 1655 2329 illam,

947 2343 1024 2375 quae
1040 2333 1159 2366 fatalis
1170 2335 1233 2367 Cn.
1243 2335 1412 2378 Pompeio
1426 2335 1653 2373 fninarenam

947 2385 1176 2419 insederant?
1234 2386 1334 2419 Inter
1369 2390 1535 2430 utrosque
1571 2397 1654 2420 vero

946 2437 1127 2479 Philippos
1142 2442 1278 2470 eentum
1290 2437 1362 2471 fere
1371 2438 1532 2472 milliaria
1545 2438 1655 2473 inter·

939 2487 1037 2528 jecta
1052 2492 1144 2520 sunt.
1188 2488 1280 2520 Vide
1295 2489 1441 2521 Diouem
1459 2489 1520 2522 lib.
1533 2498 1651 2523 nvn.

947 2543 984 2570 et
1000 2538 1209 2581 Appianum,
1233 2549 1376 2582 quorum
1401 2543 1548 2583 uterque
1570 2541 1652 2573 Phi-

946 2589 1119 2632 lipporum
1149 2591 1264 2631 situm,
1292 2590 1351 2622 nbi
1377 2590 1508 2623 Brutus
1535 2591 1650 2624 victus

947 2645 1013 2681 est,
1035 2645 1195 2673 accurate
1210 2640 1389 2674 describit.
1436 2641 1567 2674 ossibus
1582 2643 1650 2675 Ila-

945 2692 1001 2733 lis]
1035 2692 1077 2725 Id
1105 2698 1171 2735 est,
1197 2693 1366 2727 Italorum
1402 2701 1443 2726 ac
1483 2694 1652 2727 Romano-

944 2753 1032 2777 rum.
