1800 3060
536 233 812 267 sirannus:
840 231 935 264 me.
968 231 1041 262 ιιι.
1060 220 1102 262 2.

1460 217 1546 261 335

94 333 466 389 Anguiferamque
486 330 680 379 domum,
697 327 860 371 blando
881 339 971 382 qua
985 339 1135 368 mersa
1151 338 1320 368 veneno

92 402 249 446 Actias
267 399 496 442 Ausonias
513 397 624 452 fugit
643 396 882 451 Cleopatra
897 400 1096 437 catenas.

1461 394 1545 437 120

94 473 250 526 Usque
269 474 315 511 et
334 469 380 510 in
398 466 614 521 Assyrias
630 463 776 515 sedeS,
792 463 1090 518 mandataque
1109 466 1254 504 castra

92 591 146 623 abi
162 593 328 635 cleopatra

338 594 407 634 post
421 589 587 623 Actiacum
608 588 763 631 prolium,
776 586 861 618 dulci
880 595 994 617 namo
1006 595 1039 617 se
1053 585 1206 626 extinxit,
1229 589 1259 617 et
1273 585 1386 617 citarit
1406 583 1546 617 Ausonia

91 635 224 669 mula.
271 635 429 668 Comitum
445 635 533 666 illum
547 641 642 674 usqae
661 631 702 662 ad
723 631 835 671 plagas
856 628 1012 671 Assyriae,
1027 632 1057 660 et
1081 631 1196 668 castra,
1217 639 1285 670 quae
1304 629 1366 671 ipsi
1387 628 1546 660 commissa

697 727 832 740 ‘‘‘‘‘

566 803 676 834 mnan,
690 792 793 825 Atdd.
810 792 920 824 Colin.
936 790 1068 832 Gryph.
1082 790 1188 823 Bait.
1205 789 1322 823 Plant.
1337 792 1404 823 &m
1418 789 1547 823 habent

95 806 160 839 pro
182 795 386 829 Vilia—119
406 794 550 836 Proque

835 726 932 739 eeeee

91 849 161 882 qaae
175 848 299 877 m,-
319 838 463 871 Gevart.
481 838 641 870 Grasser.
657 836 798 868 Amstel.
815 834 966 867 Gronov.
983 834 1104 866 Barth.
1117 835 1184 866 &m
1199 843 1243 866 ex
1260 834 1436 865 Parmensi
1452 843 1545 866 rece-

93 886 219 924 perunt
240 890 311 922 qu·
344 880 570 912 Marklandus
594 879 814 920 conjecerat:
838 887 900 919 qua
922 886 1021 909 mersu
1045 879 1285 909 ceteram—121
1311 877 1381 908 Pro
1398 877 1501 918 Usque
1515 879 1547 908 et

92 925 127 957 ia
142 924 404 966 Anyriuseden,
425 924 515 965 quod
531 922 694 954 exhibent
711 921 814 953 Atdd.
841 920 951 952 Colin.
979 919 1115 961 Gryph.
1140 919 1247 970 Basil.
1271 919 1389 969 Plantz
1402 919 1547 969 Quart.

93 967 252 1000 Grasser.
274 966 420 999 Amstel.
434 966 586 998 Gronov.
603 964 720 996 Barth.
736 965 846 996 Veeu.
861 963 989 1004 Delph.
1006 965 1071 994 διο.
1094 963 1239 995 Domitii
1255 962 1427 994 Calderim
1443 962 1545 994 codd.

91 1009 267 1042 habebant
285 1010 440 1051 {sequena
455 1008 616 1040 Masurius
638 1008 723 1039 sedes
733 1018 748 1046 ,-
769 1006 860 1039 unde
886 1006 945 1037 ille
970 1004 1078 1037 fecit:
1104 1005 1207 1047 Usque

1226 1004 1261 1036 in
1280 1007 1427 1046 Ama-ias
1440 1006 1525 1037 seder
1534 1015 1548 1042 ‚⁶

93 1053 209 1086 Parm.
232 1052 336 1085 habet
357 1051 448 1095 quod
474 1051 615 1094 propius
631 1055 704 1083 est:
731 1050 836 1092 Usque
849 1050 890 1081 ad
905 1049 1082 1090 Massyrias
1094 1050 1191 1080 sedes.
1235 1048 1287 1080 Ex
1303 1049 1545 1090 praepositione

746 1145 895 1180 Nom:

94 1230 158 1264 pus
188 1222 223 1254 in
252 1221 354 1255 nielle
381 1223 542 1265 Spartam
570 1223 789 1265 deportatum

94 1271 214 1305 refert.
245 1273 380 1306 Praeter
394 1274 462 1306 mel
476 1279 514 1306 et
528 1283 642 1306 ceram
655 1278 791 1306 veteres

93 1324 301 1357 condiebant
315 1333 460 1366 corpora
481 1330 692 1357 mortuorum
708 1324 791 1364 sale,

93 1375 197 1416 nitro,
218 1375 328 1416 calce,
355 1375 476 1416 cedro,
499 1375 678 1414 bitumine,
701 1385 792 1417 myr-

93 1426 167 1467 rha,
193 1426 357 1467 balsamo,
385 1436 507 1468 gypso.
549 1426 640 1459 Vide
667 1425 792 1458 Kirch-

92 1486 252 1510 mannum
266 1477 310 1510 de
339 1477 527 1509 Funeribus
551 1477 792 1512 Romanorum,

92 1526 151 1560 lib.
166 1536 193 1559 1.
216 1537 293 1568 cap.
308 1530 341 1560 8.
363 1526 595 1560 Alexandrum
629 1527 792 1569 Neapoli·

93 1581 224 1618 tanum,
238 1583 274 1609 et
287 1577 529 1620 Tiraqnellnm.

148 1631 212 1661 119
238 1627 507 1669 Aagaiferamque
541 1627 680 1668 domum]
734 1627 791 1659 Sic

93 1678 306 1710 Mausoleum
331 1683 430 1710 vocat
448 1677 624 1719 Papinius,
651 1677 685 1709 iu
702 1676 791 1719 qnod

92 1737 130 1760 se
154 1729 287 1770 recepit
313 1728 501 1770 Cleopatra
523 1727 714 1768 desperatis
740 1736 793 1759 re-

92 1779 176 1812 bus:
200 1779 212 1797 ‘
224 1778 306 1819 ubi,'
321 1782 360 1811 ut
372 1778 419 1811 ait
436 1779 556 1810 Florus
571 1778 632 1810 lib.
648 1786 701 1809 xv.
716 1786 794 1819 cap.

94 1832 149 1863 11.
170 1830 182 1848 ‘
194 1829 358 1862 maximos
372 1834 412 1861 ut
431 1829 564 1862 solebat
586 1828 708 1860 induta
722 1828 794 1859 cul-

93 1886 164 1922 tus,
179 1882 216 1914 in
237 1879 376 1913 differto
391 1880 554 1913 odoribus
568 1880 665 1921 solio,
687 1880 794 1921 juxta

93 1939 191 1963 suum
202 1940 240 1964 se
251 1930 435 1962 collocavit
447 1929 632 1962 Antonium
644 1940 653 1961 e
677 1929 793 1961 admo-

92 1982 206 2023 tisque
234 1981 279 2014 ad
309 1990 413 2013 venas
439 1981 670 2022 serpentibus,
697 1980 794 2022 quasi

95 2040 214 2064 somno
249 2032 362 2063 soluta
396 2030 473 2063 est!
514 2030 641 2064 Strabo
677 2035 792 2063 tamen

93 2081 364 2123 ‘Necropolim'
396 2082 551 2123 appellat
580 2082 704 2120 locum,
733 2081 793 2113 ubi

94 2131 223 2174 aspidis
237 2141 363 2171 morsu,
383 2137 421 2164 ut
448 2131 654 2164 Plutarchus
670 2129 790 2172 refert,

93 2183 150 2215 vel
165 2182 374 2214 delibutorio
385 2190 528 2222 veneno,
542 2186 582 2213 ut
597 2181 686 2213 idem
699 2181 791 2213 Stra·

93 2231 140 2264 bo
162 2231 280 2264 scribit
300 2240 343 2263 ex
373 2231 582 2272 quorundam
608 2231 793 2272 sententia,

94 2291 133 2314 se
147 2281 286 2314 necavit
297 2281 495 2322 Cleopatra.
529 2281 640 2313 Locus
656 2281 714 2313 ille
724 2281 793 2313 dis-

7 2334 30 2354 ὲ
93 2331 193 2364 tabat
228 2331 275 2363 ab
310 2330 519 2363 Alexandria
562 2334 616 2363 30.
661 2332 793 2364 stadiis.

51 2399 56 2403 ν
94 2383 220 2414 Blando
246 2381 376 2424 neam]
401 2382 492 2416 Quia
518 2382 582 2414 hoc
610 2382 795 2423 Cleopatra

92 2430 218 2474 effugit
230 2432 380 2472 vincula,
393 2442 433 2464 ac
447 2432 666 2474 triumphum,
678 2432 732 2464 cui
742 2442 794 2464 re·

93 2482 293 2515 servabatur
322 2482 367 2514 ab
397 2482 547 2515 Octavio
573 2482 723 2523 Caesare,
757 2482 793 2514 id

94 2533 184 2575 quod
198 2543 302 2575 supra
315 2532 454 2565 modum
469 2532 765 2575 perhorrescebat.

138 2585 202 2615 12⁰
223 2583 349 2624 Actias]
374 2583 417 2615 Id
438 2589 504 2624 est,
533 2583 646 2615 navali
673 2583 793 2624 praelio

96 2631 140 2663 ad
153 2632 294 2664 Actium
309 2633 414 2673 vieta,
429 2633 510 2664 satis
525 2632 706 2664 audacter.
725 2633 791 2664 Aa·

96 2682 213 2724 mian]
242 2682 428 2716 Romanas.
486 2683 667 2725 Cleopatra]
693 2683 791 2716 Cleo-

96 2737 196 2772 patra
210 2733 327 2774 regina
349 2733 503 2776 AEgypti,
529 2734 649 2765 ultima
674 2743 791 2774 regum

96 2780 233 2814 familiae
263 2782 541 2824 Ptolemaeorum,
570 2783 656 2816 Julii
681 2784 792 2816 Caesa·

844 1222 891 1254 ris
913 1231 953 1254 ac
978 1221 1031 1253 M.
1059 1219 1199 1252 Antonii
1215 1219 1402 1251 Triumviri
1426 1218 1548 1251 amori-

844 1272 908 1305 bus
923 1271 1111 1304 notissima.
1158 1270 1308 1311 Cumas]
1326 1270 1415 1303 Quia
1430 1279 1546 1311 regum

845 1323 982 1355 vincula
998 1328 1096 1354 erant
1109 1326 1243 1353 entenae
1260 1330 1280 1352 e
1296 1321 1384 1352 collo
1397 1320 1548 1362 penden·

847 1381 911 1416 tes,
926 1384 1001 1407 curn
1024 1373 1241 1407 ducebantur
1266 1372 1301 1404 in
1326 1371 1548 1414 triumphum.

848 1426 1023 1458 Domitius.

889 1478 949 1508 121
973 1473 1138 1516 Assyrias]
1169 1473 1320 1515 Assyria,
1333 1471 1450 1504 Plinio
1464 1471 1548 1504 Adi·
1569 1480 1571 1482 ·

845 1525 955 1558 abene
971 1525 1078 1565 dicta,
1092 1525 1282 1557 Ptolemaeo
1298 1533 1379 1555 vero
1394 1522 1552 1564 Assyria,

844 1576 992 1607 habebat
1008 1575 1052 1607 ab
1068 1574 1159 1606 Ortu
1175 1573 1304 1606 Mediae
1332 1578 1478 1615 partem,
1502 1573 1548 1605 ab

845 1626 981 1659 Occasu
992 1625 1242 1658 terminabatur
1255 1623 1517 1665 Mesopotamia,
1531 1633 1552 1656 a

847 1677 1100 1719 septemtrione
1127 1681 1227 1717 parte
1250 1675 1396 1707 Minoris
1426 1673 1547 1706 Arme·

846 1728 1026 1769 niaejuxta
1042 1726 1230 1768 Niphatem
1252 1729 1418 1764 montem,
1436 1734 1457 1756 a
1470 1725 1547 1756 Me·

846 1777 932 1810 ridie
954 1777 1111 1810 Susiana.
1155 1775 1282 1808 Strabo
1310 1785 1392 1807 vero
1421 1784 1463 1807 eo
1490 1785 1549 1807 no-

846 1829 938 1860 mine
974 1826 1215 1868 complectitur
1253 1826 1490 1867 Babyloniam,
1512 1831 1548 1858 et

846 1879 1029 1911 maximam
1058 1877 1244 1910 vicinarum
1267 1877 1444 1918 regionum
1469 1886 1549 1918 par-

847 1936 930 1963 tem.
975 1930 1110 1963 Nomen
1139 1929 1244 1961 habet
1273 1929 1317 1961 ab
1350 1929 1456 1961 Assur
1476 1928 1549 1961 filio

847 1982 939 2022 Sem,
962 1981 1018 2013 cni
1037 1981 1088 2013 hae
1110 1980 1297 2022 provinciae
1324 1979 1550 2012 obvenerant.

845 2031 1040 2072 Scriptores
1067 2034 1195 2070 tamen,
1219 2034 1290 2062 tam
1316 2028 1431 2061 Graeci
1446 2039 1547 2072 quam

846 2081 961 2113 Latini
977 2080 1050 2112 fere
1061 2089 1189 2118 omneS,
1199 2084 1238 2111 ut
1248 2079 1458 2119 Herodotus,
1468 2080 1548 2113 Jus-

843 2132 950 2171 tinus,
965 2130 1210 2163 Eratosthenes
1219 2129 1311 2171 apud
1325 2129 1549 2171 Stephanum,

846 2181 984 2224 aliique,
1004 2180 1166 2223 quicquid
1190 2190 1210 2211 a
1237 2180 1322 2211 mari
1347 2180 1484 2211 Sidonio
1504 2179 1549 2211 ad

847 2231 990 2274 Imperii
1011 2230 1144 2272 Assyrii
1158 2230 1272 2262 sedem
1296 2230 1548 2263 extendebatur

848 2282 1024 2324 Assyriam
1040 2282 1172 2321 dixere,
1191 2286 1228 2313 et
1242 2281 1371 2313 incolas
1387 2281 1548 2322 Assyrios

848 2338 884 2365 et
895 2331 1053 2369 Assnres,
1070 2331 1194 2363 deinde
1207 2331 1353 2372 Syriam,
1367 2332 1499 2373 Syrios,
1510 2337 1548 2365 et

847 2383 950 2424 Syros
966 2383 1176 2414 extulerunt.
1220 2382 1277 2413 Sic
1296 2381 1454 2414 Ciceroni
1469 2382 1549 2414 Sar-

846 2433 1034 2474 danapalus
1049 2432 1176 2465 dicitur
1197 2441 1258 2464 rex
1279 2432 1402 2474 Syriae,
1415 2431 1473 2474 qui
1487 2442 1549 2465 rex

848 2483 996 2525 Assyriae
1011 2487 1099 2515 erat.
1121 2482 1259 2515 Maroni
1274 2482 1403 2524 Georg.
1417 2483 1475 2515 lib.
1488 2492 1546 2515 nx.

849 2543 999 2576 purpura
1030 2538 1176 2566 vocatur
1211 2532 1411 2575 ‘Assyrium
1446 2543 1547 2565 vene·

848 2583 954 2623 num,'
977 2584 1067 2626 qnod
1083 2583 1224 2626 Tyrium
1249 2592 1311 2615 sen
1335 2583 1471 2625 Syrium
1497 2583 1547 2614 di-

845 2633 992 2666 cendum
1029 2637 1119 2666 erat.
1175 2634 1389 2674 Metamque
1424 2632 1547 2673 castra]

847 2683 939 2715 Hinc
954 2683 1104 2715 Metium
1129 2687 1319 2715 castrorum
1344 2686 1547 2714 metatorem

845 2733 950 2765 fuisse
965 2733 1103 2775 qnidam
1117 2734 1248 2765 volunt.
1294 2733 1358 2764 His
1381 2732 1470 2764 enim
1486 2741 1546 2774 po-

845 2783 965 2827 nenda
975 2789 1090 2816 castra
1104 2783 1417 2817 committebantur.
