1800 3060
188 201 272 243 120

690 211 730 241 P.
765 210 954 242 PAPlNll
991 208 1155 241 S'I'ATll

188 308 430 351 Perdurent
451 307 616 358 vultus,
638 305 852 361 tardeque
872 306 970 348 haec
991 305 1132 348 forma
1149 309 1368 348 senescat.

186 419 252 451 hoec
267 421 411 450 venustas
430 421 578 451 senescat.

795 481 935 494 ‘eoem
940 480 1038 494 ueto

186 553 221 580 et
238 547 364 579 Markl.
381 547 614 580 necessarium
640 546 880 579 existimarunt
905 547 1032 579 virides.
1079 547 1208 579 Markl.
1224 546 1312 589 conj.
1328 547 1454 579 etiam:
1478 547 1590 581 viridis
1604 550 1649 581 sie

179 591 212 630 s.
221 591 251 630 j.
269 591 439 623 Perduret.

360 758 434 788 111.

498 757 654 788 VlLLA
688 746 1003 789 TIBURTINA*
1043 757 1230 788 MANLII
1266 755 1474 787 vomscl.

185 850 228 883 In
245 851 391 893 gratiam
415 853 538 884 Manlii
553 852 706 893 Vopisci,
730 853 845 884 villam
869 853 1142 892 amoenissimam,
1158 851 1258 895 qua‘rn
1281 852 1398 885 Tiburi
1422 852 1554 891 habuit,
1575 854 1665 883 tan-⁷

230 900 265 926 ta
288 897 450 928 carminis
466 896 638 937 elegantia
654 896 832 938 describit,
847 903 884 928 ut
900 901 1055 928 attentus
1071 897 1179 928 lector
1195 897 1230 928 iu
1245 906 1287 929 ea
1310 896 1453 938 spatiari
1473 895 1539 927 sibi
1556 895 1650 927 vide-

228 943 319 971 atur.

187 1019 434 1062 CERNERE
454 1020 637 1063 facundi
658 1022 800 1063 Tibur
817 1023 1001 1076 glaciale
1022 1022 1214 1078 Vopisci

186 1088 235 1129 Si
255 1089 372 1143 quis,
395 1094 441 1131 et
462 1091 628 1132 inserto
648 1092 850 1145 geminos
871 1090 1036 1133 Aniene
1058 1095 1258 1146 penates,

229 1212 268 1245 Si
283 1215 352 1256 quis
371 1215 480 1247 invisit
505 1216 613 1257 algens
632 1215 832 1248 Tiburtinum
854 1215 1023 1256 eloquentis
1044 1214 1181 1256 Vopisci,
1203 1224 1240 1246 oc
1254 1215 1358 1246 domos
1370 1213 1506 1255 duplices
1518 1211 1647 1245 interla-

796 1321 1031 1336 ΜΟΜΝ

230 1409 333 1441 Urat.
363 1409 447 1442 Villa
468 1410 623 1441 tiburtina
639 1411 690 1442 M.
708 1410 852 1442 mam-ini
873 1410 988 1451 vopisci
999 1420 1010 1447 ;
1033 1410 1158 1442 Venet.
1176 1412 1207 1442 1.
1232 1409 1363 1442 Manilii
1379 1420 1392 1447 ,·
1415 1409 1531 1440 Parm.
1549 1408 1646 1439 Rom.

187 1453 285 1485 Brix.
303 1453 440 1485 Vicent.
467 1452 573 1484 Aldd.
600 1453 710 1484 Colin.
736 1454 870 1494 Gryph.

917 1453 1113 1485 Tiburtinum
1139 1453 1260 1485 Manlii
1285 1453 1430 1494 Vopisci,·
1453 1450 1646 1484 Gronovius

186 1504 229 1527 ex
256 1495 358 1528 codd.
382 1495 516 1528 edidit:
557 1497 640 1529 Villa
667 1496 833 1528 Tiburtina
858 1496 978 1528 Manlii
1012 1496 1213 1538 Vopisci.—2
1235 1497 1352 1538 Ecquis
1374 1495 1494 1527 Barth.
1522 1494 1649 1535 impro-

851 1593 994 1627 NOTAE

227 1657 247 1675 ⁴*
271 1659 452 1700 Tiburtina]
474 1659 591 1699 Tibur,
617 1660 652 1691 in
681 1660 778 1701 cujus
807 1670 891 1701 agro

184 1710 251 1742 sita
271 1714 347 1742 erat
371 1711 430 1742 illa
450 1710 529 1741 villa
551 1710 734 1742 Tiburtina
754 1711 888 1751 Manlii,

184 1760 264 1792 urbs
279 1760 382 1792 estin
406 1761 555 1801 Sabinis,
569 1761 703 1793 decimo
724 1766 821 1793 sexto
844 1762 888 1793 ab

185 1811 271 1843 urbe
287 1812 414 1853 lapide,
429 1812 561 1844 crebris
576 1811 728 1844 fontibus
747 1812 887 1853 irrigua,

184 1867 220 1894 et
235 1862 399 1903 singulari
422 1862 512 1894 ai-iris
529 1863 695 1903 temperie
719 1872 891 1898 comment

184 1914 285 1946 data:
311 1914 450 1946 condita
467 1912 532 1945 fuit
548 1924 568 1944 a
584 1914 727 1945 Tiburte
746 1913 888 1954 Amphi-

184 1965 256 1996 arai
295 1964 375 1996 snio.
442 1963 556 1996 Hodie
596 1970 740 1995 vocatur
774 1964 886 1995 Tivoli.

184 2014 420 2056 ManliiJGens
433 2016 565 2047 Manlia
575 2025 594 2047 a
605 2016 724 2057 primis
738 2016 887 2058 Reipub-

183 2067 259 2098 licae
288 2067 498 2108 temporibus
526 2066 632 2106 clara,
661 2071 696 2098 et
722 2067 886 2109 Patricia,

183 2118 307 2149 multos
338 2118 496 2149 consules
520 2123 555 2150 et
579 2118 766 2149 dictatores
795 2118 886 2150 tulit.

183 2170 530 2203 Consule'historicos
547 2170 698 2202 Latinos.
747 2170 888 2211 Vopisci]

183 2221 350 2262 Vopiscos
372 2220 593 2262 appellabant
616 2230 635 2252 e
655 2221 810 2262 geminis,
831 2221 888 2262 qui

183 2273 310 2304 retenti
326 2277 426 2304 utero
449 2276 690 2311 nascerentur,
707 2272 817 2303 altero
837 2271 886 2303 in-

182 2327 331 2355 teremto
370 2323 505 2355 abortu.
551 2322 685 2354 Plinius
721 2321 780 2354 lib.
819 2330 886 2355 vn.

183 2382 262 2414 cap.
279 2375 332 2405 lo.
377 2374 488 2405 Porro
504 2372 675 2413 Vopiscus
697 2372 777 2404 olim
799 2381 885 2413 prae-

181 2432 327 2462 nomen;
350 2433 417 2464 quo
443 2424 495 2455 usi
518 2423 615 2456 multi
637 2422 828 2464 praesertim
852 2423 886 2453 in

181 2474 275 2507 Julia
311 2482 434 2516 gente:
459 2475 512 2506 hic
542 2478 596 2506 est
624 2483 825 2515 cognomen,
851 2477 888 2505 et

182 2525 233 2557 ita
250 2525 285 2557 in
299 2525 541 2567 antiquissimis
554 2525 655 2567 Reip.
672 2523 766 2557 fastis
782 2533 889 2566 saepe,

181 2586 261 2608 mox
275 2587 294 2608 a
309 2576 416 2617 pulsis
432 2575 580 2617 regibus.

180 2646 182 2648 -
227 2631 242 2659 1
269 2627 367 2659 Tibur
392 2627 542 2667 glaciale]
563 2626 661 2659 Dicit
692 2627 790 2659 Tibur
815 2627 886 2667 gla-

180 2679 271 2719 ciale,
282 2679 361 2721 quia
377 2679 472 2720 regio
485 2679 749 2720 circumquaque
761 2678 886 2719 frigida

178 2734 235 2762 est
249 2740 258 2769 ;
282 2739 388 2771 quare
400 2729 434 2761 in
444 2738 529 2770 agro
538 2729 714 2760 Tiburtino
731 2730 885 2770 plerique

183 2781 416 2814 Romanorum
443 2780 541 2812 villas
560 2779 745 2821 habebant,
760 2779 793 2811 in
814 2779 886 2821 qui-

947 1661 1010 1693 bus
1037 1664 1158 1692 aestate
1188 1658 1372 1700 degebant.
1416 1657 1483 1690 Sed
1515 1660 1551 1688 et
1580 1655 1646 1688 hoc

945 1711 1048 1743 etiam
1070 1709 1200 1742 factum
1224 1713 1299 1741 erat
1322 1714 1396 1740 arte
1419 1708 1454 1739 in
1477 1707 1539 1739 hac
1556 1707 1648 1746 villa,

942 1767 982 1793 ut
998 1761 1133 1803 patebit
1148 1771 1190 1793 ex
1208 1759 1428 1801 sequentibus
1445 1757 1610 1790 versibus.

986 1815 1006 1844 2
1031 1812 1179 1843 Geminos
1203 1810 1345 1852 penates]
1366 1809 1459 1840 Villa
1482 1808 1573 1839 enim
1589 1806 1648 1839 illa

942 1864 974 1894 in
1011 1868 1155 1903 utraque
1194 1861 1269 1902 ripa
1299 1859 1441 1891 Anienis
1478 1858 1647 1890 collocata

942 1918 1029 1954 erat,
1059 1918 1095 1944 et
1129 1910 1426 1952 conjungebantur
1456 1908 1534 1940 duae
1572 1908 1646 1951 ejus

942 1971 1057 2006 partes
1079 1962 1212 1994 fornice
1235 1962 1375 1999 inserto,
1389 1969 1490 2002 quem
1513 1959 1577 1991 hac
1593 1969 1647 1990 ra-

942 2016 1035 2047 tione
1051 2019 1151 2046 vocat
1165 2013 1257 2044 socia·
1271 2012 1453 2043 commercia
1465 2010 1554 2050 ripoe.

985 2066 1106 2096 Inserta
1132 2061 1269 2103 Aniene]
1294 2061 1385 2094 Quia
1411 2059 1524 2091 Anien
1554 2058 1646 2090 inter

942 2121 1118 2158 utramque
1129 2119 1262 2156 partem
1273 2113 1362 2145 villae
1375 2111 1516 2143 fluebat.
1531 2110 1645 2143 Anien

943 2172 1056 2200 antem
1070 2176 1129 2198 seu
1143 2165 1232 2197 Anio
1243 2163 1365 2196 fluvius
1377 2162 1492 2194 Italiae
1506 2162 1539 2193 iu
1551 2170 1646 2193 mon·

943 2225 975 2251 te
985 2219 1221 2251 Trebanorum
1234 2220 1340 2254 ortus,
1352 2216 1446 2246 lacus
1458 2217 1529 2245 tres
1542 2223 1644 2244 amoe-

941 2271 1051 2302 nitate
1061 2266 1268 2309 nobiles,qui
1283 2274 1405 2298 nomen
1417 2263 1544 2296 dedere
1559 2263 1645 2295 Sub-

941 2322 1073 2362 laqueo,
1087 2318 1200 2351 defert
1222 2318 1257 2349 in
1275 2315 1441 2348 Tiberim.
1485 2314 1555 2346 Hic
1581 2323 1645 2355 per

940 2369 1155 2402 Tiburtinum
1179 2376 1298 2408 agrum
1322 2365 1509 2396 decurrens
1523 2372 1544 2395 e
1567 2363 1645 2395 sub-

941 2421 1011 2452 limi
1042 2420 1075 2451 in
1093 2418 1297 2459 ‚subjectam
1327 2414 1450 2447 vallem
1487 2423 1642 2455 praeceps

940 2470 1064 2508 fertur,
1086 2473 1124 2501 ut
1150 2475 1250 2499 ruere
1273 2464 1387 2506 potius
1410 2471 1510 2506 quam
1534 2461 1644 2494 fluere

942 2521 1111 2553 videatur.
1156 2516 1248 2548 Vide
1272 2514 1422 2547 Plinium
1444 2518 1482 2545 et
1503 2513 1643 2546 Strabo-

941 2581 1029 2604 nem.
1097 2567 1260 2602 Claudius
1299 2565 1495 2606 Imperator
1532 2564 1643 2595 rivum

941 2621 1081 2655 Anienis
1095 2619 1174 2652 novi
1197 2616 1334 2659 lapideo
1349 2623 1454 2656 opere
1470 2614 1504 2645 in
1523 2613 1642 2645 urbem

939 2672 1114 2716 perduxit,
1143 2668 1325 2709 divisitque
1351 2667 1387 2697 in
1413 2664 1576 2706 plurimos
1604 2668 1643 2696 et

939 2722 1174 2756 ornatissimos
1194 2719 1299 2751 lacus.
1343 2715 1524 2748 Suetonius
1541 2714 1643 2748 Clau-

940 2775 1007 2809 dio.
1050 2773 1204 2806 Vocatur
1219 2768 1320 2802 hodie
1339 2767 1500 2800 Teuerone.
