1800 3060
216 196 303 238 224
713 207 751 239 P.
788 208 977 240 ΡΑΡιΝιι
1013 209 1179 242 surii

216 300 427 352 Thebais,
449 305 493 342 et
507 300 653 343 Getici
671 302 802 344 cedat
821 304 903 345 tibi
924 305 1061 358 gloria
1082 306 1254 360 plectri.

217 368 276 411 Et
293 372 341 411 tu
364 382 480 410 saxa
498 382 668 419 moveS‚
690 373 733 411 et
752 374 793 412 te
813 385 994 413 nemora
1012 374 1108 414 alta
1126 378 1374 427 sequuntur.

219 436 342 488 Quid
362 436 549 478 referam
569 441 742 479 veteres
763 451 964 493 cetaeque
986 441 1176 494 aerisque
1195 441 1387 494 figuras?

218 504 269 546 Si
290 503 396 558 quid
419 503 597 557 Apellei
617 505 809 558 gaudent
830 507 1055 549 animasse
1076 508 1273 559 colores;

218 571 270 613 Si
286 571 394 625 quid
414 571 560 614 adhuc
579 584 722 613 vacua
741 575 883 614 tamen
903 574 1165 616 admirabile
1186 575 1299 617 Pisa

1617 582 1676 625 65

215 715 310 747 simul
323 718 393 758 lyra
411 716 568 757 Thebana,
583 721 615 750 et
627 718 720 757 sama
730 717 865 759 pectinis
887 718 995 750 Getici
1014 720 1124 751 cedant
1139 719 1211 751 tibi.
1256 721 1301 752 Et
1323 723 1360 753 tu
1373 731 1473 754 moves
1485 724 1634 764 scopulos,
1648 726 1679 754 et

216 760 347 790 excelsoe
360 760 455 801 sylvae
470 763 501 791 te
514 764 694 800 sequantur.
741 761 827 796 Quid
851 771 1016 793 memorem
1040 763 1185 803 antiquas
1205 763 1359 804 imagines
1379 774 1484 796 cereas
1509 770 1539 797 et
1554 765 1680 798 cereas?

217 801 246 832 si
261 802 335 842 quid
348 803 463 834 colores
478 802 600 844 Apellis
613 803 761 835 laetantur
775 803 929 835 animasse
939 814 950 835 .·
971 805 1000 835 si
1016 805 1090 845 quid
1102 805 1286 838 admirabile
1302 806 1427 838 Phidioe
1447 818 1559 840 manua
1580 810 1678 851 sculp-

841 897 1021 910 OOOmON
1024 897 1085 910 One&

217 963 369 1002 mallem,
391 966 422 994 et
448 963 552 1004 chelys
573 963 631 994 illa
660 963 806 1002 Thebais,
828 963 1023 1005 emphatice
1053 969 1089 996 et
1116 964 1292 997 &maniis-f
1312 965 1519 998 Morka—64
1542 965 1580 998 Si
1605 968 1680 1007 quid

217 1006 319 1037 Pellei
335 1006 434 1038 Rom.
451 1011 487 1038 et
511 1009 578 1037 vet.
596 1006 852 1047 Lindenbrogii.
898 1006 937 1038 Si
959 1007 1034 1048 quid
1058 1007 1182 1047 Apellei
1204 1009 1342 1047 gaudent
1367 1010 1520 1040 animasse
1545 1009 1681 1050 liquores

216 1048 303 1088 legit
318 1048 484 1079 Heinsius
511 1048 553 1079 ad
581 1049 703 1081 Claud.
727 1050 831 1089 Rapt.
860 1049 960 1080 Pros.
991 1059 1047 1080 111.
1072 1052 1148 1082 386.
1192 1050 1356 1082 Bai-thius
1383 1061 1464 1083 vero
1487 1052 1528 1082 ad
1556 1052 1677 1083 Ciand.

217 1091 348 1130 Paneg.
368 1093 402 1122 in
420 1092 521 1123 Prob.
538 1096 574 1122 et
591 1091 694 1132 Olyb.
712 1092 814 1123 Cons.
839 1094 892 1123 18.
917 1092 1005 1128 Quid
1018 1092 1153 1131 referam
1165 1096 1284 1125 veteres
1296 1103 1411 1125 ceroene
1425 1093 1680 1136 aerisvefiguras,

216 1133 342 1174 Siquid
357 1134 489 1174 Apelloei
502 1135 640 1173 gaudent
662 1134 817 1166 animasse
837 1134 1046 1166 σήπει-65
1071 1139 1080 1153 ‘
1094 1135 1286 1177 Corruptus
1314 1139 1368 1167 est
1391 1137 1496 1176 locuti,
1517 1141 1554 1168 et
1579 1135 1680 1168 valde

216 1177 375 1217 suspicor
389 1176 452 1208 sub
467 1176 608 1208 vocibus
622 1177 721 1207 adhuc
736 1187 832 1208 vamca
846 1177 953 1208 latere
969 1177 1122 1219 alapiam,
1146 1178 1168 1208 i.
1185 1187 1216 1210 e.
1236 1179 1418 1220 Olympiaca
1425 1189 1438 1216 ‚⁸
1460 1180 1530 1211 ita:
1555 1179 1593 1211 Si
1607 1180 1681 1221 quid

221 1218 406 1261 Olympiaca
413 1218 514 1258 famoe
525 1219 710 1251 admirabile
726 1219 817 1260 Pisa,
831 1221 885 1260 ξε.
929 1219 1019 1251 Vide
1035 1219 1140 1262 Apul.
1155 1220 1251 1253 initio
1266 1221 1394 1254 Florid.
1411 1231 1452 1254 n.
1468 1222 1569 1261 faniae
1582 1223 1680 1254 admi-

876 1315 1026 1349 NOTAE

215 1389 393 1422 amiciores
409 1391 550 1433 delegit.
587 1391 656 1423 Sed
669 1395 783 1424 nautae
799 1391 920 1424 Corin-

217 1441 279 1473 thii
296 1451 357 1481 spe
379 1441 521 1482 praedae,
547 1442 793 1485 potiuudaeque
817 1452 922 1484 pecu-

208 1486 294 1531 niae,
319 1492 501 1523 consilium
527 1492 678 1525 inierunt
700 1493 744 1524 de
768 1493 922 1525 necando

214 1541 366 1573 Arione:
389 1551 458 1584 quo
481 1542 539 1574 iile
562 1543 743 1574 intellecto
771 1543 923 1584 territus,

219 1602 281 1632 spe
298 1593 388 1623 omni
405 1593 486 1624 vitae
514 1592 663 1633 perdita,
677 1592 711 1624 id
729 1602 831 1624 unum
847 1603 923 1624 ora-

216 1641 279 1682 vit,
294 1646 332 1673 ut
348 1642 546 1684 priusquam
569 1648 714 1674 mortem
729 1647 924 1684 oppeteret,

216 1691 361 1724 induere
385 1693 627 1734 permitterent
646 1694 712 1726 sibi
737 1704 798 1725 sua
819 1694 923 1726 vesti-

218 1747 348 1784 menta,
359 1748 392 1775 et
409 1742 496 1775 fides
511 1753 650 1785 capere,
661 1748 697 1776 et
708 1753 833 1776 canere
848 1753 922 1776 car-

217 1802 309 1835 men,
323 1803 391 1835 quo
405 1804 501 1826 suum
517 1804 634 1826 casum
650 1792 813 1827 defleret:
830 1794 923 1836 quod

216 1848 392 1883 oraverat,
422 1844 599 1885 impetrat.
658 1843 772 1887 Atque
801 1845 850 1877 ibi
878 1844 923 1876 de

215 1902 312 1925 more
325 1894 472 1935 cinctus,
480 1895 639 1935 amictus,
649 1901 801 1936 ornatus,
813 1899 923 1927 stans-

219 1953 286 1986 que
309 1944 344 1975 in
368 1954 508 1976 summae
525 1946 650 1987 puppis
673 1945 924 1987 for0‚carmen‚

217 1994 308 2036 quod
332 1994 528 2026 ‘orthium’
552 1996 693 2036 dicitur,
717 2006 802 2028 voce
827 1996 923 2028 altis-

215 2045 301 2077 sima
315 2046 480 2078 cantavit.
523 2046 682 2078 Tandem
705 2056 742 2078 se
765 2046 923 2087 praecipi·

215 2095 306 2128 tavit
319 2095 354 2128 in
369 2106 477 2136 mare,
487 2100 523 2128 et
538 2101 653 2127 nantae
670 2096 815 2137 periisse
827 2096 923 2128 illum

214 2147 411 2187 credentes,
436 2157 585 2188 cursum,
612 2157 713 2189 quem
743 2152 923 2188 ceperant,

213 2201 411 2231 tennerunt.
457 2198 612 2239 Contigit
634 2202 762 2237 mitem,
786 2202 825 2229 ut
851 2198 922 2230 del-

214 2247 338 2288 phinus
362 2248 463 2280 dorso
486 2247 649 2280 Arionem
668 2248 860 2288 exciperet,
887 2253 924 2281 et

216 2308 293 2331 eum
309 2298 514 2331 incolumem
533 2308 692 2340 corpore,
714 2302 837 2331 ornatu
853 2309 921 2341 quo

215 2354 304 2385 erat,
328 2350 508 2382 Taenarum
529 2350 566 2381 in
592 2355 718 2382 terram
733 2350 918 2383 Laconiam

215 2399 372 2431 deferret
385 2410 393 2431 ε
407 2399 498 2431 unde
512 2400 621 2432 Arion
632 2401 831 2433 Corinthum
844 2411 922 2442 pro-

215 2449 340 2490 fectus,
357 2460 429 2482 rem
444 2460 578 2482 omnem
599 2450 791 2483 Periandro
813 2460 920 2493 expo-

215 2502 298 2542 suit,
319 2501 374 2533 cui
400 2501 503 2533 fidem
519 2511 586 2534 non
602 2502 759 2535 adhibuit
775 2502 921 2544 primum

214 2552 418 2584 Periander.
483 2551 648 2593 Appnlsis
683 2563 762 2585 mox
797 2553 924 2594 nautis,

216 2607 462 2644 percunctatus
485 2608 537 2634 est
564 2613 623 2634 eos
652 2604 856 2640 Periander,
894 2604 923 2636 si

215 2653 297 2694 quid
329 2652 374 2684 de
401 2650 530 2684 Arione
557 2653 696 2685 scirent.
740 2653 772 2685 Ii
797 2654 922 2686 retule-

214 2708 296 2734 runt
310 2703 421 2744 ipsum
438 2703 585 2735 omnium
600 2712 659 2734 ore
683 2704 868 2744 celebrari,
882 2714 921 2736 ae

214 2755 341 2787 multas
356 2765 438 2798 opes
454 2755 716 2797 comparavisse.
739 2756 837 2788 Inter
849 2752 922 2789 hae'c

977 1401 1093 1424 eorum
1107 1390 1221 1432 verba,
1237 1390 1346 1422 Arion
1363 1391 1476 1423 subito
1487 1393 1683 1433 comparuit

977 1451 1053 1474 cum
1070 1441 1208 1482 fidibus,
1219 1451 1260 1473 eo
1272 1445 1478 1483 ornatu,quo
1487 1451 1525 1475 se
1537 1442 1570 1473 in
1587 1451 1680 1474 mare

977 1492 1198 1534 conjecerat:
1229 1490 1310 1522 inde
1337 1490 1527 1532 stupefacti
1558 1496 1683 1532 nautae,

977 1542 1195 1583 convictique
1211 1541 1339 1573 factum
1354 1551 1482 1582 negare
1497 1551 1566 1573 non
1582 1547 1682 1583 potn-

978 1599 1091 1626 erunt.
1116 1594 1171 1626 Ad
1183 1594 1452 1626 confirmandum
1468 1597 1583 1625 autem
1597 1594 1682 1625 hauc

977 1655 1049 1677 rem
1067 1645 1248 1677 simulacra
1270 1645 1336 1676 duo
1365 1645 1408 1677 ad
1433 1645 1617 1677 Taenarum
1634 1645 1681 1676 vi·

977 1699 1112 1735 suatur,
1130 1696 1322 1737 Delphinus
1337 1696 1464 1728 vehens
1476 1700 1512 1727 et
1523 1695 1621 1727 homo
1632 1696 1680 1726 in-

977 1746 1106 1777 sidens.
1152 1745 1243 1777 Vide
1259 1746 1392 1778 Herod.
1407 1746 1467 1778 lib.
1485 1755 1511 1778 1.
1538 1751 1575 1778 et
1601 1746 1682 1778 Gel-

977 1796 1059 1828 lium
1074 1796 1134 1827 lib.
1152 1805 1232 1829 xvi.
1249 1806 1328 1838 cap.
1347 1799 1399 1829 19.
1483 1827 1486 1829 .

1019 1848 1060 1877 61
1088 1845 1238 1885 Thebais]
1268 1845 1311 1877 Id
1336 1851 1403 1885 eet,
1424 1845 1588 1878 Thebana
1602 1845 1682 1878 Am-

977 1894 1125 1936 phionis,
1138 1894 1196 1936 qui
1211 1893 1256 1925 ad
1272 1899 1410 1927 cantum
1435 1895 1575 1928 citharae
1596 1895 1681 1927 dici-

977 1948 1034 1975 tur
1049 1944 1244 1976 extruxisse
1258 1953 1374 1976 muros
1389 1944 1587 1978 Thebanos,
1618 1946 1681 1976 Ge-

976 1995 1034 2028 tici
1061 1995 1188 2036 plectri]
1211 1995 1345 2037 Orphei
1372 1996 1524 2028 Thracis.
1573 1997 1681 2029 Getici

978 2055 1073 2087 vero,
1089 2046 1168 2088 quia
1182 2045 1286 2078 Getae
1302 2056 1384 2087 gens
1399 2047 1557 2080 Thracia.

1018 2099 1060 2128 62
1083 2097 1131 2128 Et
1152 2100 1188 2128 tu
1212 2106 1291 2128 saxa
1313 2107 1429 2139 moves,
1445 2100 1477 2129 et
1500 2101 1532 2130 te
1555 2107 1682 2130 nemora

976 2147 1043 2179 alta
1057 2146 1244 2188 sequuntur]
1268 2147 1359 2179 Saxa
1381 2157 1506 2186 moves,
1533 2153 1572 2179 ut
1599 2147 1682 2181 Am-

978 2198 1095 2240 phion,
1121 2203 1158 2229 et
1187 2197 1360 2239 Orpheus.
1403 2199 1452 2231 Et
1477 2203 1512 2230 te
1541 2208 1682 2231 nemora

977 2253 1178 2291 sequuntur,
1191 2252 1230 2280 ut
1246 2248 1480 2291 sequebantur
1490 2249 1681 2292 Orpheum.

977 2300 1081 2332 Notae
1095 2298 1237 2331 fabulae.

1014 2352 1056 2382 63
1075 2351 1223 2391 ceroeque
1236 2350 1368 2391 arisque
1382 2350 1527 2392 figuras]
1549 2350 1592 2382 Id
1614 2354 1679 2390 est,

972 2401 1137 2442 imagines
1153 2410 1196 2432 ex
1212 2410 1280 2432 aere
1297 2404 1334 2432 et
1350 2410 1442 2432 cera.

1015 2453 1058 2483 64
1084 2450 1203 2491 Apellei
1229 2450 1361 2491 colores]
1395 2449 1532 2491 Apelles
1555 2449 1679 2482 nobilis

974 2500 1101 2542 pictor.
1146 2500 1237 2532 Vide
1261 2501 1395 2542 Equum
1421 2500 1610 2533 Domitiani
1627 2510 1676 2532 vs.

977 2554 1050 2584 100.

1017 2603 1058 2633 66
1088 2601 1194 2633 Vacua
1218 2601 1310 2643 Pisa]
1333 2601 1416 2633 Pisa
1446 2601 1525 2635 urbs
1554 2602 1675 2634 Elidis.

980 2651 1100 2692 Vacua]
1123 2652 1189 2683 Vel
1214 2652 1295 2693 quia
1311 2656 1393 2682 tunc
1409 2651 1573 2692 temporis
1597 2652 1678 2684 Pisa

976 2702 1109 2736 civibus
1124 2711 1163 2734 ac
1179 2702 1494 2738 ineolisexhausta.
1538 2701 1592 2734 Sic
1616 2702 1678 2735 Ju-

976 2757 1130 2790 venalis:
1150 2758 1160 2775 ⁴
1173 2755 1299 2788 Vacuis
1320 2755 1410 2797 quod
1438 2754 1555 2787 sedem
1571 2754 1677 2797 figere
