1800 3060
241 215 333 256 ‘240'
744 228 783 258 Ρ.
816 228 1008 258 ΡΑΡιΝιι
1044 228 1208 260 s‘rA‘rn

242 319 372 362 Pana
392 321 517 375 sequi
537 319 735 372 credens,
751 322 842 364 ima
859 322 979 364 latus
1000 323 1201 376 implicat
1221 324 1336 378 alga.

242 386 365 437 Quid
385 389 546 429 faceret
566 389 715 430 subito
736 389 950 444 deceptus
969 391 1124 445 praedo
1141 393 1161 432 ‘l
1192 405 1270 434 nec
1292 392 1396 434 altis

241 455 426 497 Credere
448 469 611 509 corpus
632 457 759 510 aquis
781 457 907 499 hirtae
928 458 1015 499 sibi
1037 460 1246 500 conscius
1268 460 1403 501 audet

241 523 399 573 Pellis,
414 526 457 564 et
478 536 505 564 a
525 527 674 564 tenero
695 523 831 564 nandi
849 524 996 567 rudis:
1027 527 1178 568 omnia
1197 530 1398 581 questus,

240 589 459 631 Immitem
480 590 649 641 Brimo,
671 595 821 644 stagna
844 591 1012 642 invida,
1033 596 1080 632 et
1100 593 1253 635 invida
1273 593 1361 635 tela
1378 606 1392 645 ;

240 658 508 700 Primaevam
529 658 629 699 visu
648 658 892 712 platanum,
914 659 987 700 cui
1007 660 1139 713 longa
1160 673 1373 715 propage,

238 724 573 779 Innumeraeque
593 738 766 776 manus,
788 730 833 768 et
852 727 995 768 iturus
1010 728 1056 768 in
1078 727 1242 769 aethera
1263 732 1431 778 vertex,

239 792 466 845 Deposuit
478 792 627 846 juxta,
651 793 890 847 vivamque
911 794 1108 847 aggessit
1123 807 1314 846 arenam,

1645 393 1702 435 35

1642 729 1699 769 40

235 901 285 933 dit
299 911 332 932 se
346 902 380 933 in
394 902 467 933 imis
472 902 591 941 juncis.
636 902 722 938 Quid
733 904 841 943 proedo
855 907 965 943 ageret
979 904 1080 935 subito
1094 905 1217 936 delusus
1228 903 1245 937 :²
1271 904 1343 936 Non
1357 905 1449 936 audet
1463 914 1497 936 se
1511 903 1605 935 undis
1618 914 1698 937 com-

234 946 360 976 mittere
372 955 441 976 cum
456 945 579 976 hirsuta
599 946 690 985 pelle,
717 949 747 977 et
763 946 927 985 imperitus
940 948 1071 978 natandi
1087 947 1125 978 ab
1139 947 1287 986 infantia.
1331 947 1482 979 Incusum
1495 947 1611 987 omnia,
1627 956 1701 978 cru·

234 988 332 1018 delem
348 988 498 1024 Dianam,
514 988 636 1018 invidos
648 988 742 1028 lacus,
756 991 788 1019 et
801 989 926 1019 invidas
948 990 1098 1029 sagittus,
1119 989 1278 1030 plantavit
1293 989 1394 1028 juxta
1411 990 1536 1028 sontem
1558 994 1699 1022 teneram

232 1030 408 1069 platanum,
424 1031 473 1061 cui
489 1031 590 1070 longoe
604 1033 693 1061 erant
715 1031 830 1071 stirpes
856 1034 886 1062 et
911 1031 1069 1063 innumeri
1090 1033 1184 1072 rami,
1198 1036 1228 1063 et
1244 1042 1389 1064 cacumen
1404 1032 1570 1072 aliquando
1580 1032 1699 1072 petitu-

240 1081 312 1103 rum
324 1073 446 1113 coelum,
471 1076 502 1104 et
526 1073 733 1105 accumulavit
754 1074 859 1105 vivam
879 1082 1019 1114 arenam,
1034 1077 1064 1106 et
1077 1076 1241 1115 platanum
1255 1074 1407 1115 irrigavit
1421 1074 1524 1115 aquis,
1539 1074 1575 1106 in
1590 1074 1701 1116 quibus

850 1162 1068 1176 ‘muum
1071 1164 1091 1175 O

237 1215 357 1249 Barth.
400 1217 410 1234 ‘
427 1216 517 1256 Lege
533 1217 722 1248 certissima
737 1217 998 1249 emendatione:
1021 1217 1111 1249 Sicut
1127 1221 1194 1249 erat
1219 1226 1288 1250 cum
1307 1221 1402 1249 veste.
1424 1216 1532 1248 Theb.
1548 1225 1607 1249 nr.
1621 1220 1698 1249 680.

238 1269 292 1291 rv.
310 1261 384 1291 802.
403 1268 468 1290 vn.
485 1262 561 1291 819.
586 1260 687 1291 Ovid.
705 1260 792 1291 Met.
809 1268 892 1291 xm.
908 1262 984 1291 584.
1008 1260 1086 1292 &c.’
1108 1261 1317 1291 Murkl.—38
1339 1259 1427 1291 Edd.
1445 1264 1532 1292 vett.
1547 1259 1700 1291 habent:

237 1302 394 1333 Immitem
414 1302 585 1333 Bromium.
629 1305 638 1318 ⁸
652 1301 782 1333 Auctor
798 1312 869 1333 sum
886 1303 1028 1334 edituris
1041 1303 1199 1342 Statium,
1211 1307 1248 1333 ut
1264 1302 1336 1334 sine
1353 1303 1419 1334 nlla
1434 1302 1651 1333 haesitatione
1666 1303 1700 1333 in

237 1349 370 1376 textum
389 1345 559 1384 recipiant
575 1345 774 1385 palmariam
797 1344 1012 1376 illustrissimi
1040 1345 1103 1376 viri
1127 1345 1387 1386 conjecturam:
1412 1345 1550 1376 Invitum
1563 1344 1703 1376 Brimo?

238 1386 295 1418 lta
310 1387 429 1418 scribit
446 1387 594 1419 Gronov.
611 1388 643 1418 in
660 1387 775 1419 Diatr.
792 1396 869 1428 cap.
885 1390 939 1419 20.
984 1387 1237 1419 Illustrissimus
1253 1387 1309 1418 ille
1326 1387 1378 1418 vir
1392 1391 1445 1418 est
1461 1387 1653 1428 Scaligerns
1665 1386 1699 1418 in

237 1429 340 1461 Notis
351 1430 392 1460 ad
407 1429 568 1471 Propert.
585 1439 624 1461 11.
637 1433 670 1462 2.
685 1433 736 1461 12.
781 1430 791 1447 ‘
806 1430 987 1462 Memoriae
1001 1439 1081 1461 vero
1096 1429 1205 1462 falsus
1221 1429 1288 1462 fuit
1305 1429 1499 1462 Gronovius
1519 1439 1596 1461 cum
1611 1429 1699 1460 Invi-

234 1475 302 1503 tam
313 1473 423 1503 Brimo
437 1473 610 1513 Scaliger-o
622 1472 827 1512 imputaret:
846 1472 903 1503 ille
913 1473 1002 1504 enim
1014 1482 1081 1503 non
1092 1473 1231 1504 Invitam
1239 1471 1299 1504 sed
1311 1472 1467 1504 Immitem
1476 1472 1652 1509 Brimosut
1664 1471 1698 1502 in

236 1515 386 1556 vulgatis
397 1519 463 1553 est,
478 1514 641 1556 legebat.'
658 1515 781 1546 Markl.
827 1515 974 1547 Inmitem
994 1515 1103 1546 Brimo
1117 1519 1213 1547 certe
1225 1515 1320 1547 dedit
1331 1515 1526 1555 Scaligerus
1541 1514 1575 1546 in
1592 1513 1698 1545 omni-

235 1556 301 1588 bus
317 1557 396 1589 edd.
412 1558 521 1598 prima
537 1561 632 1590 1577.
647 1557 798 1589 secunda
815 1559 912 1590 1582.
927 1557 1032 1589 tertia
1045 1561 1141 1589 1600.
1155 1559 1239 1589 item
1253 1558 1286 1589 in
1299 1555 1354 1589 ed.
1365 1557 1502 1589 Morell.
1517 1559 1699 1598 1604.qnae

237 1608 299 1631 nos
317 1610 422 1641 penes
438 1605 528 1631 sunt.
560 1600 716 1631 Handius
733 1605 849 1631 tamen
865 1601 1051 1631 assentitur
1063 1601 1236 1632 Gronovio
1249 1601 1283 1631 in
1297 1600 1386 1631 notis
1399 1600 1442 1631 ad
1453 1600 1563 1632 Diatr.
1577 1609 1611 1640 p.
1623 1601 1698 1631 195.

236 1642 288 1673 his
307 1642 418 1674 verbis
434 1653 443 1674 ι
467 1644 477 1660 ⁴
493 1643 549 1674 Ita
561 1643 712 1674 correxit
727 1642 749 1675 J
754 1652 803 1674 os.
815 1642 972 1683 Scaliger
997 1643 1032 1674 in
1055 1643 1204 1674 secunda
1220 1642 1304 1674 edit.
1320 1642 1494 1684 Propertii
1515 1646 1552 1673 et
1577 1641 1698 1683 proba·

238 1690 318 1716 runt
335 1685 486 1716 editores
505 1690 582 1725 post
607 1694 685 1716 eum
710 1684 850 1716 omnes!
894 1685 1057 1716 Barthius
1073 1686 1178 1717 etiam
1195 1695 1213 1715 e
1228 1685 1394 1726 scaligeri
1413 1684 1597 1726 Propertio
1613 1684 1700 1716 citat

235 1726 395 1759 Immitem
409 1727 623 1759 Brimo.—40
647 1727 813 1759 Nonnulli
831 1727 934 1760 codd.
957 1729 998 1759 od
1019 1727 1148 1761 ‹etha-a.
1190 1727 1281 1760 Vide
1297 1727 1339 1759 ad
1355 1735 1383 1760 ι.
1398 1728 1492 1770 Sylv.
1508 1729 1541 1759 8.
1557 1729 1697 1759 82.-46

893 1807 1035 1840 NOTAE

278 1874 321 1903 38
367 1871 494 1912 Brimo]
538 1872 586 1904 Et
628 1871 765 1914 quidem
803 1870 940 1912 optime.

235 1922 480 1955 Grammaticis
507 1923 641 1956 Graecis
663 1922 763 1964 Βριμὼ
782 1921 803 1960 ἦ
824 1926 941 1963 Περσε-

232 1972 326 2013 φόνη,
341 1973 375 2005 id
402 1978 468 2010 est,
491 1973 695 2014 Proserpina,
714 1982 790 2014 quae
821 1972 940 2004 eadem

233 2033 276 2055 ac
295 2023 420 2064 Diana,
446 2027 483 2055 ut
497 2032 614 2055 omnes
631 2023 755 2054 sciunt.

276 2075 320 2104 39
343 2073 536 2105 Primaevam
560 2073 630 2104 visu
648 2071 826 2114 platanum]
862 2072 941 2103 Ele-

234 2128 369 2165 ganter,
391 2124 573 2164 primaewm
592 2123 660 2155 visu
677 2124 841 2164 platanum
856 2122 942 2154 dicit

233 2173 601 2214 Poeta‚1aetissimam,
630 2183 707 2215 quae
733 2173 806 2214 jam
837 2172 941 2204 altam

232 2224 306 2265 egit
321 2224 485 2264 radicem,
501 2234 578 2266 quae
604 2224 675 2256 lata
701 2224 831 2263 umbra,
854 2228 890 2254 et
906 2223 940 2254 in

233 2274 358 2307 coelum
386 2279 510 2306 evecto
539 2283 667 2315 scapo:
693 2282 796 2314 eopse
825 2282 939 2313 sensu,

233 2334 301 2366 quo
332 2324 497 2357 Horatius
522 2323 691 2356 ‘novam'
721 2324 756 2355 in
786 2323 938 2364 Epodis:

230 2375 242 2392 ‘
257 2384 357 2416 quam
384 2385 472 2406 nova
495 2375 638 2407 collibus
654 2375 755 2406 arbor
770 2373 939 2406 inhaeret.'

233 2423 395 2457 Imitatus
412 2425 612 2463 Homerum,
629 2425 728 2466 cujus
744 2431 796 2456 est
813 2423 938 2465 Odyss.

229 2474 265 2516 ζ.
286 2474 382 2516 Δήλῳ
405 2475 518 2514 δήποτε
530 2478 627 2518 τοῖον,
644 2475 844 2508 ’Λπόλλωνος
858 2475 940 2516 παρὰ

231 2527 337 2567 βωμῷ,
365 2526 502 2559 Φοινίκας
529 2526 598 2559 νέον
626 2526 710 2568 ἔρνος
735 2525 940 2568 ἀνερχόμενον

229 2577 358 2616 ἐνόησα.
396 2579 508 2619 Nuper
537 2579 571 2610 in
600 2580 698 2619 Delo,
723 2578 823 2618 juxta
850 2587 938 2608 aram

231 2629 401 2671 Apollinis,
428 2630 490 2660 tale
524 2639 653 2669 germen
685 2639 796 2660 novum
821 2628 935 2668 palmae

229 2689 422 2712 succrescens
431 2681 587 2721 conspexi.
617 2681 627 2697 ‘
644 2678 764 2712 Nova'
787 2687 854 2710 non
865 2687 935 2709 ma·

231 2732 281 2771 gis
312 2731 462 2764 Horatio
488 2730 627 2771 dicitur,
656 2740 732 2772 quae
752 2740 843 2762 nunc
869 2730 936 2771 pri-

233 2791 324 2813 mum
340 2781 471 2815 radices
495 2781 580 2824 egit,
603 2791 703 2822 qnam
719 2781 793 2813 haec
811 2781 938 2812 Home-

995 1881 1034 1903 ro
1049 1869 1114 1911 νέα,
1128 1871 1170 1903 ad
1187 1880 1288 1913 quam
1302 1876 1385 1903 ante
1399 1875 1450 1904 tot
1460 1870 1586 1903 saecula
1595 1871 1698 1903 Lato-

995 1932 1040 1953 na
1072 1926 1269 1963 pepererat.
1313 1922 1438 1963 Neque
1465 1921 1571 1953 vertit
1598 1921 1699 1953 aliter

995 1973 1132 2013 Cicero,
1171 1975 1181 1991 ‘
1195 1973 1287 2015 quod
1317 1972 1524 2005 Homericus
1554 1973 1697 2015 Ulysses

997 2023 1078 2054 Deli
1092 2032 1128 2054 se
1140 2033 1316 2064 proceram
1333 2027 1369 2055 et
1385 2027 1536 2055 teneram
1552 2023 1698 2064 palmam

995 2073 1120 2106 vidisse
1133 2073 1142 2086 ’
1165 2074 1224 2106 ait.
1269 2073 1429 2105 Primaeva
1445 2073 1547 2113 igitur
1559 2073 1631 2105 visu
1644 2083 1697 2105 ar·
1716 2074 1720 2083 ’

996 2124 1068 2164 bor,
1081 2134 1172 2165 nova,
1186 2123 1251 2164 νέα,
1266 2127 1371 2156 tenera
1385 2123 1453 2155 illis
1468 2123 1606 2164 dicitur,
1620 2133 1695 2165 qnae

994 2175 1029 2207 in
1056 2174 1307 2216 perfectissima
1329 2174 1394 2206 aevi
1409 2174 1461 2206 sui
1475 2173 1558 2216 ἀκμῇ
1571 2175 1697 2206 consti-

996 2230 1072 2257 tuta
1086 2229 1151 2257 est.
1177 2224 1366 2256 Gronovius.

1036 2278 1076 2307 41
1107 2275 1274 2316 Virumque
1287 2273 1427 2315 aggessit
1439 2272 1593 2317 arenam]
1604 2273 1696 2307 Quid

994 2335 1057 2366 per
1068 2325 1171 2357 vivam
1181 2335 1307 2356 arenam
1316 2325 1486 2365 intelligat
1497 2323 1620 2363 Poeta,
1629 2333 1696 2355 non

994 2376 1090 2417 potui
1115 2374 1418 2416 comprehendere.
1471 2374 1527 2406 An
1557 2384 1695 2406 arenam

995 2435 1057 2467 pro
1087 2424 1206 2467 quavis
1230 2429 1324 2457 terra
1354 2424 1471 2464 sumit,
1495 2428 1531 2455 et
1549 2423 1622 2455 tiva
1642 2424 1710 2459 liic.

992 2486 1087 2508 arena
1110 2476 1309 2517 accipienda
1324 2476 1383 2516 sit,
1399 2485 1461 2517 pro
1478 2479 1572 2506 terra
1595 2474 1695 2516 bona,

992 2525 1231 2568 foeeundaque,
1273 2525 1533 2566 nutriendaeque
1584 2524 1696 2556 arbori

991 2576 1138 2609 idonea?
1167 2575 1223 2608 An
1240 2581 1334 2608 terra
1349 2583 1489 2607 arenosa
1503 2573 1695 2615 intelligen-

990 2627 1046 2667 da,
1058 2627 1091 2658 in
1109 2637 1174 2669 qua
1184 2627 1297 2658 laetius
1309 2630 1346 2658 et
1359 2626 1477 2657 melius
1489 2624 1695 2667 proveniant

989 2677 1141 2720 platani?
1160 2676 1228 2709 Sed
1243 2677 1286 2709 de
1297 2677 1362 2709 hoc
1375 2676 1479 2709 silent
1494 2675 1694 2717 scriptores,

990 2733 1028 2761 et
1041 2729 1115 2771 ipse
1133 2727 1280 2761 Plinius.
