1800 3060
214 189 272 231 72

710 200 752 231 P.
786 197 975 231 PAPINII
1007 198 1173 231 STATu

217 293 397 337 Atticus
419 294 529 337 Elaei
547 294 691 338 senior
709 294 739 337 J
742 295 867 349 ovis;
897 299 940 338 et
960 300 1035 338 tua
1054 296 1177 339 mitis

214 405 345 437 induere
358 405 471 438 Jovem
488 405 598 438 Eleum
620 409 674 437 tua
690 405 798 446 forma
816 405 850 437 in
863 415 942 437 novo
964 405 1099 438 delubro.
1143 406 1250 439 Mollis
1266 407 1417 441 Tarentus
1433 410 1539 443 mallet
1553 410 1670 443 intueri

831 490 949 505 ‘‘‘‘‘

950 491 1067 505 ΝΜΟ

218 546 280 575 102
302 544 416 576 Actius
438 545 565 578 venet.
581 549 613 578 1.
636 546 763 578 Atticus
787 546 868 578 Etaei
889 551 990 579 sector
1018 547 1166 590 Lipsius,
1190 548 1412 590 probantibus
1434 550 1540 583 Bern.
1565 550 1667 583 Grnt.

216 586 362 628 Peyrar.
378 588 479 620 Lind.
496 594 533 620 et
553 590 595 621 V.
614 589 659 621 D.
674 591 710 620 iu
725 589 873 630 exempl.
889 590 988 622 Gott.
1010 591 1046 622 in
1062 596 1193 623 textum
1214 592 1347 632 recepit
1361 592 1482 625 Grass.
1498 594 1671 626 Livineius

216 631 370 672 scripsit:
394 632 466 662 Elei
477 631 604 671 genitor
618 632 720 664 Jovis.
744 633 846 665 Cruc.
862 632 896 664 in
912 633 1105 667 Antidiatr.
1119 644 1154 676 p.
1167 636 1219 667 13.
1233 635 1362 667 Atticus
1371 635 1452 667 Elaea·
1461 637 1608 679 sculptor,
1617 638 1670 678 ὅγε.

877 730 1022 764 NOTAE

216 793 286 825 Sed
327 793 436 826 instar
471 794 618 826 omnium
658 795 847 828 Pausanias
874 801 928 828 est

218 843 330 883 priore
343 844 550 886 Eliacorum,
560 855 659 887 quem
674 846 767 878 vide.
810 847 926 878 Solum

216 894 264 926 ibi
279 893 426 926 referam
443 896 647 928 Pausaniam
664 897 843 938 scripsisse
860 903 928 929 sta·

217 950 312 977 tuam
334 945 421 978 hanc
450 946 650 979 Phidiacam
679 947 822 980 fulmine
850 958 926 989 pro·

217 1001 374 1035 stratam,
389 1006 466 1028 cum
481 997 666 1030 dicaretur.
701 998 792 1030 Vide
807 1003 844 1030 et
859 999 928 1030 Pli-

216 1048 309 1079 nium
339 1048 398 1080 lib.
427 1058 564 1080 xxxw.
596 1059 674 1090 cap.
703 1054 736 1082 5.
796 1049 927 1082 Eodem

217 1099 321 1139 plane
345 1108 461 1138 sensu,
481 1110 547 1141 qno
562 1100 742 1142 Papinius,
759 1101 926 1132 Martialis

216 1147 266 1179 ait
274 1148 431 1180 Phidiam
446 1149 572 1181 victum
581 1150 624 1182 ab
631 1158 685 1190 eo,
692 1150 748 1192 qni
757 1151 926 1182 Caesarem

218 1199 362 1239 sculpsit
378 1199 436 1232 lib.
451 1208 505 1232 xx.
522 1200 623 1241 Epig.
636 1203 690 1233 25.
729 1202 739 1218 ‘
750 1201 835 1234 Quis
847 1201 927 1233 Pal-

215 1249 343 1281 latinos
369 1250 523 1282 imitatus
546 1251 694 1293 imagine
717 1252 830 1283 vultus
847 1252 928 1283 Phi-

218 1300 354 1333 diacum
385 1302 484 1333 Latio
513 1311 683 1334 marmore
714 1303 797 1335 vicit
820 1303 930 1336 ebur?

219 1351 307 1384 Haec
337 1352 452 1384 mnndi
478 1351 604 1392 facies;
632 1354 707 1385 haec
732 1358 811 1385 sunt
833 1353 929 1387 Jovis

220 1411 280 1433 ora
294 1402 434 1434 Sereni:
464 1403 522 1435 Sic
538 1408 637 1435 tonat
652 1404 709 1435 ille
724 1404 835 1445 Deus,
851 1413 927 1435 cum

219 1452 294 1484 sine
307 1452 400 1485 nube
417 1454 538 1486 tonat!
579 1456 627 1486 Et
642 1456 743 1496 Epig.
760 1458 814 1488 66.
837 1456 926 1496 ejus-

218 1503 296 1535 dem
323 1503 424 1536 libri:
454 1505 463 1522 ‘
479 1504 602 1538 Alcide
634 1506 735 1538 Latio
759 1515 850 1539 nunc
871 1515 927 1548 ag-

217 1554 390 1586 noscende
403 1554 564 1596 Tonanti,
579 1556 770 1598 Postquam
786 1557 929 1598 pulchra

216 1604 288 1636 Dei
304 1605 450 1637 Caesaris
472 1615 534 1638 ora
548 1606 658 1647 geris.v
695 1607 733 1638 Si
757 1607 824 1639 tibi
838 1616 928 1640 nune

216 1654 277 1687 isti
303 1656 418 1688 vultus
439 1656 642 1699 habitusque
667 1656 838 1698 fuissent,’
861 1660 928 1690 ἃς.

218 1706 266 1738 Et
297 1711 422 1739 notant
450 1717 579 1739 morem
608 1708 663 1739 hic
692 1708 859 1749 Papinius
890 1713 928 1740 et

216 1757 403 1797 Martialis,
426 1766 493 1799 quo
518 1758 594 1790 Diis
609 1758 861 1799 Imperatorum
877 1759 927 1791 fa-

216 1807 288 1839 cies
304 1806 464 1839 dabatur.
508 1808 638 1840 Postea
661 1809 767 1841 etiam
782 1819 851 1841 non
874 1820 926 1843 so-

169 1881 173 1884 *
215 1857 287 1889 lum
302 1857 556 1900 imperatorum,
569 1859 629 1892 sed
653 1860 793 1892 aliorum
817 1860 927 1893 forma

217 1908 316 1940 Deos
331 1908 527 1941 induerunt.
559 1909 615 1941 Ita
632 1909 804 1951 Apollonii
815 1911 926 1952 Thya-

216 1959 330 1991 nensis
339 1960 553 1992 simulacrum
561 1960 624 1992 sub
638 1955 925 1994 Herculis'Alexi-

218 2009 291 2042 caci
307 2010 444 2042 nomine
465 2010 718 2043 constituerunt
732 2016 768 2043 et
782 2012 926 2045 honora-

217 2065 300 2092 runt
326 2060 479 2102 Ephesfi,
501 2066 590 2093 teste
605 2061 802 2094 Lactantio.
842 2063 926 2096 Div.

216 2111 331 2143 Instit.
346 2111 406 2143 lib.
427 2120 463 2144 v.
479 2121 556 2154 cap.
572 2115 604 2145 3.
647 2113 704 2145 Sic
721 2113 812 2154 apud
834 2113 927 2145 Pau-

218 2161 346 2192 saniam
363 2161 546 2193 Arcadicis
561 2162 595 2193 in
612 2162 801 2204 Gymnasio
826 2160 926 2194 Man-

217 2212 321 2244 tineae
358 2217 435 2244 erat
464 2212 644 2245 dedicatus
674 2213 833 2245 Bacchus
864 2213 926 2245 sub

217 2261 328 2294 forma
344 2261 498 2295 Antinoi.
541 2263 645 2296 Hunc
668 2273 798 2296 morem
815 2265 929 2305 tangit

218 2317 255 2344 et
270 2316 388 2344 noster
404 2313 466 2345 sub
478 2312 580 2346 finem
590 2313 807 2346 Genethliaci
818 2315 927 2347 Luca-

217 2362 266 2403 ni,
280 2366 316 2393 et
327 2362 422 2394 initio
436 2363 585 2395 Pietatis
599 2363 812 2397 Abascantii.
837 2365 928 2397 Vide

218 2417 256 2444 et
290 2413 490 2445 Suetonium
525 2414 682 2455 Caligula
713 2424 791 2457 cap.
827 2417 861 2447 7.
891 2419 929 2448 et

218 2461 403 2504 Apuleium
420 2462 634 2495 Milesiorum
658 2464 718 2496 lib.
735 2473 820 2497 vm.
861 2465 928 2497 No-

218 2512 272 2553 vo]
307 2512 510 2554 Intelligunt
523 2514 710 2546 Gevartius
724 2524 765 2547 ac
781 2515 936 2547 Bernar-v

218 2563 288 2594 tius
317 2562 384 2594 hoc
414 2563 458 2594 de
490 2564 619 2605 templo
649 2566 760 2606 gentis
787 2565 930 2602 Flaviae,

218 2613 310 2656 quod
326 2613 559 2646 aedificaverat
574 2616 806 2658 Domitianus,
820 2621 860 2650 ut
873 2627 927 2650 re·

218 2663 337 2696 ferunt
366 2665 549 2706 scriptores
579 2665 718 2707 hujusce
748 2667 835 2707 aevi;
866 2667 927 2700 sed

218 2715 481 2757 intelligendum
503 2719 569 2753 est,
590 2721 630 2748 ut
650 2726 753 2758 supra
774 2718 927 2760 explica-

163 2769 167 2771 ”
218 2766 339 2799 vimus.
383 2766 475 2798 Novo
491 2776 583 2809 vero,
595 2767 676 2810 quia
694 2773 842 2802 testatur
857 2769 926 2803 Po·

966 797 1077 838 lybius
1091 797 1257 839 templum
1277 797 1374 832 Jovis
1389 798 1543 842 Olympii
1558 799 1670 831 cultus

966 847 1234 888 magnificentia,
1249 857 1316 880 non
1335 849 1503 882 accedere
1526 849 1569 882 ad
1585 849 1672 883 mule

966 901 1015 936 ta,
1046 907 1123 939 quae
1153 897 1189 929 in
1215 897 1354 931 Graecia
1382 898 1537 931 extincta
1563 903 1673 931 erant·

965 947 1108 979 Similem
1121 948 1169 989 te]
1214 949 1255 980 1d
1284 954 1350 990 est,
1373 952 1467 982 tuam
1483 950 1668 991 imaginem

964 1007 1024 1029 seu
1040 997 1198 1040 effigiem.
1243 999 1285 1031 In
1300 1000 1461 1042 lacrymis
1486 1001 1670 1033 Hetrusci:

965 1050 974 1066 ⁴
987 1048 1036 1079 're
1050 1048 1162 1080 lucida
1177 1058 1260 1081 saxa
1273 1050 1323 1082 Te
1335 1048 1481 1083 similem
1491 1050 1604 1084 doctae
1616 1061 1671 1084 re·

964 1097 1056 1131 feret
1071 1098 1152 1131 mihi
1176 1099 1269 1132 linea
1282 1101 1395 1133 ceras!
1440 1101 1483 1134 Id
1503 1107 1570 1143 est,
1589 1103 1673 1135 ima·

965 1149 1077 1189 ginem
1093 1155 1198 1183 tuam.
1234 1152 1393 1185 Juvenal·
1436 1152 1576 1196 ‘Siquis
1591 1154 1674 1186 Ari·

964 1202 1123 1233 stotelem
1139 1202 1298 1245 similem,
1318 1205 1375 1236 vel
1390 1202 1553 1238 Pittacon
1568 1205 1675 1240 emit!

955 1250 1082 1283 Similis
1110 1252 1319 1286 Aristoteles
1343 1255 1397 1287 vel
1423 1256 1597 1299 Pittacus,
1615 1261 1671 1289 est

965 1302 1078 1343 imago
1092 1300 1288 1336 Aristotelis
1303 1305 1358 1336 vel
1372 1305 1512 1339 Pittaci.

984 1372 987 1373 ν
1010 1355 1075 1384 102
1086 1353 1215 1386 Atticus
1227 1354 1346 1396 senior]
1363 1357 1432 1388 Per
1443 1356 1603 1390 Atticum
1619 1367 1671 1391 se-

966 1402 1271 1436 nioremPhidiam
1285 1405 1545 1439 celeberrimum
1560 1410 1674 1451 sculp-

966 1456 1074 1484 torem
1090 1453 1334 1487 Atheniensem
1349 1456 1606 1499 intelligendum
1622 1469 1674 1491 es-

965 1511 1002 1535 se
1017 1512 1121 1546 supra
1135 1506 1357 1540 ostendimus.
1392 1508 1534 1542 Phidias
1557 1515 1672 1543 autem

965 1558 1041 1585 erat
1075 1554 1266 1589 Charmidae
1306 1550 1407 1601 filius,
1431 1558 1671 1594 Atheniensis:

963 1603 1080 1636 floruit
1094 1605 1370 1648 olympiadem.
1385 1609 1506 1642 claruit
1520 1612 1669 1644 maxime

965 1654 1096 1687 duobus
1123 1657 1297 1698 operibus,
1318 1657 1408 1691 Jove
1433 1660 1611 1704 Olympio,
1626 1662 1671 1695 de

964 1715 1029 1748 quo
1039 1715 1155 1747 supra,
1167 1708 1371 1740 etMinerva
1382 1708 1592 1752 Athenium
1603 1722 1674 1744 am-

964 1757 1145 1798 plitudine,
1182 1762 1223 1790 ut
1250 1768 1298 1790 ea·
1319 1759 1366 1792 sit
1390 1759 1583 1794 cubitorum
1611 1761 1668 1795 20.

963 1808 1066 1840 ebore
1082 1809 1156 1840 haec
1169 1814 1205 1841 et
1217 1819 1298 1841 auro
1313 1815 1470 1844 constat:
1488 1812 1549 1844 sed
1565 1811 1672 1845 maxi-

963 1868 1018 1890 me
1033 1858 1265 1891 admirabilem
1290 1860 1376 1893 dicit
1390 1867 1489 1894 scuto
1512 1862 1586 1905 ejus
1602 1864 1674 1896 Pli-

964 1909 1038 1940 nius
1053 1910 1127 1942 loco
1143 1920 1249 1951 supra
1271 1911 1422 1952 laudato,
1438 1912 1472 1944 in
1489 1923 1556 1956 quo
1571 1913 1674 1946 Amn-

964 1969 1085 1992 zonum
1102 1961 1256 2002 praelium
1267 1961 1406 1993 caelavit
1417 1962 1671 1997 intumescente

963 2010 1093 2042 ambitu
1109 2020 1247 2052 parmae,
1258 2011 1414 2052 ejusdem
1429 2021 1581 2045 concava
1595 2023 1673 2055 par-

964 2066 1001 2094 te
1029 2062 1180 2094 Deorum
1211 2067 1250 2094 et
1276 2062 1452 2104 gigant-um
1481 2063 1672 2097 dimicatio-

964 2122 1056 2154 nem,
1081 2113 1115 2145 in
1145 2113 1244 2145 soleis
1273 2111 1353 2146 ivero
1382 2113 1607 2156 Lapitharum
1632 2121 1670 2148 et

966 2163 1235 2196 Centaurorum:
1267 2163 1355 2196 adeo
1369 2168 1544 2198 momenta
1557 2166 1672 2198 omnia

965 2218 1150 2255 compacta
1164 2214 1248 2246 artis
1272 2214 1364 2246 illius
1380 2213 1491 2249 fuere.
1533 2216 1576 2248 In
1591 2217 1674 2249 base

966 2269 1081 2296 autem
1105 2264 1197 2306 quod
1222 2264 1385 2298 caelatum
1405 2270 1478 2306 est,·
1496 2265 1683 2298 Pandam*

967 2315 1117 2356 genesin⁴
1133 2315 1342 2357 appellavit:
1365 2314 1417 2348 ibi
1438 2316 1499 2348 Dii
1520 2320 1601 2348 sunt
1616 2319 1671 2349 30.

967 2374 1107 2396 numero
1123 2368 1315 2406 nascentes,
1335 2364 1481 2397 victorin
1495 2366 1674 2408 praecipue

967 2415 1135 2453 mirabili:
1159 2415 1264 2457 periti
1285 2415 1452 2447 mirantur
1474 2419 1512 2448 et
1533 2411 1676 2458 serpen-

968 2471 1052 2508 tem,
1086 2470 1123 2497 et
1158 2466 1222 2497 sub
1255 2465 1330 2507 ipso
1369 2465 1514 2508 cuspide
1549 2471 1674 2499 aeream

969 2516 1163 2558 Sphingem.
1198 2516 1289 2548 Haec
1303 2520 1384 2548 snut
1397 2516 1508 2549 obiter
1519 2516 1614 2550 dicta
1628 2517 1674 2550 de

966 2565 1099 2599 artifice
1119 2574 1291 2608 nunquam
1310 2565 1395 2598 satis
1410 2566 1560 2607 laudato,
1575 2567 1675 2598 simul

967 2621 1006 2649 ut
1028 2621 1190 2649 noscatur
1210 2617 1305 2648 illam
1327 2615 1613 2657 magnificentiam
1630 2628 1675 2650 ae·

965 2668 1100 2710 qualem
1139 2665 1248 2699 fuisse
1281 2670 1319 2699 et
1347 2666 1384 2698 in
1410 2667 1538 2708 parvis.
1581 2668 1673 2701 Vide

965 2718 1109 2750 eundem
1130 2717 1283 2750 Plinium
1306 2715 1368 2750 lib.
1395 2725 1531 2751 xxxiv.
1545 2727 1624 2760 cap.
1639 2721 1674 2751 8.

964 2769 1047 2802 Eloei
1059 2768 1167 2811 dosis]
1188 2768 1236 2802 Id·
1253 2771 1321 2807 est,
1341 2767 1508 2810 olympii.
1552 2768 1672 2811 mym-
