1800 3060
585 189 864 224 SYLVARUM
910 187 1005 218 mn.
1039 174 1134 216 1.1.

1550 168 1608 210 :19

149 293 301 346 Atque
321 289 575 344 exploratas
590 287 683 341 jam
704 283 862 326 laudet
876 281 1018 323 Vesta
1037 280 1278 321 ministras.

151 361 324 402 Dextra
344 359 465 399 vetat
484 364 680 410 pugnas:
709 353 870 394 laevam
890 348 1097 392 Tritonia
1117 347 1243 400 virgo

148 481 228 511 ναίω
237 478 409 520 pudicitia.
442 477 570 510 Dextra
578 474 719 518 prohibet
730 473 845 516 pratia
856 484 868 506 .-
891 470 1036 504 monia
1047 471 1152 512 puella
1163 469 1309 501 insistens
1320 469 1353 499 in
1364 476 1458 498 manu
1467 465 1609 503 sinistra,

757 547 878 560 eeeeee

880 546 998 559 00000

148 610 202 640 91.
214 611 250 640 et
266 616 319 640 tv.
334 609 365 639 3.
380 608 539 639 lom—3⁷
562 604 680 638 Codex
694 603 796 636 Urat.
818 602 935 634 lavim
949 600 1082 633 Μ’ίοπίη
1100 600 1194 640 vulgo
1203 609 1215 636 ,-
1237 598 1364 630 Venet.
1379 599 1409 629 1.
1424 597 1535 628 Imm
1550 595 1612 626 ιη’·

804 670 950 722 NOTAE

150 758 246 800 virgo
260 766 396 799 semper
410 756 574 799 vigilabat
588 759 694 788 noctu
716 754 761 787 ad
775 763 852 786 eum

151 806 351 847 fovendum,
365 810 402 838 et
414 806 442 837 si
458 806 594 848 quaudo
612 804 853 837 interstinctus

151 862 256 899 esset,
271 857 474 890 verberibus
485 867 506 889 a
515 856 688 890 Pontifice
701 855 853 898 virgines

152 909 401 943 afficiebantur.

197 960 307 993 Tacita
323 959 414 1000 face]
445 956 500 990 Au
529 957 619 999 quod
644 955 856 998 Pythagorei

151 1011 321 1044 silentium
337 1009 488 1042 divinum
509 1007 670 1050 quiddam
698 1016 774 1039 esse
796 1016 856 1039 ex-

152 1060 360 1099 istimabant,
374 1064 477 1101 atque
500 1058 544 1090 ob
566 1067 642 1089 eam
665 1066 804 1089 causam
819 1056 855 1089 in

152 1111 256 1144 sacris
270 1109 466 1143 servatum?
490 1109 544 1140 An
562 1112 749 1150 propterea
763 1106 854 1149 quod

153 1171 252 1195 sacra
266 1165 344 1194 suut
358 1158 525 1201 ἄπόῤῥητα,
540 1158 575 1190 id
590 1163 656 1199 est,
670 1166 805 1197 areana,
818 1161 855 1189 et

154 1213 292 1245 minime
320 1210 514 1252 vulganda?
556 1208 611 1241 An
639 1208 787 1250 denique
817 1212 855 1240 et

154 1266 311 1296 tacentes
325 1260 482 1293 Vestales
504 1260 617 1301 ignem
633 1268 768 1291 sacrum
783 1267 854 1290 ser-

155 1313 294 1352 vabant,
307 1311 351 1344 ob
373 1310 476 1353 idque
491 1310 620 1342 tacitam
635 1308 791 1350 virginem
804 1308 856 1340 di·

154 1369 212 1397 cat
227 1363 418 1396 Horat-m.
431 1361 502 1394 Od.
516 1363 573 1393 30.
618 1361 755 1392 Dicitur
766 1360 858 1392 'Il-oi-

154 1423 221 1454 m,
245 1412 338 1456 quod
362 1412 472 1454 prima
497 1411 669 1443 institutio
696 1411 858 1443 servandi

154 1463 258 1506 ignis,
279 1462 538 1505 Vestaliumque
566 1461 725 1503 Trojanis
751 1461 857 1494 ascri-

157 1514 272 1548 benda
286 1514 343 1547 sit.

199 1567 243 1598 ⁸6
263 1564 368 1606 Atque
380 1563 633 1606 exploratasjam
647 1563 751 1595 laudet
769 1563 861 1595 Vesta

158 1615 336 1657 finium]
356 1615 465 1647 Vesta
479 1614 563 1646 nihil
578 1612 670 1645 alind
685 1617 750 1654 est,
759 1623 862 1656 quam

160 1666 262 1708 ignis,
283 1674 344 1697 seu
368 1664 479 1706 potins
502 1663 592 1704 Dea,
607 1663 704 1705 cujus
726 1663 862 1696 nomine

160 1710 247 1757 ignis
283 1714 407 1746 cultus.
464 1713 609 1746 Ovidius
645 1714 680 1745 in
727 1713 860 1747 Fastis:

158 1767 169 1784 ‘
187 1766 262 1798 Nec
278 1769 316 1797 tu
336 1763 431 1796 aliud
455 1764 610 1804 Vestam,
625 1774 728 1807 quam
753 1764 863 1796 vivam

160 1815 316 1856 intellige
330 1813 523 1846 flammam!
559 1815 647 1848 Quae
662 1814 864 1856 superstitio

162 1875 184 1898 a
198 1865 327 1906 Persis,
337 1864 460 1907 quibus
482 1864 570 1906 ignis
585 1874 648 1906 pro
672 1865 751 1897 Deo
769 1864 865 1897 habi·

162 1919 232 1957 tus,
241 1921 402 1958 tanquam
411 1914 607 1957 Symbolum
620 1914 709 1946 Solis
723 1914 767 1947 ad
781 1914 864 1946 Tm-

158 1966 273 2008 janos,
297 1965 376 1998 inde
404 1965 446 1997 ad
473 1965 641 1996 Romanos
667 1963 865 1996 dimanavit.

163 2018 300 2051 Nomen
321 2026 402 2048 vero
415 2017 532 2048 Vestoe
556 2026 576 2047 a
593 2015 762 2048 Chaldaeis
776 2025 865 2047 sum-

164 2071 257 2107 tum;
280 2067 360 2099 Eua
382 2066 474 2098 enim
498 2066 549 2098 his
574 2066 687 2107 ignem
709 2065 864 2098 denotat.

165 2117 326 2150 Meminit
351 2126 434 2149 vero
462 2116 578 2157 Vesta,
607 2116 687 2159 quia
718 2116 867 2148 habebat

165 2167 328 2210 templum
353 2166 388 2198 in
409 2165 485 2198 foro
506 2166 570 2208 ipsi
593 2172 829 2198 consecratum
848 2177 869 2199 a

166 2217 282 2249 Numa
303 2215 487 2257 Pompilio,
501 2216 559 2247 ubi
581 2221 726 2248 aeteruus
753 2226 867 2248 sacer-

167 2275 233 2310 que
252 2265 342 2308 ignis
364 2275 406 2298 ac
421 2265 614 2297 Palladium
630 2266 868 2308 servabantur,

166 2322 204 2350 et
226 2316 306 2359 quia
330 2315 408 2347 hinc
434 2315 652 2347 occasionem
678 2317 772 2357 cepit
797 2317 868 2348 lau-

166 2367 270 2400 dandi
285 2365 528 2406 Domitianum,
537 2365 596 2408 qni
605 2376 723 2399 severe
736 2368 870 2400 incesta

166 2417 355 2450 Vestalium
371 2415 584 2449 coiircuerat.

211 2466 399 2507 Minimus]
419 2467 588 2500 Ministra?
614 2472 696 2500 suut
719 2468 868 2510 virgines

167 2519 326 2550 Vestales
346 2523 556 2550 consecratae
570 2518 701 2559 Vestae,
717 2529 795 2560 quae
818 2520 868 2561 ig-

169 2579 246 2602 nem
263 2578 396 2602 sacrum
418 2578 548 2601 summa
569 2578 652 2601 cura
673 2570 871 2611 servabant,

169 2629 212 2653 ne
227 2620 499 2662 extingueretur.
544 2619 654 2652 Addit
676 2622 869 2662 exploratas,

173 2671 264 2713 quia,
276 2676 315 2703 nt
332 2670 439 2703 refert
454 2671 636 2702 Suetonius
652 2680 726 2711 cap.
740 2673 772 2703 8.
797 2671 870 2702 Do-

171 2721 343 2762 mitianus,
365 2727 404 2753 ut
429 2719 594 2753 Pontifex
619 2721 802 2762 Maximus,
820 2721 869 2753 iu-

906 756 1004 785 cesta
1034 751 1203 792 virginum
1233 747 1436 787 Vestalium,
1463 756 1483 778 a
1513 752 1612 788 patre

907 811 1042 844 quoque
1063 807 1100 833 et
1124 799 1235 832 fratre
1256 800 1428 841 neglecta,
1453 798 1547 829 varie
1572 806 1612 829 ac

907 861 1028 884 severe
1049 850 1217 883 coercuit.
1262 849 1352 881 Vide
1377 848 1481 880 etiam
1503 846 1614 879 Plini·

908 913 963 935 um
981 903 1042 935 lib.
1054 912 1104 935 iv.
1119 902 1232 943 Epist.
1244 904 1296 934 ll.
1309 900 1351 932 ad
1366 899 1615 938 Numitianum,

908 954 1056 986 Dionem
1070 952 1131 985 lib.
1145 961 1234 984 nvn.
1256 950 1443 983 Eusebium
1455 949 1491 981 in
1506 949 1614 981 Chro-

908 1013 998 1035 mco.

951 1056 993 1086 ³7
1016 1053 1239 1086 Deseruerant
1251 1049 1391 1094 pugnas]
1411 1049 1515 1082 Varie
1524 1049 1615 1082 huuc

910 1105 1022 1137 locum
1038 1103 1215 1146 explicant
1236 1103 1455 1143 interpretes.
1499 1101 1619 1132 Domi-

912 1155 980 1187 tius
995 1159 1096 1197 putat
1106 1154 1263 1186 dextram
1276 1162 1413 1185 manum
1426 1151 1619 1184 Domitiani

911 1206 1074 1237 inermem
1102 1203 1222 1236 fuisse.
1267 1203 1459 1235 Politianus
1482 1201 1619 1234 notavit

911 1265 955 1288 ex
969 1255 1181 1289 Quintiliano
1196 1253 1256 1286 lib.
1272 1263 1313 1286 11.
1324 1262 1402 1294 cap.
1414 1255 1446 1285 3.
1461 1252 1616 1284 habitum

911 1316 988 1339 esse
1004 1307 1038 1338 in
1053 1306 1190 1346 statuis,
1211 1304 1268 1347 qui
1285 1304 1413 1335 dicitur
1432 1304 1442 1320 ‘
1460 1301 1620 1344 pacifica·

911 1357 991 1394 tor‚’
1003 1361 1040 1389 et
1055 1366 1157 1389 manu
1179 1355 1271 1387 elata
1283 1352 1512 1395 significatur.
1532 1353 1618 1385 Par-

911 1407 1043 1439 rhasius
1059 1406 1186 1439 dextra
1207 1410 1363 1448 gestasse
1386 1404 1521 1446 signum
1537 1404 1620 1436 Vic-

912 1458 1023 1498 toriae,
1033 1455 1322 1500 quemadmodum
1333 1455 1471 1487 sinistra
1485 1454 1620 1496 signnm

913 1507 1066 1540 Palladis
1079 1519 1090 1547 ;
1112 1512 1149 1538 et
1166 1507 1228 1545 ait,
1243 1510 1394 1537 mentem
1419 1503 1557 1546 Papinii
1571 1504 1621 1536 vi-

913 1558 1000 1599 deri,
1014 1558 1147 1590 hostem
1163 1556 1312 1589 coerceri
1330 1561 1424 1587 metu
1438 1554 1622 1595 Victoriae,

915 1618 994 1651 quae
1009 1608 1186 1640 insisteret
1201 1605 1334 1638 dextrae
1350 1605 1511 1637 Caesaris.
1552 1605 1621 1636 Ex-

916 1663 994 1691 tant
1014 1657 1116 1690 hodie
1142 1655 1268 1689 infiniti
1282 1655 1424 1695 nummi,
1440 1655 1472 1686 in
1497 1654 1621 1696 quibus

916 1709 1072 1741 videmus
1121 1706 1328 1739 Victoriolas
1376 1706 1622 1747 imperatorum

916 1758 1074 1792 manibus
1103 1758 1304 1791 innitentes.
1349 1755 1534 1788 Gevartius
1563 1765 1622 1786 au-

918 1814 988 1842 tem
1019 1809 1170 1841 tenuisse
1199 1817 1302 1840 manu
1336 1807 1463 1839 dextra
1491 1815 1622 1837 ramum

916 1860 1016 1892 olivae
1026 1852 1135 1892 sacrae
1148 1858 1297 1899 Palladi,
1307 1866 1442 1899 unaque
1454 1855 1622 1888 habenas:

917 1911 1042 1943 olivam
1066 1916 1180 1942 autem
1207 1918 1283 1942 esse
1302 1908 1493 1950 symbolum
1516 1906 1626 1948 pacis.

917 1961 1086 1992 Videntur
1108 1961 1211 1992 etiam
1231 1959 1340 1991 adbuc
1355 1959 1423 1991 duo
1438 1958 1566 1990 nummi
1581 1967 1627 1989 ex

919 2011 1078 2044 sambuci
1092 2010 1298 2043 bibliotheca
1309 2008 1502 2051 depromti;
1525 2012 1625 2048 unus,

919 2063 953 2095 in
968 2073 1035 2105 quo
1051 2071 1158 2104 eques
1173 2061 1389 2093 Domitianus
1401 2060 1526 2091 olivam
1541 2058 1626 2090 dex-

921 2120 976 2147 tra
991 2119 1088 2146 tenet
1103 2124 1112 2145 :
1135 2114 1238 2152 alter,
1253 2112 1289 2143 in
1306 2121 1373 2153 quo
1388 2110 1506 2142 Pallas
1527 2110 1626 2141 sinis-

922 2171 986 2197 trae
1009 2165 1181 2204 innititur,
1197 2168 1237 2196 nt
1257 2162 1387 2194 nullum
1408 2161 1452 2193 de
1468 2161 1628 2193 Gevartii

922 2215 1210 2256 interpretatione
1247 2213 1388 2245 dubium
1427 2212 1628 2254 reliquatur.

922 2265 1015 2298 Addi
1031 2268 1148 2307 potest
1162 2270 1198 2295 et
1221 2263 1371 2295 tenuisse
1393 2272 1495 2294 maun
1509 2273 1627 2295 surcu-

921 2317 992 2348 lum
1018 2315 1116 2354 lauri,
1145 2314 1256 2354 sicuti,
1281 2313 1341 2355 qui
1365 2314 1484 2346 Romae
1508 2314 1626 2346 trium-

923 2367 1078 2408 pharent,
1090 2364 1248 2396 habuisse
1262 2364 1324 2397 hos
1338 2365 1426 2397 lauri
1441 2365 1629 2407 surculum,

922 2426 965 2448 ex
978 2415 1166 2448 Plutarcho
1178 2414 1385 2456 triumphum
1399 2415 1524 2448 AEmilii
1537 2416 1628 2448 Pau-

923 2468 946 2499 li
957 2466 1190 2507 describente,
1204 2466 1408 2508 colligimus.

963 2518 1091 2549 Loevnm
1107 2517 1251 2549 Mania
1270 2517 1376 2558 virgo]
1402 2517 1544 2549 Tritonia
1564 2517 1629 2548 vir·

919 2579 976 2610 go,
987 2576 1042 2600 est
1056 2567 1188 2608 Pallas,
1201 2577 1302 2609 quam
1318 2568 1533 2600 Domitianus
1548 2568 1628 2600 reli-

923 2617 1110 2659 giosissime
1134 2616 1282 2649 colebat.
1326 2617 1416 2649 Vide
1440 2628 1517 2660 quae
1543 2617 1630 2650 dixi-

924 2678 997 2700 mus
1013 2667 1076 2700 sub
1091 2665 1194 2700 finem
1206 2667 1312 2700 Theb.
1327 2676 1369 2700 11.
