1800 3060
253 231 341 272 404
746 241 789 271 P.
821 241 1011 271 ΡΛΡιΝιι
1047 241 1211 273 s'rArn

254 335 462 377 Moribus
483 338 613 390 atque
635 334 723 377 tuis
744 337 935 390 gaudent
955 341 1210 393 turmaeque,
1238 339 1479 394 tribusque,
1654 337 1713 381 25

255 403 562 458 Purpureique
580 402 737 444 Patres
756 417 767 455 3
798 404 1033 459 lucemque
1057 419 1085 447 a
1105 406 1287 447 consule
1308 406 1430 448 ducit

256 470 413 511 Omnis
433 471 596 511 honos:
630 471 737 524 quid
759 472 859 520 tale,
882 486 1054 526 precor,
1075 473 1194 527 prior
1214 486 1352 515 annus
1371 474 1596 516 habebat?

256 538 346 580 Dic
366 550 460 590 age,
483 537 634 579 Roma
652 542 825 592 potens,
847 545 892 581 et
911 554 1086 582 mecum
1102 541 1236 594 longa
1252 531 1467 584 vetustas

256 605 499 647 Dinumera
515 606 679 657 fastos;
710 619 790 647 nec
811 619 947 661 parva
966 608 1176 662 exempla
1194 621 1388 659 recense,

257 672 347 715 Sed
369 685 471 726 quae
491 672 588 714 sola
607 686 729 714 meus
750 674 951 727 dignetur
974 674 1145 716 vincere
1167 674 1336 717 Caesar.

254 739 344 782 Ter
364 739 518 782 Latios
538 740 775 795 deciesque
795 742 909 793 tulit,
931 743 1185 784 labentibus
1206 743 1351 793 annis,

255 808 492 863 Augustus
512 808 687 862 fasces3
718 810 796 851 sed
818 811 961 865 coepit
982 823 1083 853 sero
1099 812 1278 853 mereri:

1655 676 1712 718 30

258 925 433 967 Tribusque
444 937 480 958 ac
495 926 659 958 Senatores
669 928 837 969 purpurati
851 928 1000 959 laetantur
1014 929 1078 960 tuis
1092 929 1238 962 moribus.
1285 929 1398 961 Omnis
1417 929 1621 969 magistratus
1635 928 1714 960 reei-

252 969 304 1009 pit
319 969 482 1009 fulgorem
496 980 515 1002 a
541 970 685 1002 Consule.
742 971 826 1007 Quid
840 972 915 1010 tale,
942 981 1006 1010 oro,
1026 972 1148 1012 priores
1171 973 1246 1004 anni
1270 969 1468 1004 habuerunt?
1503 972 1643 1012 Loquere
1656 981 1715 1011 age

251 1015 364 1052 potens
388 1013 501 1049 Roma,
526 1016 558 1044 et
582 1016 628 1053 tu,
654 1014 746 1053 longa
769 1014 953 1054 antiquitas,
978 1024 1100 1046 recense
1115 1025 1230 1046 mecum
1242 1015 1361 1056 fastos,
1375 1025 1430 1046 nec
1450 1025 1469 1046 a
1497 1024 1566 1046 erus
1586 1015 1715 1046 humilia

255 1056 407 1097 exempla,
428 1056 481 1086 sed
505 1056 569 1086 sola
584 1065 652 1095 quoe
670 1056 777 1087 Caesar
802 1066 886 1088 meus
908 1056 1058 1096 dignetur
1072 1067 1227 1098 superare.
1270 1058 1434 1098 Augustus
1449 1062 1498 1090 ter
1522 1061 1552 1088 et
1567 1057 1667 1088 decies
1681 1057 1715 1088 in

255 1106 312 1129 uua
326 1098 395 1130 vita
407 1098 507 1138 gessit
522 1097 631 1136 fasces
659 1099 834 1130 Romanos:
867 1100 921 1130 sed
944 1101 1033 1131 tarde
1048 1100 1102 1131 hos
1116 1101 1246 1132 meritus
1261 1105 1319 1134 est.
1365 1099 1546 1140 Tujuvenie
1559 1100 1716 1141 superasti

870 1195 967 1207 ‘0500
971 1195 1107 1208 ‘enee‘

257 1260 518 1302 Liudenbrogii,
535 1264 659 1301 tepeant
674 1261 850 1294 mimz-25
875 1262 1024 1294 Fascibus
1037 1273 1103 1295 ecce
1118 1263 1180 1295 tuis
1195 1262 1351 1294 tentabat
1373 1261 1609 1294 Markiandus.
1655 1262 1718 1294 Lo-

256 1314 334 1336 cum
351 1309 465 1335 tamen
482 1313 600 1335 sanum
628 1308 727 1344 putat
752 1304 947 1337 Gronovius
970 1306 1082 1337 Diatr.
1108 1316 1183 1346 cap.
1212 1309 1266 1338 37.
1291 1315 1356 1338 nec
1383 1305 1564 1347 quicquam
1583 1305 1716 1337 variant

257 1347 361 1379 codd.
379 1351 439 1378 aut
455 1346 534 1378 edd.
552 1350 726 1378 vett.—28
748 1348 758 1365 ‘
773 1348 887 1387 Lege:
914 1348 977 1380 Dic
999 1358 1070 1389 age,
1095 1350 1196 1380 Roma
1218 1359 1348 1389 paren&
1369 1358 1445 1390 quae
1470 1358 1536 1379 vox
1552 1349 1713 1379 honorem

256 1394 294 1422 et
308 1389 535 1421 reverentiam
560 1393 596 1420 et
624 1390 865 1431 antiquitatem
893 1391 994 1422 simul
1019 1392 1183 1431 denota13
1216 1391 1302 1422 adeo
1327 1396 1365 1422 ut
1381 1391 1468 1422 bene
1485 1390 1716 1431 conjungatur

255 1442 333 1464 cum
358 1433 451 1472 longa
477 1431 643 1463 vetustas!
665 1433 875 1464 Markl.—3l
903 1434 963 1466 Ter
984 1433 1079 1466 Latio
1105 1435 1244 1466 Venett.
1262 1436 1291 1465 1.
1314 1437 1346 1465 2.
1371 1436 1400 1464 3.
1417 1436 1450 1465 4.
1478 1433 1594 1464 Parm.
1618 1434 1715 1464 Rom.

258 1475 355 1507 Brix.
371 1476 507 1507 Vicent.
524 1475 631 1508 Aldd.
646 1475 755 1507 Colin.
774 1476 909 1517 Gryph.
925 1477 1032 1508 Basil.
1056 1477 1171 1509 Plant.
1190 1477 1333 1509 Gevart.
1352 1476 1510 1508 Grasser.
1526 1478 1592 1507 ὅτε.
1631 1476 1716 1508 Lec-

914 1561 1054 1594 NOTAE

298 1626 340 1655 26
357 1623 501 1656 Moribus
511 1627 602 1666 atque
614 1625 677 1656 tuis
685 1625 824 1664 gaudent
835 1628 960 1656 turm-

256 1683 327 1714 que,
341 1674 513 1715 tribusque,
532 1675 748 1716 Purpureique
762 1679 889 1716 patrem
913 1676 961 1707 lu-

255 1734 380 1766 cemque
404 1736 424 1757 a
451 1725 573 1756 consule
601 1725 687 1757 ducit
716 1726 827 1757 Omnis
850 1725 960 1766 honos]

255 1775 427 1816 Intelligit
443 1785 572 1806 morum
590 1774 841 1816 praefecturam,
861 1785 961 1817 quam

255 1825 474 1857 retinuerant
500 1835 544 1856 ex
566 1835 711 1857 censura
739 1826 869 1858 abolita
893 1826 961 1858 Im·

256 1879 439 1916 peratores
466 1876 626 1917 exemplo
650 1875 812 1918 Augusti,
828 1876 898 1918 qui,
924 1881 962 1909 ut

257 1928 308 1959 ait
323 1927 523 1969 Suetonius,
538 1929 548 1946 ‘
564 1929 699 1970 recepit
713 1934 749 1961 et
764 1929 876 1970 legum
890 1939 961 1961 mo·

257 1986 400 2019 rumque
429 1979 580 2019 regimen
607 1988 706 2020 aeque
741 1983 959 2020 perpetuum,

256 2038 324 2070 quo
334 2028 427 2069 jure,
443 2039 637 2071 quanquam
652 2030 727 2061 sine
740 2039 890 2062 censnrae
901 2029 962 2060 ho-

255 2087 353 2115 nore,
379 2089 517 2110 censum
534 2086 649 2111 tamen
666 2080 783 2121 populi
802 2085 855 2112 ter
868 2080 962 2122 egit?

255 2130 322 2161 διο.
350 2129 434 2161 Sed
451 2134 488 2162 et
502 2131 668 2172 peculiari
695 2131 828 2163 ratione
852 2141 962 2163 mores

254 2180 291 2211 in
302 2180 502 2213 Domitiano
523 2181 690 2222 praedieat
701 2182 853 2214 Statius:
871 2192 964 2222 nam,

255 2235 296 2262 ut
322 2230 370 2262 ait
393 2230 482 2262 idem
509 2230 693 2263 Suetonius
722 2231 758 2262 in
788 2231 863 2272 ejus
891 2232 963 2263 vita

256 2291 339 2323 cap.
352 2284 384 2313 8.
406 2281 416 2299 ‘
433 2282 570 2313 Morum
583 2282 833 2314 correctionem
849 2291 962 2314 susce-

255 2331 320 2373 pit,
352 2341 542 2374 censorque
581 2331 662 2373 suit,
700 2332 963 2374 Magistratibus

255 2391 391 2424 quoque
401 2383 538 2423 urbicis,
546 2383 866 2424 provinciarumque
874 2392 964 2424 prae·

255 2432 388 2464 sidibus
412 2433 612 2466 coercendis
628 2437 763 2465 tantum
785 2443 878 2465 curae
904 2433 962 2465 ad-

253 2481 376 2521 hibuit,
387 2488 424 2514 ut
437 2493 549 2525 neque
562 2483 790 2515 modestiores
803 2492 964 2524 unquam,

255 2541 368 2573 neque
380 2532 546 2573 justiores
571 2533 772 2565 extiterint:
797 2542 815 2563 e
839 2531 960 2574 quibus

254 2583 438 2624 plerosque
469 2588 550 2624 post
579 2583 675 2615 illum
705 2592 781 2614 reos
812 2582 961 2614 omniurn

256 2633 438 2664 criminum
481 2632 651 2665 vidimus!
705 2632 886 2666 Juvenalis
917 2632 961 2663 de

257 2683 379 2714 eodem
392 2682 594 2715 Domitiano
610 2683 774 2724 loquens:
797 2684 806 2700 ‘
819 2682 963 2723 Templa

256 2733 474 2773 Deis,mores
488 2734 623 2774 populis
641 2732 750 2771 dedit,
763 2733 834 2764 otia
845 2731 964 2764 ferro.’

256 2784 428 2817 Martialis
454 2785 554 2826 Epig.
578 2783 639 2816 lib.
668 2792 720 2817 xi.
743 2783 872 2815 ‘Hunc
894 2792 963 2815 om-

1015 1634 1076 1656 nes
1092 1628 1227 1657 servate
1243 1624 1377 1666 ducem,
1391 1627 1527 1656 servate
1539 1627 1715 1654 senatum:

1016 1675 1172 1707 Moribus
1189 1676 1242 1708 liic
1255 1676 1348 1707 vivat
1364 1673 1542 1715 principis,
1553 1673 1610 1705 ille
1622 1672 1717 1705 suis?

1019 1726 1212 1767 Turnumque,
1237 1726 1406 1766 tribusque,
1418 1724 1635 1766 Purpureique
1659 1734 1716 1766 pa·

1017 1776 1094 1817 tres]
1118 1777 1182 1808 His
1206 1776 1345 1808 vocibus
1373 1780 1466 1808 totus
1492 1775 1636 1817 populus
1651 1775 1719 1806 Ro·

1016 1836 1134 1858 manns
1151 1826 1362 1867 designatur,
1376 1827 1434 1868 qni
1450 1826 1577 1858 divisus
1594 1825 1718 1857 eratin

1015 1878 1075 1910 hos
1092 1882 1161 1910 tres
1177 1878 1326 1918 ordines,
1341 1878 1517 1917 Senatum,
1532 1877 1590 1918 qui
1602 1885 1719 1917 purpu-

1015 1928 1063 1959 rei
1085 1930 1192 1968 patres
1216 1928 1271 1958 hic
1287 1926 1462 1966 dicuntur,
1479 1926 1558 1968 quia
1573 1926 1718 1957 Senato-

1015 1986 1070 2009 res
1103 1982 1308 2018 praetextam
1334 1976 1511 2017 gerebant,
1541 1984 1582 2006 ac
1610 1975 1718 2007 latum

1016 2028 1148 2059 clavum
1164 2037 1172 2058 ι
1191 2027 1348 2068 Equites,
1359 2036 1418 2058 seu
1429 2026 1584 2058 ordinem
1596 2034 1718 2067 eques-

1016 2077 1344 2119 trem‚designatum
1362 2086 1424 2118 per
1438 2079 1579 2114 turmis,-
1595 2080 1717 2108 turmae

1016 2129 1107 2160 enim
1124 2128 1312 2169 Equitum:
1346 2136 1386 2158 ac
1403 2127 1560 2168 Plebem,
1580 2126 1718 2158 tandem

1017 2179 1231 2220 designatam
1248 2187 1310 2220 per
1325 2177 1440 2218 tribus,
1454 2176 1535 2218 quin
1559 2176 1655 2219 plebs
1678 2176 1718 2208 in

1018 2231 1134 2272 plures
1153 2230 1263 2262 tribus
1278 2229 1511 2261 dividebatur.

1058 2284 1100 2313 27
1126 2281 1222 2312 Prior
1235 2279 1350 2320 annus]
1369 2279 1412 2312 Id
1428 2283 1492 2316 est,
1513 2280 1645 2321 priores
1659 2288 1718 2311 an·

1018 2331 1068 2371 ni,
1085 2336 1266 2373 antequam
1281 2330 1399 2362 consul
1414 2339 1517 2362 esses.

1061 2384 1104 2414 29
1126 2381 1252 2422 Parva]
1276 2381 1393 2412 Ducta
1418 2390 1438 2412 a
1458 2379 1612 2421 personis
1627 2379 1718 2420 ejus-

1017 2431 1095 2463 dem
1110 2430 1270 2463 fortunae.
1314 2430 1372 2462 Sic
1398 2430 1532 2462 Seneca
1547 2428 1638 2470 apud
1653 2429 1718 2460 Tn-

1016 2481 1143 2513 citum:
1167 2481 1279 2512 ‘Utar
1293 2479 1426 2520 magnis
1448 2478 1629 2520 exemplis,
1651 2486 1719 2510 nec

1015 2541 1100 2564 meae
1116 2530 1278 2569 fortunae,
1295 2530 1354 2562 sed
1370 2529 1464 2562 tuae:
1552 2556 1554 2558 .

1058 2584 1097 2613 31
1127 2582 1185 2613 Ter
1199 2581 1311 2612 Latios
1323 2580 1481 2620 deciesque
1493 2577 1578 2619 tulit,
1586 2577 1718 2610 labenti-

1015 2632 1070 2663 bus
1085 2631 1189 2671 annis,
1214 2632 1380 2670 Augustus
1396 2629 1525 2668 fasc-eu
1545 2629 1600 2660 sed
1625 2628 1719 2669 coepit

1015 2693 1085 2714 sero
1127 2680 1256 2721 mereri]
1314 2677 1498 2712 Suetonius
1534 2677 1692 2719 Augusto
1706 2687 1716 2709 :

1015 2732 1024 2749 ‘
1039 2732 1260 2764 Consulatum
1277 2733 1330 2762 20.
1355 2729 1467 2761 aetatis
1482 2737 1571 2760 anno
1593 2728 1718 2760 invasit

1018 2781 1164 2814 admotis
1179 2780 1347 2813 hostiliter
1363 2779 1406 2812 ad
1435 2779 1553 2812 urbem
1577 2777 1717 2820 legioni-
