1800 3060
527 198 808 232 svnvmwu
843 198 939 228 ms.
965 197 1030 228 tv.
1058 188 1101 230 9.

285 296 356 356 Te
372 295 658 338 Germanicus
679 288 885 336 arbitrum
906 293 1109 348 sequenti

288 362 492 404 Annonae
514 362 653 412 dedit,
673 362 953 415 omniumque
972 361 1063 402 late

286 429 494 471 Praesecit
515 429 783 470 stationibus
801 428 971 470 viarum
986 440 999 479 3

289 496 378 538 Sed
400 497 527 537 Bruti
545 497 667 537 senis
685 494 980 537 oscitationes

291 563 361 604 De
379 575 521 618 capsa
539 563 687 604 miseri
706 562 964 612 libellionis,

289 629 465 671 Emtum
484 631 590 684 plus
608 629 755 671 minus
777 641 880 670 asse
903 627 1092 680 Gaiano,

290 698 472 741 Donas:
503 710 649 752 usque
670 696 839 739 adeone
860 696 1096 739 defuerunt

114 832 294 873 priusquam
309 830 513 862 Germanicus
527 835 559 862 te
569 831 756 872 proefeeisset
773 829 948 871 obsequenti
959 839 1103 867 uunonae,
1118 832 1149 860 et
1170 828 1228 859 tibi
1254 827 1455 860 commisisset
1477 831 1576 858 cuseo-

114 875 199 906 din-
205 877 387 906 euceorum
399 876 541 911 viarum,-
556 875 609 905 sed
623 873 852 911 dussaseidiosu
866 873 983 914 scriptu
997 873 1131 911 longa-vi
1144 871 1254 909 Bruti,
1266 872 1304 902 dc
1316 872 1420 911 pluteo
1431 871 1577 911 pauperis

117 916 302 960 bibliopola,
329 920 412 949 emto
426 917 554 948 circiter
567 926 635 948 usse
651 917 781 948 caniano.
832 915 935 958 Usque
953 915 1069 947 adeone
1083 914 1248 953 dduerunt
1270 913 1355 957 pilea
1378 913 1516 952 confecta
1537 922 1578 945 a

737 1009 970 1024 ‘ennom

120 1079 162 1109 1⁷
185 1077 312 1111 Venet.
329 1082 360 1111 1.
377 1079 493 1111 Parm.
509 1083 546 1111 et
561 1079 657 1110 Rom.
672 1078 847 1119 sequenti-35

869 1077 926 1108 alii
939 1076 1115 1117 frequenti,
1129 1085 1214 1118 quos
1230 1074 1360 1106 refellit
1381 1074 1578 1107 Gronovius

118 1120 235 1152 Diatr.
251 1130 326 1162 cap.
341 1124 395 1153 45.
412 1122 611 1164 quibuscum
625 1131 705 1152 vero
723 1130 788 1151 non
806 1120 1012 1160 pugnaverit
1029 1120 1286 1150 Rutilius—22
1313 1118 1382 1149 Pro
1398 1127 1466 1149 asse
1482 1118 1581 1149 Caiu-

118 1172 158 1194 ιο
183 1163 355 1196 Domitius
367 1164 411 1196 ad
428 1164 505 1197 Kal.
519 1163 690 1197 Decemb.
717 1166 769 1195 17.
791 1163 876 1204 legit
897 1171 965 1194 usse
990 1162 1104 1194 Gaioto
1115 1172 1128 1199 ‚·
1157 1166 1195 1193 et
1214 1165 1326 1201 notat,
1341 1160 1504 1193 Gaiorum
1521 1169 1581 1192 nu-

781 1265 814 1299 N
818 1265 924 1299 01*AE

163 1331 205 1361 1¹1
231 1329 450 1372 (ἴεν-κωπίω]
480 1331 677 1373 Imperator
705 1331 825 1363 Domi·

118 1380 245 1412 tianus.
288 1380 455 1413 Arbitrum
477 1382 637 1423 Aunouae]
682 1381 726 1413 Id
759 1386 827 1424 est,

120 1429 339 1472 prefectum.
372 1430 458 1464 Qun.
474 1432 624 1473 dignitas
638 1432 717 1464 olim
732 1432 826 1464 inter

121 1482 326 1523 praecipuas.
370 1481 547 1524 Augustus
572 1492 647 1514 eam
681 1483 824 1521 creavit,

120 1533 317 1575 tenuitque,
339 1533 420 1565 dum
445 1533 545 1570 vixit,
560 1538 600 1566 ut
623 1533 742 1565 videre
770 1538 825 1566 est

123 1584 215 1626 apud
238 1583 388 1616 Dionem
403 1584 463 1616 lib.
478 1592 550 1615 mv.
593 1585 670 1618 Quo
686 1588 823 1616 mortuo

119 1634 258 1668 curavit
280 1642 448 1666 annonam
464 1634 506 1667 C.
519 1633 705 1674 Tui-anius,
721 1634 780 1676 qui
804 1644 825 1666 a

120 1684 246 1716 Tacito
275 1682 425 1716 refertur
444 1683 537 1715 inter
559 1685 730 1725 primores
754 1694 824 1716 ma-

122 1734 299 1775 gistratus,
311 1734 371 1776 qui
379 1734 545 1775 jurarunt
558 1733 593 1764 in
606 1733 713 1765 verba
724 1732 826 1765 Tibe-

121 1785 180 1818 rii.
200 1785 373 1826 Tempore
387 1783 526 1816 Boethii
541 1784 678 1816 omnino
693 1784 827 1826 eviluit,

124 1839 322 1868 attestatur
332 1835 407 1877 ipse
417 1835 584 1867 Boethius
599 1835 634 1866 in
646 1835 691 1866 de
698 1835 827 1867 Conso·

123 1887 186 1918 lat.
206 1885 298 1918 Phil.
322 1885 433 1918 Prosa
446 1894 498 1918 xv.
534 1885 545 1902 ‘
560 1885 598 1916 Si
613 1884 690 1927 quis
719 1894 826 1926 quon·

124 1936 203 1968 dam
227 1932 383 1974 curasset
403 1935 522 1977 populi
539 1944 721 1975 annonam,
735 1944 825 1976 mag-

123 1998 188 2020 nus
201 1987 402 2020 habebatur.
446 1987 551 2019 Nunc
565 1996 606 2018 ea
619 1985 827 2028 praefeetura

122 2037 206 2080 quid
229 2036 421 2078 abjectius!
457 2036 622 2077 Sequenti]
645 2035 743 2066 Idem
762 2039 827 2075 est,

127 2097 169 2120 ac
194 2087 302 2126 facili,
315 2086 531 2127 obsequenti,
552 2085 727 2117 obedienti
750 2094 828 2125 pro-

126 2136 263 2169 curanti
284 2135 416 2167 Plotio.
460 2134 607 2168 Ovidius
635 2135 703 2175 Ep.
727 2134 828 2166 Phae-

125 2187 219 2220 (ΙΙ-ωε
240 2186 252 2204 ⁸
268 2186 348 2219 Qua
360 2185 456 2226 lieet,
477 2190 515 2216 et
538 2185 706 2226 sequitur,
718 2184 830 2226 pudor

127 2242 184 2270 est
207 2235 402 2269 miscendus
431 2234 562 2267 amori?
606 2234 740 2266 Plinius
758 2228 830 2268 ‘lib.

126 2297 182 2320 ιι.
197 2297 275 2328 cap.
289 2289 323 2319 2.
343 2287 355 2304 ‘
369 2286 412 2318 In
425 2285 559 2328 magnis
575 2285 744 2327 siquidem
756 2294 830 2317 cor·

130 2337 285 2379 poribus,
307 2340 368 2368 ant
389 2340 484 2367 certe
498 2335 697 2376 majoribus,
717 2333 830 2366 facilis

129 2386 264 2424 officina
279 2385 418 2429 sequaci
428 2385 574 2417 materia
585 2384 675 2417 fuit!
702 2386 831 2417 Noster

128 2437 258 2472 Aelim.
271 2446 299 2469 1.
334 2437 346 2454 ⁴
361 2435 521 2470 Qualiter
532 2433 676 2466 artificis
689 2434 831 2467 victurae

58 2506 66 2509 a
128 2489 255 2538 pollice
283 2497 376 2521 ceras
401 2486 590 2527 Accipiunt
618 2484 758 2527 formas,
781 2486 831 2527 ig-

130 2536 278 2580 nemque
291 2546 494 2578 manumque
508 2535 720 2578 sequnntur!
748 2536 831 2568 Gro-

131 2588 252 2620 minu.
294 2587 367 2620 Pro
378 2587 529 2629 unquenti,
544 2586 629 2629 legit
643 2586 831 2619 Gevartius

126 2637 302 2679 seq-ens.

178 2689 220 2718 18
243 2687 445 2729 omnemque
466 2689 531 2721 late
546 2686 698 2727 Prae‘fect‘t
721 2688 832 2720 statio-

132 2737 223 2774 nt'lms
248 2737 386 2780 omns]
410 2738 467 2771 De
493 2748 578 2772 cura
603 2738 748 2781 viarum,
775 2748 832 2771 ea-

877 1339 1022 1373 rumque
1033 1328 1261 1371 curatoribus,
1269 1327 1349 1360 vide
1358 1327 1424 1370 Ep.
1436 1325 1479 1358 ad
1489 1327 1582 1359 Mar-

878 1381 999 1413 cellum
1019 1390 1068 1413 vs.
1079 1383 1134 1413 60.

919 1434 964 1463 20
986 1431 1087 1463 Bruti
1100 1431 1183 1464 senis
1200 1429 1410 1470 οκίέιιείοηεε]
1432 1428 1580 1462 Quidam

878 1481 951 1513 baee
967 1482 1142 1523 accipiunt
1157 1481 1350 1522 descriptis
1361 1480 1464 1512 Bruti
1481 1479 1581 1511 amici

878 1530 1068 1572 Ciceronis,
1078 1532 1174 1574 cujus
1184 1532 1314 1573 scripta
1323 1531 1488 1562 dicuntur
1502 1539 1582 1561 anc-

878 1582 946 1613 tori
968 1582 1105 1624 Dialogi
1120 1583 1165 1615 de
1190 1583 1410 1623 Oratoribus,
1423 1583 1435 1601 ‘
1447 1582 1560 1614 otiosa
1572 1580 1582 1594 '

878 1633 940 1663 et¹
958 1632 1158 1675 disjuncta:
1200 1633 1269 1665 Sed
1294 1633 1417 1665 melius
1444 1631 1488 1664 de
1516 1632 1583 1664 alio

880 1683 993 1715 Bruto
1019 1683 1248 1725 intelligenda
1271 1688 1361 1715 sunt.
1405 1682 1496 1714 Nam
1525 1682 1583 1713 ille

878 1732 1054 1765 familiaris
1081 1734 1268 1774 Ciceronis,
1285 1734 1445 1775 princeps
1467 1732 1583 1773 conju-

880 1782 1022 1815 rationis
1044 1784 1079 1815 in
1099 1784 1285 1823 Caesarem,
1301 1783 1427 1825 quique
1450 1783 1583 1824 Philip-

879 1836 979 1878 pensi
995 1837 1070 1869 acie
1086 1836 1197 1869 victus
1218 1841 1287 1876 est,
1301 1844 1370 1866 non
1387 1843 1491 1865 senex
1508 1843 1587 1875 per-

880 1887 934 1919 iit.
979 1888 1027 1919 Et
1053 1886 1141 1919 bene
1160 1887 1247 1918 dicit
1262 1885 1483 1922 oscitationem
1506 1884 1585 1926 quia

879 1936 969 1968 mala
977 1942 1013 1968 et
1024 1937 1143 1978 inepta
1154 1936 1283 1977 scripta
1293 1935 1424 1968 faciunt
1437 1935 1585 1967 oscitare

879 1987 1046 2028 legentes.
1091 1987 1184 2019 Hinc
1199 1987 1372 2018 Martialis
1386 1985 1448 2019 lib.
1463 1995 1504 2018 u.
1519 1986 1585 2027 Ep.

880 2039 914 2068 6.
957 2037 968 2054 ‘
986 2037 1102 2069 Lectis
1118 2038 1176 2069 vix
1204 2037 1267 2069 tibi
1292 2036 1425 2078 paginis
1450 2036 1584 2067 duabus

881 2085 1026 2130 Spectas
1048 2087 1283 2127 ἑσχατοκόλων
1296 2088 1433 2128 Severe,
1452 2087 1497 2118 Et
1513 2087 1586 2118 lon-

882 2137 1063 2177 gastrahis
1090 2137 1334 2170 oscitationes!
1377 2136 1444 2168 Sed
1469 2142 1506 2169 et
1530 2136 1585 2168 hic

882 2186 1080 2220 oximum
1101 2189 1213 2228 accipi
1240 2192 1383 2229 possunt
1405 2197 1467 2229 pro
1490 2187 1586 2219 libris

882 2238 1100 2278 negligenter
1115 2238 1264 2278 scriptis.

925 2290 969 2319 22
991 2287 1069 2319 Asse
1102 2287 1237 2328 Gaiano]
1270 2287 1392 2319 Assem
1420 2287 1584 2320 Caianum

882 2338 1025 2379 exponit
1034 2337 1215 2369 Turnebus
1223 2337 1314 2370 Adv.
1325 2337 1386 2369 lib.
1395 2346 1460 2370 xx.
1473 2338 1586 2370 eoem·-

883 2388 1059 2428 tionalem,
1084 2398 1152 2430 quo
1174 2388 1331 2420 nimirum
1360 2389 1525 2431 conjuges
1550 2388 1587 2420 in

883 2438 1014 2479 nuptiis
1027 2438 1272 2470 contrahendis
1281 2447 1358 2470 sese
1369 2442 1486 2470 mutuo
1495 2448 1587 2470 eme-

885 2488 968 2520 haut
994 2488 1080 2520 dicis
1107 2498 1224 2529 causa,
1239 2488 1330 2520 unde
1353 2489 1410 2521 hic
1434 2498 1498 2530 pro
1525 2489 1587 2520 vili

885 2539 999 2580 pretio
1012 2539 1194 2579 accipitur.
1238 2539 1399 2571 Formula
1413 2539 1504 2571 illius
1527 2539 1590 2570 mi·

884 2589 983 2621 micae
998 2588 1199 2621 coemtionis
1209 2594 1291 2621 nota
1306 2593 1360 2621 est
1373 2588 1586 2630 antiquariis.

887 2638 963 2670 Caii
984 2642 1020 2669 et
1035 2638 1128 2670 Caiae
1145 2639 1282 2671 nomina
1302 2639 1337 2670 in
1360 2638 1490 2678 nuptiis
1506 2647 1586 2670 con-

879 2687 1020 2730 jugibus
1032 2687 1107 2720 dari
1130 2689 1246 2729 solita,
1271 2693 1390 2720 auctor
1405 2688 1589 2721 Quintilia-

886 2748 950 2771 nus
974 2738 1033 2773 lib.
1055 2748 1081 2771 1.
1095 2744 1134 2772 et
1159 2738 1365 2772 Plutarchus
1391 2738 1426 2771 in
1454 2739 1587 2772 Quaest.
