1800 3060
189 196 276 238 526
685 209 726 240 P.
759 208 953 242 nemu
987 209 1153 243 svm-11

192 303 293 347 Nec
314 304 479 358 genitor
499 304 660 360 juxta3
690 305 793 347 fatis
812 318 1006 361 namque
1026 307 1212 350 haustus
1232 306 1399 364 iniquis

192 371 384 423 Occidit,
405 373 510 415 heu!
543 372 759 426 geminam
778 374 946 428 prolem
966 375 1062 416 sine
1083 376 1272 430 praeside
1291 377 1510 433 linquens.

193 440 294 484 Nec
312 442 464 483 saltem
486 441 648 482 teneris
665 446 834 483 ostrum
855 442 1019 497 puerile
1039 443 1218 486 lacertis

192 509 348 559 Exuit,
370 509 624 563 albentique
639 509 849 552 humeros
868 510 1046 552 induxit
1063 512 1245 554 amictu.

194 575 340 627 Quem
360 589 446 617 non
467 577 708 631 corrumpit
727 577 871 631 pubes
888 577 1081 629 effraena,
1102 591 1322 634 novaeque

192 644 399 685 Libertas
419 648 655 698 properata
673 646 824 698 togae‘l
850 658 932 687 ceu
950 646 1104 688 nescia
1122 646 1256 689 falcis

193 711 331 766 Sylva
351 723 501 753 comas
522 711 650 762 tollit,
667 711 949 767 fructumque
970 714 1149 768 expirat
1169 715 1214 756 in
1233 715 1430 757 umbras-

191 777 257 820 At
275 778 360 819 tibi
381 777 542 820 Pieriae
559 783 711 821 tenero
732 780 816 821 sub
835 783 1018 834 pectore
1034 794 1169 832 curae,

191 845 251 887 Et
271 845 426 900 pudor,
448 849 493 887 et
510 845 634 887 docti
654 846 796 900 legem
818 847 906 889 sibi
923 847 1071 889 dicere
1091 861 1263 902 mores;

189 913 317 955 Tunc
337 911 491 955 hilaris
510 913 726 967 probitaS,
748 917 792 955 et
812 913 934 964 frons
956 915 1209 970 tranquilla,
1229 915 1430 971 nitorque

1586 377 1645 419 65

1592 716 1665 758 70·

189 1060 298 1098 raptus
311 1058 551 1099 malignisfatis
563 1058 690 1100 occidit,
711 1059 770 1091 heu
784 1059 925 1091 deserens
939 1059 1092 1099 duplicem
1105 1059 1236 1093 sobolem
1249 1061 1315 1094 eine
1329 1061 1498 1104 defensore,
1512 1071 1568 1094 nee
1579 1060 1648 1094 abe-

189 1100 263 1132 tulit
276 1103 387 1133 sallem
398 1103 551 1151 puerilem
564 1112 734 1144 purpuram
748 1113 768 1134 a
779 1101 914 1133 brachiis
927 1102 1002 1141 tuis,
1017 1106 1048 1134 et
1060 1103 1164 1136 induit
1175 1104 1318 1136 kunieros
1330 1105 1401 1137 alba
1414 1109 1500 1145 toga.
1546 1105 1648 1142 Qum

189 1152 252 1174 non
265 1145 434 1186 corrumpit
446 1146 605 1186 pubertas,
626 1149 657 1177 et
671 1145 731 1177 sibi
744 1145 894 1186 permissa
914 1145 1040 1177 licentia
1066 1156 1153 1178 novoe
1178 1145 1287 1187 logoe?
1306 1152 1343 1180 ut
1369 1149 1472 1187 arbor,
1493 1158 1562 1190 quoe
1586 1157 1648 1179 m

190 1191 320 1226 experta
335 1192 381 1219 est
396 1187 528 1226 falcem,
548 1188 644 1220 nimis
658 1188 812 1227 luxuriat,
835 1191 866 1218 et
886 1191 954 1219 tota
975 1188 1040 1219 alril
1064 1189 1099 1220 in
1115 1188 1211 1229 solia,
1233 1199 1287 1222 nec
1299 1190 1441 1230 fructum
1455 1191 1538 1230 fert.
1583 1190 1648 1222 Sea

189 1227 250 1260 tihi
264 1234 338 1261 sunt
352 1231 517 1262 Musarum
531 1231 638 1263 studia
662 1232 697 1263 in
715 1230 849 1272 juvenili
868 1234 1000 1271 pectore,
1019 1232 1118 1273 pudor
1119 1242 1175 1273 que
1197 1236 1229 1264 et
1250 1242 1362 1274 mores,
1382 1235 1435 1275 qui
1459 1234 1562 1266 sciunt
1585 1232 1648 1265 sibi

190 1270 290 1311 legem
301 1283 433 1314 ponere.-
457 1275 531 1306 laeia
543 1275 638 1307 etiam
660 1274 812 1316 probitas,
835 1277 866 1305 et
882 1274 978 1313 frons
1002 1284 1123 1316 serena,
1143 1275 1286 1318 nitorque
1311 1277 1446 1309 luxurioe
1470 1286 1593 1318 expers,
1615 1278 1648 1307 el

820 1391 1062 1405 ffl‘mm

191 1478 262 1510 Pro
277 1479 368 1510 decor
378 1478 578 1511 Parmensis
594 1479 728 1521 praebet
754 1483 856 1512 tenor.
858 1483 942 1512 -65
973 1479 1100 1512 Occidit
1112 1483 1145 1512 et
1164 1480 1323 1520 geminam
1347 1480 1569 1514 Parmensis.
1591 1481 1648 1513 sub

186 1521 325 1563 praeside
339 1522 419 1554 Tin.
437 1521 541 1554 Cruc.
557 1527 593 1554 et
609 1522 753 1555 Gevart.
774 1525 842 1554 sine
855 1522 990 1564 praeside
1004 1523 1144 1555 Venett.
1162 1524 1259 1555 Rom.
1276 1522 1378 1555 Aldd.
1389 1524 1497 1556 Colin.
1509 1524 1648 1574 Gryph.

191 1570 236 1596 et
244 1565 360 1597 Plant.
384 1570 421 1596 et
448 1565 496 1598 sic
523 1565 633 1598 codex
659 1571 815 1598 vetustus
843 1566 1112 1598 Bernartii.—-70
1135 1565 1301 1598 Morellus
1315 1566 1438 1599 malit:
1461 1566 1588 1608 expirat
1612 1569 1647 1599 in

850 1674 883 1707 N
888 1674 996 1707 OTAE

234 1750 276 1779 64
302 1746 555 1789 Genitor-juxta]
575 1748 718 1790 Supple,
733 1749 842 1782 adest.

237 1801 281 1830 66
299 1798 428 1830 Oslrum
455 1799 590 1840 puerile]
627 1800 748 1833 Innuit
777 1804 892 1842 togam

191 1854 412 1891 praetextam,
443 1850 539 1891 cujus
565 1851 600 1882 in
625 1851 729 1883 limbo
763 1856 892 1884 ostrum

191 1909 253 1931 seu
271 1909 422 1941 purpura
437 1900 655 1939 cernebatur,
672 1902 761 1934 nude
776 1905 895 1934 ostrum

187 1950 319 1991 puerile.
365 1950 465 1982 Hanc
494 1951 628 1983 nobiles
658 1953 756 1993 pueri
785 1962 893 1994 usque

189 2000 234 2032 ad
263 2004 399 2032 sextum
428 2000 598 2033 decimum
642 2011 767 2034 annum
803 2001 892 2034 fere·

191 2051 291 2083 bant.

231 2103 273 2133 67
294 2099 422 2133 Albensi
433 2101 567 2143 amictu]
590 2102 762 2144 Intelligit
775 2106 892 2144 togam

189 2162 311 2195 puram
328 2162 388 2184 seu
401 2152 545 2194 virilem,
559 2163 637 2196 quae
652 2154 799 2185 candida
808 2159 895 2194 erat,

189 2208 226 2236 et
241 2208 340 2236 sexto
356 2203 492 2236 decimo
506 2205 619 2237 aetatis
635 2214 724 2236 anno
736 2206 894 2247 capieba-

190 2262 258 2290 tur.
302 2257 359 2290 Sic
383 2257 506 2290 Persio
536 2257 727 2290 ‘candidus
756 2257 893 2290 umbo:'

191 2307 318 2340 Ovidio
333 2307 519 2339 ‘liberior'
541 2307 647 2349 dicta,
674 2308 754 2350 quia
782 2308 893 2349 pueri,

187 2358 254 2390 hac
270 2362 395 2398 sumta,
412 2357 616 2390 desinebant
639 2367 714 2390 esse
738 2358 801 2390 sub
822 2368 893 2390 ma·

189 2410 305 2452 gistris
318 2421 359 2442 ac
373 2410 584 2452 paedagogis.

231 2463 274 2492 68
293 2462 447 2502 Novaeque
459 2462 604 2494 Libertas
615 2465 780 2504 properata
794 2462 893 2504 togae]

191 2511 321 2554 Supple
343 2512 497 2545 ‘virilis.'
544 2513 636 2545 Hinc
667 2513 751 2545 illud
780 2513 892 2545 aetatis

190 2567 326 2604 tempus
342 2561 511 2594 lubricum
526 2562 674 2603 dicitur3
699 2563 758 2595 sed
783 2568 823 2595 ut
844 2563 893 2595 ait

192 2612 369 2654 eleganter
392 2612 621 2645 Plutarchus:
655 2613 810 2655 Ἀναρχία
833 2612 892 2653 μὲν

190 2662 264 2703 γὰρ,
289 2661 327 2700 ἣν
342 2660 416 2694 ἔνιοι
429 2663 491 2693 τῶν
505 2661 580 2694 νέων
603 2663 777 2705 ἐλευθερίαν
798 2664 889 2696 ἀπαι-

192 2712 297 2754 δευσίᾳ
323 2711 494 2753 νομίζουσι,
519 2713 756 2755 χαλεπωτέρους
770 2713 891 2746 ἐκείνων

188 2764 252 2796 τῶν
267 2763 299 2794 ἐν
311 2763 400 2796 παισὶ
413 2761 605 2796 διδασκάλων
617 2763 668 2795 καὶ
689 2766 891 2805 παιδαγωγῶν

944 1749 1099 1783 δεσπότας
1120 1750 1280 1792 ἐφίστησι,
1301 1750 1359 1783 τὰς
1373 1749 1530 1791 ἐπιθυμίας
1543 1750 1646 1792 ὥσπερ

947 1801 982 1833 ἐκ
995 1803 1116 1842 δεσμῶν
1128 1801 1284 1835 λυθείσας.
1304 1801 1448 1833 Licentia
1459 1811 1544 1841 vero,
1554 1811 1648 1842 quam

945 1853 1043 1894 aliqui
1055 1852 1207 1892 ,iuvenum
1222 1855 1333 1884 uocant
1347 1852 1528 1892 wanda
1553 1852 1648 1883 liber-

947 1907 1056 1944 tatem,
1071 1903 1203 1944 imponit
1214 1903 1329 1944 sapius
1341 1903 1383 1934 iis
1395 1903 1583 1945 difficiliores
1593 1903 1647 1934 do·

946 1955 1058 1993 minos,
1069 1963 1161 1995 quam
1175 1957 1263 1986 erant
1273 1956 1478 1995 preceptores
1487 1962 1524 1984 ac
1541 1953 1648 1993 poeda-

943 2005 1033 2045 gogi,
1047 2013 1120 2045 quos
1131 2004 1223 2045 prius
1237 2003 1420 2044 habuerant,
1432 2012 1541 2044 nempe
1560 2003 1648 2043 cupi-

945 2055 1062 2087 ditates
1077 2055 1159 2087 celui
1174 2065 1192 2087 e
1205 2054 1338 2086 vinculis
1349 2054 1477 2086 solutas·

990 2109 1034 2139 69
1059 2107 1124 2139 Ceu
1138 2105 1343 2145 nesciasalcis
1361 2104 1571 2147 Sylvaoomas
1589 2105 1648 2143 tol-

948 2157 1002 2199 lit]
1026 2157 1138 2189 Arbor
1152 2157 1253 2194 enim,
1268 2165 1346 2199 quae
1361 2165 1430 2188 non
1452 2160 1648 2197 amputatur

949 2207 1052 2249 falce,
1067 2208 1167 2239 altius
1190 2207 1438 2248 erigit¹ramos.
1482 2206 1648 2238 Fructum-

949 2268 1008 2300 que
1036 2258 1161 2299 expirat
1182 2258 1218 2290 in
1240 2257 1380 2300 umbras]
1414 2257 1538 2290 Mens:
1561 2257 1647 2289 'rota

946 2309 1018 2341 abit
1029 2308 1064 2340 in
1074 2307 1168 2350 folia,
1179 2317 1360 2351 ramosque
1371 2306 1572 2350 superfluos,
1581 2316 1646 2340 nec

946 2358 1098 2392 fructum
1116 2358 1284 2401 producit.
1326 2359 1438 2391 Vocat
1452 2363 1567 2391 antem
1591 2367 1644 2390 ra-

946 2420 1019 2444 mos
1040 2410 1192 2453 foliaque
1206 2410 1344 2452 umbras,
1355 2410 1398 2443 ab
1412 2409 1554 2451 effectu,
1567 2409 1645 2452 quia

946 2461 1100 2494 umbram
1115 2459 1278 2493 efficiunt.

988 2515 1029 2544 ⁷1
1057 2511 1187 2553 Pierioe]
1223 2511 1412 2552 Musarum,
1435 2520 1510 2552 qnae
1535 2508 1643 2540 Pieri-

945 2563 1007 2596 des
1023 2562 1193 2595 dicuntur.

986 2615 1030 2645 72
1051 2611 1183 2653 Legem]
1206 2612 1371 2644 Normam
1386 2609 1533 2642 vivendi.

985 2666 1028 2696 73
1052 2663 1181 2695 Hilaris
1202 2660 1358 2704 probitas]
1378 2660 1463 2694 Quae
1488 2659 1571 2692 nibil
1591 2668 1642 2692 se·

944 2714 1017 2746 veri
1031 2723 1095 2746 nec
1121 2712 1250 2745 austeri
1272 2711 1386 2743 babet.
1432 2710 1536 2745 Frons
1554 2713 1643 2745 traa-

943 2764 1054 2807 quina]
1079 2763 1188 2797 Index
1203 2761 1459 2806 tranquillitatis
1475 2761 1587 2797 animi.
