1800 3060
619 205 885 238 ELENCHUS
916 205 1317 238 ALPHABETICUS.

577 300 694 334 Editio
709 301 864 333 Romana
874 308 928 333 an.
940 302 1038 333 1475.

897 353 1007 386 altera
1022 352 1174 394 ejusdem
1188 353 1282 386 anni.

581 408 700 441 Codex
716 406 978 448 Archiepiscopi
992 405 1263 439 salisburiensis.

576 462 696 495 Codex
710 460 870 493 Senensis
884 459 1033 492 omnium
1056 459 1323 501 antiquissimus,
1337 460 1395 502 qui
1409 461 1510 495 hodie
1532 467 1689 497 servatur

620 517 654 548 in
671 514 888 547 Bib1iotheca
903 513 1000 554 regia
1016 513 1252 554 Gottingensi.

579 567 700 602 Codex
713 566 944 608 Mutinensis,
960 575 1063 608 quem
1076 567 1164 599 citat
1177 567 1392 600 Burmannus
1414 568 1448 601 in
1464 568 1567 603 Obsa.
1581 570 1685 605 Misc-

621 622 698 654 Vol-
713 630 740 653 1.
756 625 793 653 et
808 629 850 653 11.

577 675 670 707 Frid.
686 671 917 717 (Tiliobroga)
934 672 1207 715 Lindenbrogius
1221 674 1256 707 in
1272 675 1434 709 Editione
1447 686 1508 709 sua
1522 687 1576 710 an.
1589 680 1686 710 1600.

578 729 698 761 Codex
710 729 906 760 Toletanus.
1035 719 1039 723 ”

576 782 695 815 Codex
711 780 1302 823 Uratislaviensis,membranaceus,
1317 781 1352 815 in
1366 782 1584 817 Bibliotheca
1596 783 1685 817 Rhe-

616 835 795 877 digeriana
810 843 846 866 n.
863 836 939 867 153.

578 888 698 921 Codex
718 888 912 920 Vaticanus
936 899 968 923 n.
981 891 1079 921 3283.

935 952 969 976 n.
984 945 1085 975 3871.

577 1012 922 1022 ——-—-—-
935 1006 970 1030 n.
985 999 1085 1029 3595.

934 1060 968 1084 n.
983 1053 1081 1083 3282.

573 1104 693 1136 Editio
708 1104 940 1137 Vcenhusenii
955 1114 1032 1137 cum
1049 1104 1150 1136 Notis
1166 1103 1361 1146 variorum,
1378 1114 1433 1137 au.
1450 1107 1545 1137 1671.

572 1158 692 1190 Editio
706 1158 845 1190 Veneta
856 1167 913 1190 an.
929 1160 1027 1191 1472.
1041 1157 1191 1190 omnium
1207 1158 1379 1200 princeps.

846 1221 903 1246 an.
918 1214 1014 1245 1475.

844 1274 900 1299 an.
919 1267 1016 1297 1483.

845 1328 900 1351 an.
917 1320 1015 1351 1490.

572 1373 688 1405 Editio
703 1372 890 1405 Vicentina
905 1381 961 1404 an.
977 1375 1074 1406 1481.

572 1426 691 1458 Codex
718 1426 995 1459 vindobonensis
1021 1425 1313 1466 membranaceae,
1342 1424 1420 1456 olim
1451 1424 1484 1456 in
1515 1425 1679 1460 Bibliotln.

612 1479 788 1521 Budensi3
810 1489 901 1513 nunc
915 1484 1029 1514 autem
1044 1481 1079 1512 iu
1095 1479 1261 1513 Biblioth.
1296 1478 1469 1522 Imperiali
1481 1477 1644 1513 German.
