1800 3060
797 177 1068 210 PRAEFA'HO.
1608 173 1663 214 21

206 276 316 318 hanc
335 273 507 328 excipit
526 272 807 328 desperatio;
849 277 893 316 et
920 275 1179 326 novissime,
1203 282 1464 318 contemtus
1530 278 1661 319 Fide-

203 344 302 385 liter
318 342 453 396 igitur
470 341 666 384 indicavi
684 344 820 393 (certe
839 342 987 398 volui)
1007 345 1158 386 omnia
1178 346 1278 387 loca
1297 345 1352 387 de
1368 345 1533 400 quibus
1555 347 1660 387 mihi

202 424 292 454 non
310 411 479 465 liquet;
522 413 566 452 et
583 410 804 452 nonnullis
833 411 1052 454 interdum
1085 413 1196 455 forte
1231 415 1443 469 opitulari
1465 428 1661 470 possem,

201 479 289 522 nisi
309 478 490 522 taederet
521 478 789 534 conjecturis
815 480 1046 535 indulgere
1074 481 1120 523 in
1151 482 1266 524 locis
1298 496 1401 537 quae
1424 483 1567 525 tribus
1589 484 1662 525 vel

203 551 395 604 quatuor
411 547 560 590 modis
579 547 735 602 refingi
754 550 952 603 possint:
994 564 1094 592 cum
1124 563 1180 593 ea
1207 551 1307 594 sola
1327 564 1408 606 pro
1427 552 1558 593 certis
1589 553 1665 594 ha·

202 617 332 659 bearn
352 615 410 658 ad
429 629 530 670 quae
546 629 662 658 unus
682 620 856 659 tantum
884 623 954 660 est
974 619 1138 661 aditus.
1196 620 1246 662 Si
1274 620 1384 675 quid
1416 624 1563 662 tamen
1583 620 1663 661 hu-

193 683 397 740 jusmodi
415 684 646 735 incideret,
667 684 744 726 fidi
765 685 963 729 Editoris
982 692 1077 730 erat
1096 688 1325 731 Lectorem
1342 701 1519 731 monere
1537 703 1548 740 ;
1579 701 1661 730 nec

200 763 380 795 monere
399 751 560 803 solum,
579 752 660 794 sed
680 756 724 795 et
753 755 999 797 remedium
1033 760 1233 799 tentare:
1276 769 1356 799 nec
1383 756 1500 798 enim
1520 757 1663 798 feren-

202 819 287 863 dus
304 824 425 863 esset
442 821 643 863 medicus
663 821 740 876 qui
758 826 925 876 aegroto
947 827 1114 866 tantum
1135 824 1318 875 diceret,
1338 828 1353 846 ‘
1371 828 1565 878 aegrotus
1585 825 1666 876 es‚’

201 889 375 943 absque
397 889 603 931 ulteriore
636 902 743 933 cura
773 895 853 933 aut
886 896 1053 934 conatu
1074 904 1172 934 eum
1207 892 1409 934 sanandi.
1468 892 1664 935 Tentavi

201 955 363 1011 igitur:
413 961 459 1000 et
494 957 715 1000 interdum
749 958 861 1001 forte
897 972 1052 1001 verum
1089 959 1182 1002 vidi
1200 974 1211 1013 3
1262 961 1443 1015 saepius,
1487 962 1662 1016 opinor,

202 1025 408 1079 peccavi.

262 1092 334 1135 De
354 1093 458 1148 ipso
479 1093 627 1136 Statio
649 1094 800 1137 omnia
821 1098 922 1137 sunt
946 1096 1126 1150 vulgata
1145 1110 1156 1138 :
1197 1109 1277 1139 nec
1298 1098 1539 1152 quicquam
1557 1099 1664 1140 novi

202 1160 353 1212 habui,
374 1162 463 1203 nisi
482 1167 535 1203 ut
553 1162 794 1204 refellerem
815 1163 1069 1217 opinionem
1093 1177 1349 1219 magnorum
1370 1166 1564 1208 virorum
1586 1168 1666 1221 qui

205 1232 403 1272 statuunt
422 1243 525 1272 eum
545 1230 713 1273 victum
743 1230 885 1274 fuisse
904 1232 951 1273 in
982 1231 1144 1287 Agone
1176 1233 1436 1288 Capitolino
1466 1235 1512 1276 in
1542 1247 1665 1277 com·

201 1297 414 1342 missione
433 1298 692 1341 Thebaidos
713 1312 836 1342 suae:
869 1300 991 1355 quod
1009 1313 1092 1343 nec
1113 1301 1343 1343 minimum
1363 1302 1665 1344 verisimilitu-

204 1365 320 1408 dinis
345 1366 520 1418 habere,
547 1380 629 1409 nec
660 1368 718 1409 ab
738 1381 890 1410 eorum
910 1367 1197 1423 Argumentis
1217 1370 1411 1424 probari,
1432 1370 1575 1413 doceo
1606 1371 1665 1412 ad

201 1432 390 1488 Epiced.
411 1435 532 1478 Patr.
554 1436 657 1478 231.
700 1436 773 1478 De
794 1436 955 1493 ἀκρισίᾳ
973 1443 1020 1480 et
1036 1441 1224 1489 tumore,
1243 1451 1345 1493 quae
1369 1437 1515 1480 Statio
1539 1451 1663 1494 saepe

205 1501 485 1556 objiciuntur,
523 1505 669 1560 aptior
707 1505 790 1547 erit
827 1506 946 1547 alius
985 1506 1173 1548 dicendo
1209 1507 1349 1548 locus.
1423 1507 1666 1549 Notandus

206 1569 348 1612 obiter
365 1571 450 1614 fuit
468 1585 620 1614 eorum
641 1586 760 1615 error
791 1575 872 1629 qui
900 1574 1088 1616 Sellium
1118 1587 1199 1616 seu
1232 1575 1464 1629 Epirotam
1493 1575 1664 1618 faciunt

206 1636 364 1680 Nostri
383 1639 560 1682 Patrem
578 1654 591 1693 3
620 1653 723 1682 cum
740 1640 819 1683 ille
838 1641 973 1696 plane
1001 1643 1134 1685 fuerit
1155 1641 1200 1684 N
1203 1642 1512 1698 eapolitanus;
1543 1642 1666 1686 Gens

204 1717 310 1748 vero
328 1707 535 1762 Papinia,
555 1722 615 1750 ex
636 1709 772 1752 Velia
791 1710 1004 1753 Lucaniae
1026 1711 1218 1766 oppido.

263 1773 427 1817 Restat
446 1788 474 1818 a
493 1781 535 1818 te
555 1780 717 1831 petam,
747 1778 925 1830 Lector,
946 1783 998 1822 ut
1026 1780 1235 1834 ignoscas
1267 1779 1532 1834 longitudini
1566 1779 1665 1822 No·

205 1845 364 1893 tarum,
395 1844 470 1885 cui
490 1844 726 1899 aliquoties
754 1847 866 1889 forte
887 1849 1020 1890 nimis
1041 1848 1209 1890 indulsi
1231 1850 1308 1891 ubi
1330 1862 1411 1904 per
1426 1862 1474 1891 se
1494 1851 1665 1904 perspi·

206 1921 289 1951 cua
307 1923 378 1952 res
396 1910 496 1954 fuit.
554 1912 702 1968 Atque
733 1915 907 1957 utinam
937 1917 1246 1971 exemplorum
1273 1926 1483 1959 numerus
1511 1918 1664 1960 multis

204 1977 250 2019 in
269 1979 384 2021 locis
405 1981 802 2025 circumcideretur.
862 1983 951 2025 Sed
985 1984 1100 2025 hanc
1131 1985 1428 2038 garrulitatem
1460 1998 1564 2026 mox
1598 1985 1663 2041 (si

205 2047 315 2089 nihil
334 2049 596 2103 interpellat,
618 2053 665 2091 et
699 2050 740 2091 si
770 2051 1088 2093 eruditioribus
1121 2053 1232 2094 tanti
1266 2051 1511 2107 videbitur)
1542 2066 1665 2095 com-

206 2117 404 2169 pensabo
433 2118 650 2161 brevitate
682 2117 900 2161 Notarum
933 2124 981 2161 et
1015 2120 1386 2162 Emendationum
1406 2121 1453 2162 in
1474 2120 1666 2175 Proper-

207 2183 334 2235 tium,
361 2185 434 2226 cui
456 2184 554 2239 Jam
585 2199 688 2227 cum
722 2187 915 2229 maxime
942 2188 1177 2230 incumbo:
1218 2192 1262 2230 et
1278 2189 1482 2244 proxima
1501 2189 1665 2232 foetura

208 2251 417 2293 excludet
437 2251 570 2294 Statii
596 2253 827 2297 Thebaida
853 2260 899 2298 et
925 2255 1199 2309 Achilleida;
1244 2270 1356 2311 quas
1387 2269 1487 2298 cum
1518 2256 1665 2299 Libris

208 2319 325 2361 Mss.
345 2320 534 2363 collatas
554 2321 686 2363 edere
707 2322 906 2366 destino:
950 2325 996 2366 in
1026 2338 1159 2379 quam
1188 2337 1282 2366 rem
1311 2324 1433 2366 viros
1463 2325 1663 2366 eruditos

182 2419 188 2425 .
208 2391 420 2430 exoratos
442 2389 591 2441 velim,
611 2395 663 2431 ut
679 2391 788 2432 mihi
806 2392 1097 2434 transmittere
1116 2391 1344 2445 dignentur
1365 2393 1404 2434 si
1425 2393 1533 2448 quid
1561 2393 1663 2435 huic

207 2456 440 2510 proposito
462 2458 799 2501 accommodum
829 2473 968 2514 penes
990 2473 1038 2501 se
1056 2460 1272 2502 habeant:
1303 2460 1484 2503 reddam
1504 2461 1662 2514 vicem,

208 2523 247 2564 si
266 2530 528 2578 reposcant;
556 2525 752 2577 reddam,
772 2532 815 2570 et
834 2528 873 2569 si
892 2541 980 2570 non
1000 2533 1258 2582 reposcant.

265 2593 335 2635 De
361 2591 781 2645 Virgilii·AEneide,
813 2595 1083 2649 quibusdam
1114 2596 1161 2636 in
1191 2595 1319 2646 locis,
1355 2596 1598 2650 (praecipue
1618 2611 1664 2652 p.

207 2657 306 2700 302.
327 2660 410 2701 col.
433 2659 496 2715 l.)
514 2661 699 2703 liberius
721 2675 856 2716 quam
885 2676 979 2704 mos
1000 2666 1084 2714 est,
1106 2662 1312 2718 opinatus
1333 2675 1447 2704 sum.
1509 2663 1664 2719 Hujus

211 2726 431 2780 opinionis
451 2728 686 2771 audaciam
702 2733 896 2784 expavet
911 2729 1108 2771 eruditus
1130 2730 1312 2785 quidam
1325 2730 1495 2771 amicus
1510 2744 1636 2773 meus
1652 2745 1662 2774 :
