1800 3060
224 203 315 248 2:34.
725 219 764 249 P.
796 219 990 250 PAPlNil
1024 220 1196 253 STATu

226 312 336 354 Inde
358 311 623 353 Dicarcheis
644 312 831 353 multum
850 313 1096 355 venerande
1117 315 1303 366 colonis,

227 379 350 421 Hinc
371 381 512 421 ascite
531 380 672 431 meis3
701 381 954 435 pariterque
969 380 1039 422 his
1058 381 1223 435 largus,
1239 386 1283 424 et
1304 382 1409 433 illis,

226 446 297 488 Ac
312 447 509 501 juvenile
528 447 691 497 calenS,
713 447 954 501 plectrique
977 461 1121 490 errore
1142 450 1376 503 superbus.

227 512 290 555 At
307 527 418 555 nunc
437 514 641 556 discussa
661 527 805 555 rerum
828 516 1030 569 caligine,
1048 529 1202 558 verum

227 580 437 634 Aspicis:
468 581 543 622 illo
559 581 636 622 alii
656 595 805 623 rursus
818 581 1045 637 jactentur
1064 585 1109 625 in
1130 585 1221 627 alto
1239 601 1251 636 3

227 645 290 689 At
309 651 386 689 tua
406 661 587 690 securos
608 654 780 702 portus,
801 650 1100 706 blandamque
1121 653 1317 706 quietem

228 715 413 757 Intravit
425 728 512 757 non
533 729 699 770 quassa
718 717 824 758 ratis
842 730 852 759 :
884 717 949 759 sic
970 731 1132 772 perge3
1162 732 1241 761 nec
1258 731 1457 774 unquam

230 782 470 825 Emeritam
490 783 537 824 in
556 787 732 825 nostras
750 797 948 839 puppem
969 786 1139 828 dimitte
1160 787 1398 841 procellas.

1602 313 1686 360 135

230 904 263 935 in
285 904 351 936 illis
374 904 511 936 sublimis
532 914 625 936 curru
647 905 801 937 vertereris
813 915 826 944 ,·
848 907 967 947 pariter
987 907 1020 938 in
1044 911 1205 949 utramque
1226 908 1375 949 liberalis,
1395 910 1490 942 etiam
1506 911 1690 950 ,iuveniliter

230 947 343 987 calens,
357 951 387 978 et
402 949 558 987 eleganter
573 949 614 978 ad
628 948 730 989 lyram
744 950 873 980 saltans.
917 948 966 981 At
981 960 1072 987 nunc,
1087 950 1230 992 dispulsis
1251 961 1356 983 rerum
1378 952 1504 992 nubili),
1527 954 1691 986 amitalem

229 991 462 1031 contemplaris.-
485 990 542 1021 alii
566 990 732 1029 agitantur
755 992 869 1022 iterum
895 991 928 1022 in
954 993 1007 1024 illo
1028 994 1149 1033 pelago.
1191 994 1236 1024 At
1260 997 1314 1026 tua
1339 995 1427 1026 navis
1450 996 1576 1036 integra
1596 997 1691 1028 subiit

230 1035 315 1063 tuton
326 1036 435 1073 portus
449 1036 479 1064 et
493 1033 579 1064 dulce
602 1033 711 1064 otium.
757 1034 812 1065 Sic
834 1034 1002 1072 continuam
1026 1045 1080 1066 nec
1104 1046 1237 1076 unquam
1258 1037 1355 1068 deduc
1378 1037 1411 1069 ιίι
1435 1041 1556 1070 nostros
1571 1038 1692 1080 fluctu

232 1077 316 1106 tuam
330 1085 451 1116 navem,
465 1085 532 1116 qua·
539 1075 677 1114 feliciter
691 1076 823 1115 confecit
837 1086 958 1108 cursum
972 1087 1071 1109 suum.
1118 1079 1162 1110 Et
1177 1083 1212 1110 tu
1224 1078 1453 1117 formosissima
1473 1081 1557 1113 inter
1575 1085 1689 1113 matro-

844 1172 1080 1186 OOOOOOU‘O‘OO

232 1234 477 1276 Lindenbrogii
498 1235 658 1267 exhibet:
691 1239 762 1268 tuas
786 1237 1048 1269 veherere—13⁷
1082 1239 1219 1278 ·Lege:
1250 1240 1298 1271 Ac
1314 1239 1452 1278 juvenile
1475 1241 1590 1280 calm,
1609 1242 1691 1282 ploc-
1741 1262 1743 1264 -

233 1279 336 1319 trique
361 1280 469 1310 decore
495 1278 653 1319 superbus.
699 1279 776 1311 Jam
805 1280 932 1320 aliquid
957 1281 1061 1312 habet
1086 1281 1130 1312 ob
1155 1281 1247 1322 quod
1274 1283 1396 1314 merito
1420 1283 1588 1323 superbus
1615 1293 1689 1316 esse

231 1321 346 1361 potuit
375 1321 517 1353 Pollius.
554 1321 606 1353 Cf.
636 1322 780 1361 Epiced.
818 1323 850 1352 in
878 1323 974 1354 Patr.
1003 1326 1078 1355 213.
1125 1325 1228 1355 Potes
1255 1325 1359 1356 etiam
1388 1326 1557 1366 plectrique
1581 1335 1691 1359 canore

230 1362 391 1404 superbum,
415 1373 458 1394 ex
475 1363 579 1396 Ovid.
596 1363 736 1396 Heroid.
760 1365 871 1404 Epist.
890 1374 967 1396 xvi.
984 1368 1055 1396 180.
1100 1367 1182 1397 Tale
1212 1366 1340 1407 aliquid
1365 1367 1538 1399 desiderat
1563 1378 1691 1401 sensus.

232 1406 322 1437 Mihi
354 1406 466 1446 placet
497 1407 591 1446 prior
619 1408 838 1448 conjectura3
875 1408 938 1438 nisi
968 1406 1057 1439 forte
1083 1408 1283 1449 depravatio
1309 1410 1417 1441 lateat
1441 1411 1473 1441 in
1497 1419 1581 1443 voce
1608 1411 1690 1452 plec-

233 1448 292 1488 tri,
307 1449 424 1479 nonin
439 1458 565 1480 errore:
587 1459 654 1490 quo
683 1459 762 1481 casu
789 1458 855 1480 non
874 1451 961 1481 male
987 1451 1100 1491 legas:
1124 1451 1240 1492 oeoique
1261 1461 1365 1483 errore
1390 1452 1551 1493 superbus,
1573 1457 1612 1485 ut
1635 1464 1691 1494 ap.

234 1490 364 1522 Auson.
380 1490 479 1523 Prof.
495 1500 573 1523 vni.
617 1492 684 1523 Sed
703 1492 782 1523 mihi
799 1493 909 1524 adhuc
928 1493 1042 1533 placet
1055 1494 1224 1534 plectrique
1244 1494 1362 1535 decore,
1378 1500 1522 1536 propter
1542 1505 1693 1537 sensum,

234 1538 272 1565 et
286 1534 457 1565 minimam
473 1534 706 1573 mutationem,
728 1539 766 1566 et
791 1535 933 1566 similem
963 1536 1043 1567 alibi
1065 1536 1198 1567 locum!
1222 1537 1450 1569 Martae-138
1471 1538 1594 1569 ‘Levis
1618 1548 1692 1570 cor·

237 1576 358 1616 rectio,
381 1577 440 1607 sed
461 1586 559 1617 quam
575 1587 628 1608 me
658 1578 715 1608 vix
741 1587 841 1618 spero
867 1577 1038 1618 magistris
1068 1578 1301 1620 probaturum,
1314 1579 1437 1621 quibus
1455 1581 1694 1621 paronomasia

234 1618 452 1650 blandietur:
477 1621 615 1650 discussa
630 1630 737 1652 verum
751 1620 887 1660 caligine
911 1630 1028 1660 terum,
1049 1621 1114 1662 &cl
1138 1621 1291 1653 Gronov.
1327 1622 1377 1654 At
1397 1631 1504 1654 rerum
1529 1623 1692 1657 abundat.

235 1660 291 1693 Cf.
306 1661 467 1702 Propert.
485 1671 541 1693 ιιι.
558 1665 589 1694 9.
605 1665 638 1694 7.
662 1663 781 1694 Nostr.
791 1662 903 1694 Theb.
920 1671 962 1695 n.
977 1665 1053 1695 26³.
1071 1673 1112 1695 ιι.
1128 1664 1223 1705 Sylv.
1243 1666 1276 1696 6.
1291 1667 1321 1696 8.
1345 1665 1516 1696 Prndent.
1533 1666 1690 1699 Cathem.

235 1703 364 1745 Hymn.
379 1705 506 1736 Octav.
523 1705 602 1736 Kal.
612 1705 691 1738 Jan.
709 1708 762 1737 57.
787 1711 823 1737 et
837 1706 983 1737 Tertull.
998 1705 1041 1737 de
1057 1706 1173 1739 Jndic.
1192 1707 1296 1739 Dom.
1311 1710 1474 1740 49.-139
1497 1708 1584 1740 Edd.
1607 1713 1693 1742 vett.

225 1745 394 1784 jactantur
403 1757 416 1785 ;
445 1748 558 1780 altera
586 1748 690 1780 lectio
717 1751 774 1780 est
797 1758 840 1780 ex
864 1748 1102 1780 emendatione
1132 1748 1385 1782 Barthii.—142
1407 1749 1524 1783 Parm.
1545 1752 1693 1789 dimitte,-

891 1833 1033 1866 NOTAE

992 1898 1090 1938 bant,
1102 1898 1157 1930 cui
1174 1899 1335 1931 convenit
1348 1899 1564 1932 immobilitas
1579 1903 1693 1935 terrae.

990 1950 1114 1993 Itaque
1129 1951 1237 1992 lyram
1250 1952 1425 1993 pulsantes
1442 1951 1486 1984 ab
1501 1962 1569 1984 uno
1583 1953 1693 1986 latere

990 2001 1025 2033 in
1050 2002 1197 2034 alterum
1220 2012 1257 2034 se
1272 2002 1465 2040 vertebant,
1480 2007 1518 2035 et
1531 2004 1626 2045 quasi
1639 2014 1693 2036 er-

991 2052 1125 2088 rabant,
1162 2051 1253 2084 unde
1293 2052 1547 2094 elegantissime
1583 2053 1694 2086 Po'e’ta

989 2103 1102 2145 plectri
1129 2112 1234 2135 errore
1261 2102 1362 2135 dixit.
1405 2103 1462 2135 Sic
1478 2103 1644 2144 Epicedio
1659 2105 1694 2137 in

992 2158 1125 2194 patrem
1141 2163 1150 2184 ε
1174 2153 1184 2170 ‘
1197 2153 1275 2186 Qua
1285 2153 1363 2194 lege
1374 2157 1529 2185 recurrat
1539 2152 1695 2187 Pindari-

994 2213 1043 2236 cae
1059 2213 1123 2235 vox
1138 2201 1226 2234 flexa
1238 2202 1344 2244 lyrae.’

278 1899 339 1929 135
363 1897 563 1939 Dicarcheis]
585 1898 796 1930 Puteolanis.

277 1949 341 1979 136
364 1948 453 1979 Hinc
468 1949 564 1980 ascite
577 1948 669 1989 meis]
688 1948 937 1989 Neapolitanis.

233 1997 298 2030 Jus
314 1997 403 2028 enim
420 1998 572 2030 civitatis
594 1997 832 2039 Neapolitanae
849 1999 938 2030 obti-

234 2053 358 2080 nuerat
374 2049 515 2081 Pollius.

279 2101 342 2131 13⁷
365 2099 545 2140 Plectrique
564 2108 669 2131 errore
682 2099 845 2140 superbus]
869 2099 939 2131 Per

235 2159 386 2181 errorem
403 2150 528 2190 plectri
543 2150 597 2181 bic
613 2149 716 2181 credo
731 2149 874 2181 Poetam
890 2150 940 2181 in-

235 2200 411 2232 tellexisse
436 2200 633 2242 Lyricorum
661 2204 807 2240 gestum,
829 2209 868 2231 ac
883 2209 940 2231 ca-

1602 655 1686 696 140
1795 705 1798 708 Α

235 2250 338 2283 nendi
354 2250 490 2282 modum
505 2261 514 2282 :
526 2249 632 2282 'certa
643 2250 732 2281 enim
745 2251 822 2291 lege
835 2250 940 2281 salta-

236 2301 322 2332 bant
337 2311 376 2332 ac
392 2301 618 2332 recurrebant
634 2301 748 2341 Lyrici
764 2301 798 2332 in
814 2310 939 2332 canen·

236 2350 288 2382 dis
304 2351 392 2390 odis,
408 2355 444 2382 et
454 2355 585 2382 motum
601 2352 764 2382 coelorum
780 2350 940 2393 quodam-

235 2402 338 2433 modo
368 2403 606 2435 imitabantur.
662 2403 750 2434 Nam
778 2402 939 2444 quemad-

235 2450 374 2482 modum
400 2452 582 2483 Stellarum
605 2453 791 2484 errantium
808 2452 939 2493 vertigo

237 2504 293 2532 eet
313 2500 357 2531 ab
383 2510 508 2532 occasu
525 2501 559 2532 in
585 2506 718 2541 ortum3
744 2502 794 2534 ita
812 2502 939 2544 Lyrici,

237 2552 317 2584 dum
342 2561 362 2583 a
387 2552 477 2583 laeva
490 2552 523 2582 iu
540 2551 698 2584 dextram
712 2553 940 2585 obverteban-

235 2608 308 2643 tur,
345 2602 574 2642 Antistropha
614 2603 665 2634 uti
709 2603 912 2635 dicebantur
929 2613 939 2643 ;

235 2653 385 2694 Stropha
405 2662 485 2684 vero
511 2653 570 2684 ubi
591 2662 611 2684 a
625 2652 754 2686 dextris
768 2654 804 2686 in
818 2654 942 2686 laevam

236 2703 343 2735 fiebat
365 2703 619 2735 controversia:
645 2703 766 2745 Epodo
790 2704 942 2741 tandem,

237 2763 316 2787 cnm
343 2754 571 2787 consistentes
592 2754 628 2786 in
646 2762 715 2787 nno
735 2755 814 2788 loco
842 2763 942 2787 cane-

1038 2257 1102 2286 138
1128 2255 1278 2286 Discussa
1301 2264 1405 2286 rerum
1426 2254 1571 2295 caligine,
1588 2264 1695 2287 vam

994 2303 1135 2345 Aspicis]
1151 2304 1347 2336 Gronovius
1362 2305 1449 2347 legit
1463 2305 1514 2337 sic
1525 2315 1536 2337 ι
1559 2306 1696 2338 aises-a

994 2364 1100 2386 verum
1124 2355 1274 2395 caligine,
1299 2364 1407 2387 oerum
1433 2355 1558 2396 aspicis,
1583 2359 1620 2387 et
1646 2356 1696 2388 ait

993 2403 1268 2446 frequentissime
1283 2405 1331 2436 ita
1343 2405 1394 2437 nti
1406 2405 1601 2446 Papiniutn.
1637 2405 1694 2438 Ad

994 2455 1191 2487 Claudiam:
1217 2455 1307 2487 ‘Sed
1335 2455 1477 2487 venient
1504 2455 1615 2496 plenis
1637 2466 1695 2488 ve-

993 2505 1089 2537 nient
1101 2504 1270 2536 connubia
1282 2503 1394 2536 tedis-³
1421 2504 1572 2537 Ibidem:
1588 2505 1695 2546 ‘Tna,

993 2564 1068 2596 quae
1083 2563 1137 2585 me
1154 2555 1292 2585 vnlnere
1308 2554 1416 2595 primo
1431 2554 1606 2586 Intactum
1619 2555 1692 2587 tha-

993 2605 1104 2644 lamis,
1129 2609 1165 2636 et
1191 2604 1302 2636 adhuc
1324 2604 1481 2645 juvenile
1511 2609 1693 2646 vagantem

994 2654 1129 2693 Fixisti,
1154 2658 1215 2686 tua
1236 2652 1346 2686 fraena
1373 2653 1482 2695 libens
1503 2654 1693 2698 docilisque

994 2703 1135 2746 recepi.’
