1800 3060
554 250 832 282 SYLVARUM
863 250 959 280 ms.
994 248 1057 279 iv.
1461 234 1548 276 399

0 294 21 411 Ξ(
91 346 459 405 reprehenderunt
471 350 506 377 ¹⁴
542 344 614 401 (ut
645 341 800 398 audio)
828 343 949 398 quod
978 343 1061 384 hoc
1091 341 1194 396 styli
1221 352 1356 395 genus
1377 339 1544 381 edidis-

0 414 10 427 “
91 430 200 459 sem.
259 415 472 464 Primum,
502 424 825 467 supervacuum
850 414 918 452 est
951 409 1208 452 dissuadere
1236 422 1330 450 rem
1362 408 1545 449 factam.

93 483 279 532 Deinde,
308 482 446 524 multa
474 493 534 522 ex
563 479 657 521 illis
682 479 778 534 jam
809 478 1007 521 Domino
1038 476 1208 519 Caesari
1238 475 1468 524 dederam
1503 479 1547 516 et

90 555 256 605 quanto
268 554 301 580 ¹⁵
339 549 423 591 hoc
458 549 560 602 plus
598 552 680 597 est,
712 560 844 602 qnam
876 545 1033 588 edere?
1052 541 1068 567 ¹⁸
1138 543 1358 585 Exercere
1397 545 1544 584 autem

85 617 217 672 jocos
235 630 324 659 non
342 613 499 658 licet2¹
533 616 573 657 si
594 611 818 664 secreto,¹⁶
849 613 1034 667 inquit.·¹²
1092 611 1182 652 Sed
1201 613 1246 652 et
1264 609 1544 664 Sphaeroma-

90 685 243 727 ehias¹²
263 687 531 738 spectamus,
558 686 603 724 et
629 681 784 736 pilaris
809 680 927 722 lusio
957 679 1215 721 admittitur.
1266 677 1543 726 Novissime,

90 752 298 806 quisquis
317 764 375 792 ex
394 751 504 792 meis
523 748 702 791 invidus
715 753 750 780 ¹⁷
786 747 955 802 aliquid
975 747 1097 800 legit,
1118 747 1269 788 statim
1290 758 1340 786 se
1363 744 1545 799 profite-

0 856 3 867 ,
22 842 27 846 ·
93 823 161 861 tur
180 819 431 860 adversum:
444 818 610 871 itaque
630 816 819 858 consilio
838 815 933 870 ejus
954 814 1225 857 accedamv
1283 813 1337 855 In
1359 825 1546 861 summa,

0 929 3 931 ,
91 899 249 940 nempe
269 898 351 939 ego
371 898 483 935 sum,
502 885 577 938 qui
595 883 860 926 traducor-:1²
883 886 1044 932 taceat,
1070 884 1116 923 et
1141 879 1346 935 gaudeat.
1407 878 1544 920 Hunc

18 952 22 954 ’
92 957 234 996 tamen
252 953 409 994 librum
427 956 490 1003 tu,
513 950 744 1000 Marcelle,
763 949 986 991 defendes.
1045 948 1116 1000 Et,
1151 948 1191 990 si
1224 948 1410 998 videtur,
1439 946 1546 988 hac-

95 1025 271 1063 tenusz‘t
290 1019 360 1061 sin
377 1019 552 1069 minus,r
572 1016 982 1073 reprehendemur.¹⁸

897 1114 938 1126 00

94 1175 179 1204 —u
199 1171 327 1204 Eadem
340 1170 468 1204 editio:
498 1174 553 1202 aut
567 1170 861 1211 multicana—1⁵
884 1170 1107 1202 Marklandns
1123 1169 1211 1211 conj.
1225 1172 1259 1200 at
1281 1171 1407 1209 quanto.
1453 1167 1546 1199 Mar-

96 1225 139 1257 go
154 1214 208 1247 ed.
224 1214 342 1246 Barth.
356 1223 434 1246 curn
449 1212 553 1245 Aldd.
569 1213 678 1245 Colin.
693 1213 826 1254 Gryph.
841 1213 947 1244 Basil.
963 1215 1030 1245 διε.
1044 1214 1112 1254 plus
1124 1216 1279 1253 mquam,
1294 1212 1436 1250 &ce-16
1460 1211 1549 1243 Edd-

95 1262 181 1290 vett.
194 1257 240 1289 sic
251 1259 368 1289 seer-eto
381 1256 493 1297 inquit.
516 1256 642 1288 Markl.
664 1257 831 1295 correxit,
844 1256 873 1287 si
894 1259 1023 1296 secreto,
1037 1257 1091 1296 ξε.
1133 1257 1143 1273 ⁴
1162 1255 1281 1286 Ausim
1299 1252 1464 1285 affirmare
1481 1254 1550 1285 Pa·

96 1300 224 1341 pinium
239 1299 438 1341 scripsisse:
461 1300 524 1330 sic.-
543 1300 597 1330 sed
611 1302 739 1330 secreto.
783 1299 860 1331 Vox
884 1299 999 1339 inquit,
1021 1298 1208 1330 adversarii
1225 1306 1413 1328 sermonem
1430 1294 1548 1335 infert,

97 1348 135 1374 ut
149 1351 242 1384 saepe
255 1341 346 1384 apud
370 1341 572 1373 Arnobium.
594 1340 815 1373 Scribendum
833 1346 940 1373 totum
954 1342 1017 1372 boc
1032 1349 1177 1379 commu,
1193 1344 1345 1371 retracta
1361 1339 1481 1370 vocula
1496 1340 1549 1370 sed

95 1385 132 1417 iu
145 1393 242 1416 suum
254 1385 382 1425 locum,
395 1384 459 1416 bac
474 1384 561 1415 serie
576 1383 775 1425 opinamur:
801 1384 957 1415 Eser-cere
979 1388 1083 1415 auten
1098 1383 1186 1422 jocos
1200 1393 1262 1414 non
1276 1383 1368 1413 licet?
1388 1381 1443 1413 Sic
1453 1393 1464 1413 .·
1496 1382 1550 1413 sed

94 1432 225 1468 sarde,
237 1427 351 1468 iuquit.
397 1427 443 1458 Et
457 1426 731 1467 sphera-lachim.
746 1426 814 1467 ξε]
837 1427 1043 1458 Banu-1⁷
1068 1425 1157 1458 Edd.
1174 1430 1258 1457 vett.
1273 1424 1411 1466 quisquis
1422 1434 1463 1456 ex
1475 1424 1553 1456 mei·

96 1470 226 1502 insitus.
268 1467 491 1502 Markland-1⁸
506 1469 657 1500 correxit
673 1469 809 1501 invidus.
853 1469 937 1501 Mox
951 1479 1013 1510 pro
1026 1469 1192 1510 profitetur
1215 1468 1330 1499 Parm.
1353 1467 1551 1510 profiteatur.

97 1512 306 1555 ‘Sequentia
318 1512 424 1553 itaque
437 1511 565 1543 consilio
579 1511 645 1551 <iu
667 1512 810 1543 accedam
833 1511 1110 1552 interrogationis
1132 1516 1213 1542 nota
1229 1509 1397 1542 animavi?
1429 1510 1551 1542 Markl-

97 1555 212 1587 Parm.
225 1559 263 1587 et
278 1554 377 1588 Rom.
393 1555 439 1586 ita
453 1564 549 1595 quare
562 1554 701 1594 consilio,
713 1556 765 1595 &a
810 1554 972 1586 Barthius
987 1554 1169 1597 legendum
1186 1558 1306 1585 censet
1319 1565 1329 1584 :
1351 1553 1399 1583 ita
1414 1563 1468 1584 nec
1480 1562 1553 1583 con·

97 1597 171 1629 silio
185 1597 250 1637 ejus
262 1597 501 1629 σκιάει-18
524 1597 535 1614 ‘
550 1597 684 1628 Vitiata
708 1596 887 1629 distinctio
911 1603 978 1636 est,
1004 1596 1065 1628 sed
1089 1596 1198 1628 facilis
1222 1595 1361 1637 corrigi.
1405 1595 1527 1627 Scribe
1540 1605 1550 1625 :

100 1640 197 1672 Hune
210 1639 438 1671 amatior-um
451 1642 499 1677 eu,
514 1639 675 1678 Marcelle,
697 1638 852 1679 drsendes,
875 1641 905 1670 si
928 1641 975 1671 sic
988 1640 1126 1678 videtur,
1151 1639 1307 1670 haam.
1350 1637 1429 1675 Sin,-
1450 1637 1554 1668 miuus

98 1682 363 1723 reprehendemur.
391 1682 429 1713 Si
444 1681 622 1721 defendes,
636 1681 722 1713 bene
737 1682 848 1714 babet.
894 1683 966 1723 Sin,
990 1683 1099 1713 minus
1122 1687 1239 1713 tamen
1263 1681 1400 1713 obnoxii
1426 1682 1555 1712 erimus

99 1724 367 1766 reprehensioni,
381 1724 439 1766 qui
453 1725 590 1756 titulum
606 1728 699 1756 tuum
717 1725 1012 1766 prescripsimus!
1035 1725 1153 1757 Banu.

755 1809 786 1842 N
793 1809 896 1842 0¹1·AE

141 1873 159 1897 Β
181 1874 307 1911 Qum
324 1873 381 1906 luc
401 1874 473 1915 plau
494 1876 555 1914 est,
578 1883 669 1915 quam
692 1873 798 1914 edere]

100 1924 205 1959 Quasi
219 1923 315 1956 dicat
327 1924 428 1965 longe
441 1924 532 1965 plus,
543 1923 679 1956 utillud
696 1923 797 1955 Plinii

100 1975 136 2006 in
149 1974 359 2007 Praefatione
374 1975 552 2007 Naturalis
572 1974 739 2006 Historiae
753 1974 798 2006 ad

100 2025 232 2057 Titum:
254 2030 264 2044 ⁸
278 2025 400 2067 Neque
412 2025 502 2056 enim
517 2024 636 2056 eadem
652 2029 707 2057 est
719 2034 798 2056 con·

102 2074 188 2106 ditio
205 2074 461 2115 publicantium,
476 2079 512 2106 et
522 2074 721 2106 nominatim
736 2074 799 2106 tibi

104 2125 314 2158 dicentium!

144 2174 155 2196 ¹
175 2175 251 2207 Noa
263 2176 351 2217 licet]
384 2175 639 2217 Interrogative
653 2176 800 2217 legatur,

103 2225 200 2268 qussi
223 2225 369 2265 dicatur,
395 2225 480 2257 licet
511 2234 674 2257 exercere
689 2226 800 2267 jocos.

146 2280 172 2298 ¹¹
195 2275 332 2314 Secreto,
359 2274 476 2316 inquit]
512 2273 739 2307 Adversarius
763 2280 801 2306 et

30 2365 45 2372 ἢ
105 2325 351 2358 calumniator:
375 2325 524 2364 Exerce,
538 2324 662 2366 inquit,
678 2325 802 2366 jocos:

106 2375 169 2409 sed
193 2379 347 2408 secreto:
373 2375 470 2417 quasi
484 2375 598 2408 dicat:
627 2376 748 2409 Scribe
772 2376 802 2408 si

107 2425 160 2466 vis
175 2426 324 2468 Sylvas;
347 2425 408 2457 sed
424 2426 494 2458 noli
510 2426 696 2467 publicare.

146 2481 164 2499 ¹·
178 2470 459 2518 sinmmhim]
471 2475 592 2518 Atqui,
604 2477 727 2519 inquit,
736 2477 803 2509 Pa-

107 2525 219 2567 pinius
233 2526 370 2568 publice
380 2526 532 2558 eduntur
545 2527 709 2559 levissimi
722 2527 804 2568 ludi,

109 2581 147 2608 et
153 2581 355 2617 spectantur
363 2578 373 2594 ‘
380 2576 687 2618 Spin-emmanue?
702 2577 804 2612 Hanc

110 2633 228 2658 vocem
241 2631 386 2668 usurpat
406 2627 537 2658 Seneca
556 2626 622 2667 Ep.
637 2630 691 2659 80.
735 2627 803 2660 Sed

110 2674 200 2715 quod
219 2685 325 2716 genus
340 2676 497 2708 exercitii
510 2677 568 2708 ina
582 2676 807 2718 significatur,

111 2733 179 2756 non
203 2726 286 2758 satis
311 2731 460 2760 constat.
504 2727 667 2769 Plerique
696 2728 805 2760 lusum

113 2773 192 2816 pilae
207 2783 392 2818 exponunt,
413 2777 540 2809 etenim
555 2777 598 2809 de
614 2787 655 2810 ea
670 2778 806 2819 capien-

851 1874 896 1906 da
924 1875 1107 1907 certabant
1136 1874 1272 1906 diverso
1307 1873 1351 1905 ab
1387 1873 1555 1906 hodierno

851 1934 957 1956 more.
1002 1924 1093 1956 Vide
1106 1924 1310 1956 Athenaeum
1337 1925 1397 1956 lib.
1423 1933 1450 1956 1.
1476 1934 1554 1966 cap.

853 1978 905 2007 12.
922 1979 959 2007 et
973 1974 1153 2006 Pollucem
1170 1974 1229 2007 lib.
1253 1983 1307 2007 rx.
1352 1974 1400 2006 Hi
1426 1974 1496 2005 ludi
1518 1975 1555 2006 in

851 2023 926 2056 foro
954 2025 1213 2067 spectabantur,
1244 2030 1283 2056 ut
1310 2025 1414 2057 babet
1442 2025 1554 2057 Varro

853 2074 943 2115 apud
961 2075 1123 2114 Nonium,
1146 2074 1201 2105 vel
1226 2074 1262 2106 in
1277 2084 1399 2116 campo
1414 2075 1558 2115 Martio,

853 2129 892 2156 nt
902 2124 1075 2165 colligitur
1087 2134 1130 2156 ex
1145 2124 1290 2156 Horatio
1302 2125 1336 2156 in
1349 2130 1436 2155 arte.
1461 2125 1555 2156 Mer-

853 2174 990 2206 curialis
1005 2174 1187 2215 Gymnast.
1203 2175 1261 2207 lib.
1274 2183 1314 2206 11.
1329 2175 1558 2215 σφαιρομαχεῖν

853 2225 1008 2266 explicat
1030 2225 1074 2256 de
1100 2224 1276 2265 pugilibus
1299 2225 1354 2266 qui
1380 2234 1476 2256 aenea
1500 2224 1558 2256 vel

852 2274 989 2315 lapidea
1015 2274 1084 2315 pila
1104 2274 1319 2306 adversarios
1342 2274 1557 2315 percutiunt.

853 2325 942 2357 vide
958 2329 993 2356 et
1008 2324 1185 2355 Pollucem
1200 2324 1259 2356 lib.
1276 2332 1334 2356 111.

894 2379 911 2395 ⁰
935 2374 1075 2406 Consilio
1087 2374 1154 2413 qius
1167 2374 1324 2415 accedun]
1348 2374 1515 2407 Ironicos.

896 2430 914 2452 Ρ
938 2424 1115 2465 'li-adum]
1141 2425 1327 2457 Derideor.
1365 2426 1558 2458 Martialis:

856 2477 867 2494 ‘
878 2475 1034 2516 Ridebis,
1043 2476 1219 2517 multoque
1228 2476 1334 2516 magis
1343 2476 1558 2509 induceris?

856 2528 1052 2560 Juvenalis:
1084 2528 1269 2560 ‘Traducit
1293 2528 1397 2568 avos,'
1426 2528 1461 2560 id
1490 2534 1558 2569 est,

857 2579 1018 2610 ridiculos
1032 2577 1128 2611 facit.

899 2636 916 2658 q
947 2629 1124 2671 Hamus]
1173 2629 1314 2662 Scilicet
1351 2629 1560 2671 scripserim.

860 2679 1013 2720 Θησέα.

901 2733 915 2749 ¹
935 2729 995 2760 Sia
1015 2729 1132 2770 nunus]
1152 2729 1188 2761 Si
1212 2730 1361 2762 volueris
1384 2738 1438 2761 me
1460 2729 1560 2770 plura

858 2778 1023 2811 scribere.
1045 2779 1144 2811 Iden.
