1800 3060
961 466 1024 496 DE

506 593 584 651 P.
657 591 1039 654 PAPINIO
1106 594 1432 655 STATIO

244 783 580 837 VETERUM,
611 784 1103 838 SEMIVETERUM,
1137 786 1656 832 NEOTERICORUM

424 956 937 1001 COMMEMORATIONES,
973 959 1188 1001 JUDICIA,
1226 959 1424 1003 ELOGIA,
1447 962 1512 994 ἃς.

631 1274 690 1316 D.
713 1274 743 1316 J
747 1287 820 1315 un.
842 1273 871 1316 J
875 1273 1076 1316 uvenalis
1097 1274 1192 1316 Sat.
1213 1281 1299 1317 vn.

349 1341 647 1402 Cumu'rUR
669 1359 725 1401 ad
747 1372 905 1401 vocem
920 1359 1187 1414 jucundam,
1215 1363 1257 1402 et
1278 1373 1456 1402 carmen
1477 1361 1634 1402 amieae

342 1427 626 1481 Thebaidos;
658 1429 812 1470 laetam
828 1427 935 1470 fecit
956 1441 1058 1470 cum
1080 1428 1300 1471 STAT1US
1323 1428 1505 1480 Urbem,

343 1496 647 1552 Promisitque
669 1497 812 1551 diem;
834 1501 961 1539 tanta
982 1496 1215 1539 dulcedine
1234 1501 1387 1552 raptos

344 1564 500 1608 Afficit
520 1566 596 1608 ille
617 1566 805 1618 animos,
827 1570 1039 1620 tantaque
1059 1565 1242 1608 libidine
1259 1566 1382 1620 vulgi

343 1633 562 1677 Auditur:
583 1634 662 1676 sed
681 1648 783 1676 cum
802 1634 933 1688 fregit
952 1633 1168 1676 subsellia
1187 1646 1333 1685 versu,

346 1702 510 1755 Esurit,
537 1703 754 1745 intactam
776 1701 931 1744 Paridi
951 1702 1035 1743 nisi
1056 1701 1225 1744 vendat
1245 1701 1446 1756 Agaven.

590 1792 621 1835 J
624 1793 682 1834 ul.
705 1791 992 1847 Capitolinus
1013 1792 1059 1833 in
1078 1790 1338 1834 Gordianis.

289 1871 480 1927 Scripsit
517 1875 747 1926 praeterea,
787 1870 1162 1925 quemadmodum
1207 1869 1422 1924 Virgilius
1462 1869 1697 1920 AEneidOS,

231 1939 402 1982 Statius
418 1938 718 1990 Achilleidos,
741 1942 787 1981 et
803 1938 932 1981 multi
952 1938 1029 1980 alii
1050 1937 1239 1989 Iliados,
1258 1938 1324 1980 ita
1342 1938 1475 1980 etiam
1492 1938 1583 1990 ille,
1605 1938 1697 1980 An-

232 2007 504 2051 toniniados.

644 2086 716 2128 Ol.
738 2085 1037 2129 Nemesianus
1061 2085 1233 2139 Ecloga
1254 2094 1287 2126 1.

463 2164 557 2207 Hic
578 2166 623 2207 in
646 2166 790 2220 sylvis
812 2178 1009 2220 praesens
1031 2165 1114 2206 tibi
1134 2164 1253 2206 fama
1271 2164 1507 2217 benignum

349 2233 516 2276 Stravit
536 2234 635 2276 iter.

292 2301 403 2343 Sunt
421 2303 559 2344 verba
581 2301 776 2357 Papinii,
798 2300 938 2344 Theb.
962 2312 1058 2343 xil.
1079 2299 1179 2342 812.

277 2397 285 2404 '
667 2391 864 2443 Servius,
890 2391 948 2434 ad
969 2391 1072 2433 AEn.
1096 2401 1148 2431 x.
1169 2389 1267 2431 275.

293 2470 414 2512 Bene
431 2470 516 2513 hoc
537 2471 708 2515 Statius
727 2472 784 2515 ad
803 2472 907 2527 ipsa
925 2484 1048 2513 arma
1066 2469 1311 2519 transtulit,
1332 2469 1506 2512 dicens:

638 2540 866 2598 Armaque
886 2541 932 2582 in
952 2552 1063 2582 auro
1082 2537 1266 2580 Tristia.

519 2628 728 2671 Lutatius
748 2629 965 2672 Placidus
986 2629 1045 2672 ad
1065 2628 1206 2671 Theb.
1229 2638 1318 2670 vn.
1338 2626 1411 2670 62.

297 2705 450 2757 Quare
469 2706 665 2750 adultero
690 2707 824 2750 Marti
845 2708 1079 2752 Vulcanus
1105 2707 1413 2750 habitaculum
1432 2706 1700 2749 fabricasset
1720 2752 1736 2761 ,

238 2774 516 2828 argutissime
536 2775 715 2819 divinus
734 2777 818 2819 hoc
837 2777 941 2820 loco
960 2776 1106 2820 Poeta
1126 2775 1342 2819 dissolvit.
