1800 3060
550 271 824 304 svnvAnuu
860 271 955 302 ms.
979 271 1043 303 ιν.
1069 260 1110 302 8.
1468 258 1556 301 473

111 367 322 412 Nubibus
340 370 384 409 et
402 365 624 422 pecudum
643 364 767 408 fibris
786 365 1053 420 spirantibus
1070 364 1223 420 imple,

108 436 409 489 Parthenope:
439 434 547 476 clari
567 446 705 488 genus
725 445 831 475 ecce
853 432 1123 475 Menecratis
1143 436 1273 485 auget

106 503 257 546 Tertia
280 503 375 558 Jam
396 502 602 544 soboles:
631 515 858 556 procerum
875 501 957 543 tibi
977 501 1122 542 nobile
1142 500 1296 554 vulgus

109 571 289 621 Crescit,
307 575 355 612 et
373 570 517 612 insani
536 570 704 612 solatur
723 570 884 611 damna
902 568 1081 610 Vesevi.
1525 568 1554 609 5

108 638 208 682 Nec
228 638 368 680 solum
387 638 526 680 festas
546 641 716 679 secreta
738 635 960 691 Neapolis
976 648 1075 677 aras

107 706 314 750 Ambiat:
344 710 389 749 et
405 706 518 748 socii
537 708 704 761 portus,
724 705 973 759 dilectaque
990 703 1110 744 mitis

102 774 239 817 Terra
259 772 636 824 Dicarcheae‚nec
655 785 744 813 uon
765 771 896 826 plaga
915 783 1019 813 cara
1036 770 1230 811 madenti

107 842 358 884 Surrentina
377 840 481 883 Deo
500 839 631 882 sertis
650 839 805 882 altaria
824 839 1001 892 cingat3

106 908 300 952 Materni
318 921 408 964 qua
426 907 553 950 littus
574 907 662 958 avi,
682 919 812 962 quem
831 906 958 948 turba
975 909 1187 961 nepotum
1495 908 1552 950 10

104 1041 188 1073 extis
199 1040 424 1083 palpitantibus
433 1041 592 1082 pecudum.
615 1041 689 1072 Jant
702 1040 796 1072 tertia
816 1041 919 1081 pmles
931 1042 1024 1079 auget
1039 1040 1161 1070 domim·
1171 1038 1251 1071 clari
1266 1038 1464 1070 Menecratis.
1490 1038 1553 1069 Ge-

103 1092 214 1116 nerosa
225 1085 308 1126 plebs
320 1085 503 1126 optimatum
516 1084 661 1116 adolescit
676 1083 747 1122 tibi,
760 1086 792 1115 et
804 1086 930 1123 reparat
944 1082 1206 1120 domjan-eneis
1220 1082 1356 1114 Vesuvii.
1399 1082 1466 1113 Nee
1479 1085 1550 1112 taa-

105 1128 172 1158 tnm
185 1127 334 1168 Neapolis
346 1130 379 1159 et
392 1127 489 1159 vicini
506 1129 628 1168 portas,
649 1130 679 1158 et
700 1135 772 1158 eam
798 1126 887 1158 tellus
910 1125 989 1157 lenis
1017 1125 1179 1164 Dicarchi,
1199 1125 1345 1156 redinunt
1358 1125 1453 1156 sertis
1466 1133 1551 1160 aras,

102 1170 158 1201 sed
170 1170 266 1202 etiam
277 1180 332 1202 ora
343 1170 533 1203 Surrentina
546 1169 658 1202 dilecta
669 1169 795 1202 humido
807 1169 942 1209 mini,
963 1168 1016 1200 ιιὸί
1027 1178 1105 1200 aeus
1128 1171 1286 1200 mimus
1309 1167 1442 1209 habitat,
1461 1177 1550 1209 qaeu·

694 1273 813 1286 000000
817 1273 932 1287 ‘OmO

103 1351 126 1381 6
146 1348 272 1381 Venet.
287 1351 319 1382 1.
341 1354 460 1382 sacrata
477 1350 644 1392 Neapolis:
667 1350 701 1382 in
723 1351 848 1383 ceteris
868 1349 1042 1383 omnibust
1062 1352 1191 1382 secreta.
1235 1346 1458 1380 Marklandus
1474 1350 1549 1377 ten·

103 1390 201 1424 tabat
224 1392 345 1432 lema,
364 1397 403 1425 ιιι
429 1393 518 1435 apud
545 1393 665 1426 Claud.
687 1393 764 1427 Sec.
779 1394 882 1426 Cous.
904 1393 1038 1426 Stilich.
1054 1395 1129 1425 177.
1152 1391 1195 1424 de
1211 1401 1248 1423 re
1262 1391 1436 1423 simila—7
1464 1389 1550 1420 Par-

102 1434 246 1469 mensis:
293 1436 300 1442 “
449 1436 599 1468 *ἄλ-8
613 1436 780 1468 Dicarchei
794 1435 873 1468 edd.
889 1440 975 1469 vett.
988 1435 1176 1468 Dicarchea
1190 1433 1301 1467 edidit
1316 1431 1549 1465 Marklandus.

101 1475 192 1510 Vide
216 1477 261 1510 ad
287 1487 329 1511 11.
353 1481 456 1512 29³.
482 1483 518 1511 et
544 1487 600 1512 ιιι.
626 1481 656 1511 1.
679 1481 819 1512 92—10
840 1479 956 1511 Parm.
983 1484 1020 1511 et
1045 1479 1143 1511 Rom.
1164 1476 1331 1520 quatur-ba
1353 1478 1550 1518 nepotum.—

757 1579 896 1612 NOTAE

102 1664 142 1687 ns
161 1654 235 1688 AEn.
250 1664 302 1687 tv.
330 1655 341 1673 ‘
353 1655 433 1688 Fuit
453 1655 488 1687 in
515 1656 617 1688 tectis
642 1656 685 1688 de
705 1666 792 1688 mar-
846 1660 893 1688 ta.
928 1653 1131 1696 Dileetaque]
1145 1654 1203 1686 Ob
1217 1653 1363 1686 Pollium
1377 1660 1548 1690 socerum,

101 1715 195 1738 more
209 1706 372 1747 templum
387 1706 555 1747 Conjugis
571 1707 714 1749 antiqui,
732 1707 793 1739 mi·
846 1705 903 1748 qni
924 1711 1024 1738 natus
1045 1705 1210 1738 Puteolis.
1254 1703 1351 1735 Mitis
1367 1703 1467 1735 Terra
1485 1701 1548 1732 Di·

101 1765 141 1788 ιο
165 1755 255 1798 quod
284 1756 412 1788 honore
439 1756 576 1789 colebat
602 1757 795 1789 Velleribus
846 1757 996 1799 melam]
1028 1755 1180 1788 Puteoli.
1234 1753 1345 1794 Mitis]
1379 1752 1469 1786 Quia
1498 1750 1546 1783 ibi

101 1806 223 1847 niveis,
259 1811 296 1838 et
321 1805 413 1838 festa
441 1806 554 1839 fronte
582 1806 796 1840 revinctum?
843 1806 982 1848 justitia
1010 1806 1091 1838 olim
1120 1805 1247 1847 optime
1285 1801 1546 1835 administraba-

101 1856 150 1889 Et
163 1856 276 1898 tangit
289 1866 429 1899 morem,
446 1868 512 1900 qno
536 1858 587 1890 his
608 1858 796 1890 occasioni·
850 1861 918 1889 tur.

100 1906 166 1940 bns
185 1907 389 1948 templorum
403 1907 494 1940 fores
511 1909 605 1941 vittis
630 1909 795 1941 ornaban-

99 1961 170 1990 tur.
220 1957 342 1991 Sabaes's
370 1958 530 2000 Nubibus]
563 1959 794 2000 Metonymice

100 2018 164 2050 pro
179 2009 359 2051 vaporibus
373 2009 511 2043 thureis.
554 2009 691 2051 Saboeis]
706 2009 796 2043 Quia

99 2059 181 2091 thus
205 2059 297 2101 apud
323 2059 461 2091 Sabaeos
487 2059 626 2091 Arabiae
651 2060 795 2101 populos

100 2108 263 2142 nascitur.
291 2108 382 2142 Vide
396 2109 545 2141 Plinium
560 2109 620 2141 lib.
636 2118 705 2142 ιιι.
718 2118 798 2151 cap.

101 2163 155 2194 14.

143 2214 165 2244 2
186 2211 235 2242 Ee
253 2211 402 2252 poenam
416 2210 514 2252 fibris
527 2209 721 2252 spirantibus
740 2209 797 2242 int-

97 2261 166 2304 ple]
187 2261 345 2294 Victimae
368 2262 470 2293 etiam
484 2261 518 2293 in
532 2262 596 2294 hoc
618 2271 698 2293 casn
717 2261 795 2293 Diis

102 2311 374 2350 immolabantur,
403 2320 545 2353 quarum
574 2315 655 2342 exta
685 2310 795 2342 adhuc

100 2362 268 2404 spirantia
294 2362 411 2393 avulsa
440 2361 505 2392 aris
530 2360 795 2402 imponebantur

100 2421 145 2444 ex
156 2421 261 2445 more.
290 2411 398 2444 Theb.
411 2420 463 2442 iv.
486 2411 496 2428 ⁵
508 2411 627 2443 Sancti
640 2410 683 2442 de
697 2420 794 2443 more

100 2460 266 2506 parentis,
292 2462 487 2495 Semineces
504 2460 606 2493 fibras
629 2466 666 2494 et
685 2461 795 2494 adhue

101 2513 269 2556 spirantia
282 2511 397 2544 reddit
409 2511 576 2545 Viscera?

142 2566 164 2596 8
184 2562 398 2604 Parthenope]
417 2561 592 2604 Neapolis.

142 2616 163 2646 ὅ
176 2615 234 2646 'Ee
258 2613 362 2646 insani
385 2614 504 2645 solam
529 2613 643 2644 dama
670 2611 793 2655 Vesevi]

102 2665 194 2698 Vide
204 2665 367 2706 Eelogam
383 2663 427 2696 ad
439 2672 578 2695 uxorem
595 2671 643 2694 vs.
656 2665 709 2694 72.

143 2719 166 2748 6
190 2716 297 2748 Festo
305 2714 392 2756 aras]
413 2715 547 2746 sacras.

81 2792 88 2800 ,
142 2767 164 2797 7
187 2765 233 2796 Ee
258 2764 336 2796 mii
356 2763 479 2805 ponas]
515 2762 558 2795 Id
586 2766 651 2803 est,
677 2761 793 2802 vicini,

98 2825 158 2849 seu
171 2813 301 2856 affines,
314 2818 353 2846 nt
373 2813 503 2854 Cumae,
514 2813 674 2854 Formiae,
696 2812 794 2845 Caie-

890 1909 911 1938 8
936 1905 1096 1946 Madenti]
1116 1904 1159 1938 Id
1183 1909 1220 1937 et
1234 1904 1278 1936 de
1295 1904 1475 1946 Neptuno,
1489 1913 1550 1935 cu·

844 1957 903 1999 jus
919 1957 1081 1998 templum
1098 1957 1133 1988 in
1148 1955 1350 1988 Surrentino
1377 1958 1466 1994 erat,
1489 1964 1548 1995 po-

850 2011 918 2039 test
933 2006 1058 2048 accipi,
1084 2011 1122 2038 et
1135 2006 1178 2038 de
1193 2006 1331 2037 Baccho
1344 2015 1354 2044 3
1375 2004 1548 2036 Surrenti·

850 2067 930 2089 num
945 2057 1034 2089 enim
1050 2055 1302 2089 vinum'nobile
1325 2059 1415 2088 erat.
1456 2054 1547 2086 vide

849 2108 1098 2140 Surrentinum.
1142 2107 1295 2139 Eaenim
1321 2106 1369 2138 ibi
1392 2105 1436 2138 de
1458 2105 1546 2137 Bac-

851 2158 914 2190 cho
929 2157 1189 2199 intelliguntur:
1214 2158 1224 2175 ‘
1237 2157 1314 2190 Qua
1334 2155 1475 2187 Bromio
1494 2154 1548 2186 di-

851 2209 960 2240 lectus
981 2217 1075 2249 ager,
1089 2208 1262 2249 collesque
1280 2215 1341 2247 per
1363 2206 1451 2238 altos
1467 2205 1545 2237 Uri·

850 2264 918 2297 tur,
932 2263 969 2291 et
990 2258 1094 2300 prelis
1117 2267 1185 2290 non
1200 2257 1333 2288 invidet
1347 2265 1414 2287 uva
1428 2255 1545 2287 Faler-

848 2308 923 2341 nis.’
974 2309 1020 2340 Et
1046 2308 1120 2339 haec
1144 2308 1187 2340 de
1213 2307 1399 2347 Neptuno:
1425 2304 1544 2336 ‘Ante

847 2359 983 2391 domum
1012 2357 1153 2390 tumidae
1177 2356 1373 2389 moderator
1396 2355 1544 2387 eoernlus

847 2409 932 2441 aulae
948 2407 1119 2447 Excubat,
1143 2405 1282 2439 innocui
1306 2409 1422 2437 custos
1443 2405 1543 2436 laris:

846 2459 944 2501 liujus
969 2458 1079 2491 amico
1101 2457 1270 2499 Spumant
1292 2456 1422 2498 templa
1445 2454 1543 2488 salo!

846 2507 940 2542 Hinc
955 2509 1044 2542 ratio
1058 2509 1113 2540 τοῦ
1126 2507 1274 2540 madenti.

886 2563 908 2592 9
930 2560 1032 2592 Sertis
1058 2558 1175 2591 altaria
1196 2556 1320 2598 cingat]
1342 2557 1390 2589 Et
1413 2556 1476 2588 boc
1497 2565 1541 2587 ex

844 2619 958 2642 more:
974 2609 1229 2642 coronabantur
1244 2607 1334 2639 enim
1348 2607 1448 2639 sertis
1458 2616 1541 2647 arie,

846 2665 885 2692 ut
901 2660 974 2701 jam
989 2658 1070 2691 alibi
1085 2658 1241 2690 diximus.

889 2713 930 2743 10
951 2710 1095 2742 Materni
1107 2709 1174 2750 avi]
1196 2708 1301 2741 Pollii
1325 2707 1461 2747 Felicis,
1483 2716 1541 2739 eu-

839 2761 898 2802 jus
912 2760 1016 2792 filiam
1031 2760 1248 2792 Menecrates
1271 2767 1409 2790 uxorem
1434 2757 1542 2789 duxe-

845 2816 911 2845 rat.
945 2810 1030 2852 Qua]
1043 2810 1086 2843 Id
1099 2816 1164 2852 est,
1175 2810 1210 2842 in
1222 2808 1421 2842 Surrentino
1436 2816 1517 2850 agro
1529 2820 1539 2847 ;
