1800 3060
228 215 315 258 372
732 225 771 256 Ρ.
804 225 994 257 nemu
1027 224 1195 257 srA‘rn

229 320 438 372 Evandri,
460 333 575 376 quos
593 321 711 364 mole
729 334 846 363 nova
864 326 994 376 pater
1013 322 1212 377 inclytus
1231 322 1353 364 urbis

228 391 426 441 Excolit,
447 394 490 431 et
511 391 699 432 summis
719 395 871 444 aequat
891 389 1187 432 Germanicus
1210 392 1357 433 astris.

225 456 353 500 Tunc
372 458 552 512 propior
564 457 660 512 jam
683 471 790 499 cura
811 458 939 507 Deae,
962 471 1063 512 quae
1082 458 1227 499 forma
1246 459 1427 512 capillis

227 526 425 582 Optima,
447 539 548 580 quae
566 526 706 567 vestis
726 538 884 567 roseos
904 525 1148 567 accendere
1169 526 1319 568 vultus

225 594 376 650 Apta3
397 594 518 649 quod
539 595 583 635 in
604 593 773 648 digitis,
792 594 909 636 collo
932 593 1053 648 quod
1069 594 1241 648 dignius
1263 607 1432 638 aurum.

224 663 372 705 Norat
391 662 600 704 coelestes
622 662 779 704 oculos
795 662 938 712 ducis,
958 663 1145 716 ipsaque
1165 661 1314 704 taedas

222 731 458 781 sanxerat,
479 734 522 772 et
540 730 677 785 plena
695 730 879 772 dederat
899 731 1119 772 connubia
1138 730 1310 772 dextra.

223 798 303 840 Sic
323 802 450 840 ornat
470 798 632 849 crines,
650 797 817 852 Tyrios
840 799 906 840 sic
926 797 1072 839 fundit
1097 799 1286 840 amictus
1303 812 1316 850 ς

223 868 318 913 Dat
335 866 505 916 radios,
527 866 758 920 ignemque
780 879 933 908 suum:
956 878 1135 907 cessere
1156 867 1325 921 priores

1637 459 1695 501 50

1633 802 1692 843 55

223 991 446 1032 Germanicus,
459 991 675 1024 celeberrimus
687 991 774 1023 urbis
793 994 897 1032 pater,
920 994 1053 1023 exornat
1068 991 1156 1023 novis
1169 992 1325 1035 (edificiis,
1347 996 1379 1025 et
1393 993 1519 1025 extollit
1542 1003 1637 1035 usque
1650 994 1692 1025 ad

221 1043 340 1067 Bumma
353 1037 470 1067 sidera.
518 1035 605 1067 Tunc
625 1035 761 1066 Earinus
775 1034 847 1074 fuit
868 1035 1063 1075 proecipuum
1089 1034 1170 1066 Deae
1195 1035 1345 1067 studium.
1406 1037 1550 1077 Cogitat,
1563 1037 1690 1077 quisti!

221 1080 331 1110 modus
343 1079 517 1119 elegantior
528 1079 685 1110 comendoe
695 1088 801 1117 οονηιε,
824 1087 893 1118 quoe
907 1081 1009 1109 vestes
1023 1077 1126 1116 magis
1140 1080 1266 1110 deceant
1280 1089 1467 1120 purpuream
1488 1080 1551 1119 <jue
1559 1080 1692 1120 faciem,

222 1123 306 1162 qnod
320 1131 430 1152 aarum
442 1121 572 1161 dignius
582 1121 617 1152 in
630 1122 754 1161 digitis,
771 1125 802 1152 et
816 1120 851 1151 in
866 1121 954 1151 collo.
987 1118 1116 1152 Sciebat
1131 1121 1273 1152 eruditos
1282 1131 1347 1153 esse
1359 1124 1462 1154 oeulos
1476 1123 1695 1164 Imperatoris,

219 1168 251 1196 et
267 1165 334 1205 ipsa
340 1164 468 1203 facibus
483 1164 674 1205 nuptialibus
687 1165 717 1196 ei
724 1163 873 1203 jugarat,
889 1166 920 1194 et
934 1164 1065 1195 dederat
1079 1173 1209 1195 uxorem
1216 1163 1488 1203 formosissimam.
1526 1166 1584 1197 Sic
1596 1165 1691 1198 comit

218 1208 357 1249 capillos,
372 1208 417 1239 sic
431 1207 547 1247 fundit
567 1216 742 1248 purpureas
757 1209 866 1238 vestes.
912 1206 982 1238 Dat
1010 1206 1062 1238 illi
1083 1216 1174 1238 suum
1187 1207 1363 1248 fulgorem,
1389 1212 1420 1240 et
1442 1219 1513 1240 suus
1527 1210 1688 1251 flammat.

833 1293 891 1304 σοι
895 1293 911 1304 Ι
916 1292 1074 1304 00000000

217 1348 354 1381 laudem
371 1349 435 1380 sibi
449 1352 589 1390 arrogat
605 1346 933 1379 Marklandus.-—-48
956 1346 1073 1378 Parm.
1093 1347 1256 1379 Evandria
1266 1358 1324 1390 quo
1339 1359 1381 1380 m.
1399 1359 1432 1381 n.
1454 1352 1548 1390 pater
1561 1349 1688 1381 inclitus

217 1392 302 1423 orbis
315 1403 328 1430 ;
351 1397 480 1424 ceterae
497 1400 616 1423 omnes
629 1393 802 1423 testantur
824 1389 921 1429 urbis,
937 1389 1027 1430 quod
1053 1399 1170 1421 verum
1183 1395 1248 1423 est.
1293 1390 1348 1423 Cf.
1367 1392 1453 1424 Hor.
1470 1401 1529 1424 ιιι.
1547 1392 1617 1424 od.
1631 1395 1687 1426 24.

216 1438 360 1466 27.—52
375 1435 538 1466 Bartbius
555 1435 671 1476 legere
687 1434 804 1465 malit:
829 1434 910 1473 quod
924 1432 958 1463 in
973 1433 1103 1473 digitos,
1140 1433 1335 1465 Parmensis
1351 1434 1456 1467 habet
1471 1436 1550 1476 quod
1561 1435 1689 1476 digitis,

218 1478 344 1510 omisso
355 1479 401 1517 τῷ
414 1478 460 1510 in.
504 1478 576 1509 Pro
600 1477 731 1517 dignius
746 1477 846 1508 Rom.
871 1479 908 1507 et
937 1480 1007 1508 vet.
1030 1475 1276 1516 Lindenbrogii
1299 1478 1547 1518 fiumina—M
1570 1478 1687 1510 Mark-

220 1521 345 1554 landus
362 1522 582 1563 conjecerat:
605 1523 637 1551 et
649 1530 751 1561 prona
773 1520 805 1552 d.
831 1529 860 1550 c.
886 1520 1014 1560 dextra,
1035 1519 1058 1550 i.
1081 1528 1111 1551 e.
1128 1518 1235 1557 facili,
1247 1519 1484 1553 favente.-—55
1510 1521 1635 1554 venet.
1653 1525 1685 1554 1.

877 1582 1019 1615 NOTAE

214 1649 272 1681 que
295 1642 425 1681 penates
451 1638 613 1679 Eeandri]
644 1638 790 1679 Supple‚
819 1647 924 1678 appa·
1022 1640 1063 1669 51
1090 1638 1170 1674 Quoe
1191 1639 1289 1671 vestis
1309 1649 1412 1670 roseos
1433 1640 1598 1671 accendere
1618 1640 1685 1671 eal-

1562 1691 1572 1707 ‘
1586 1689 1684 1722 Illius

213 1694 307 1731 rent,
319 1691 375 1722 vel
391 1690 565 1722 videntur.
599 1689 739 1730 Veteris]
764 1688 925 1720 Evander
976 1687 1043 1729 tus]
1066 1688 1197 1721 Contra
1226 1690 1260 1720 in
1282 1687 1464 1722 Achilleid.
1490 1698 1515 1722 1.

214 1742 306 1773 enim
319 1741 426 1773 Arcas
437 1752 478 1773 ea
488 1745 647 1773 tenuerat
657 1741 745 1780 loca,
755 1739 813 1771 ubi
826 1743 922 1780 post·

210 1801 253 1825 ea
278 1792 388 1825 Roma
410 1792 552 1824 condita
565 1791 634 1823 fuit
654 1801 674 1823 a
698 1791 854 1831 Romulo,
880 1795 918 1822 et

204 1854 351 1886 parvum
368 1843 532 1884 oppidum
546 1846 787 1875 construxerat
797 1841 831 1872 iu
850 1841 917 1872 Pa·

208 1895 317 1926 latino
355 1898 486 1934 monte,
519 1893 610 1935 quod
641 1892 862 1925 Pallanteum
896 1901 916 1923 a

207 1945 368 1977 Pallante
381 1955 445 1975 avo
459 1945 709 1985 appellaverat.
731 1942 822 1974 Vide
835 1941 916 1973 His-

207 1995 336 2028 toricos
354 1995 538 2033 Romanos,
551 1999 587 2025 et
603 1994 701 2034 Virg.
718 1993 793 2025 AEn.
810 2001 893 2026 vnt.

250 2047 294 2077 48
319 2045 406 2081 Quos
419 2046 498 2076 mole
511 2054 591 2076 nova
610 2047 702 2084 pater
715 2044 851 2084 inclytus
862 2053 916 2074 nr-

208 2096 256 2128 bis
273 2095 419 2136 Excutit]
441 2095 611 2136 Intelligit
626 2094 811 2136 superbum
828 2094 914 2126 illud

207 2148 381 2179 Palatium
405 2146 610 2185 Domitiani,
641 2146 731 2187 quod
761 2145 914 2177 breviter

205 2197 375 2230 describit
401 2197 568 2239 Papinius
597 2197 850 2237 Euentu-istim,
876 2201 914 2229 et

138 2278 141 2281 Α
205 2250 379 2282 Martialis
391 2249 450 2281 lib.
461 2257 543 2281 vm.
568 2249 670 2290 Epig.
687 2251 742 2280 36.
766 2248 912 2280 Necnon

205 2302 271 2333 alia
283 2310 391 2342 opera
400 2300 486 2332 fecit
497 2300 727 2339 Domitianus,
738 2299 773 2330 in
786 2298 838 2330 his
851 2300 912 2331 Ca-

204 2352 378 2393 pitolium,
386 2356 422 2383 et
433 2350 545 2383 forum
558 2350 806 2390 transitorium,
817 2349 912 2382 Ode-

203 2412 272 2442 um,
286 2402 462 2442 Porticus,
478 2401 596 2438 Isium,
612 2410 655 2433 ac
668 2400 860 2442 Serapium,
871 2410 912 2432 ac

202 2452 373 2492 Stadium,
401 2457 441 2484 ut
465 2452 573 2484 tradit
599 2452 798 2492 Eutropius.
843 2451 911 2483 Mi-

203 2513 280 2536 cam
295 2513 447 2541 auream,
462 2503 591 2535 Flaviae
605 2503 717 2544 gentis
730 2502 910 2544 templum,

201 2555 397 2587 Minervam
415 2553 662 2594 Chalcidicam,
684 2557 722 2585 ut
737 2552 824 2585 dicit
839 2553 907 2585 Eu-

199 2604 328 2637 sebius.
363 2604 466 2635 Pater
480 2603 630 2645 inclytus]
651 2604 886 2636 Domitianus.

242 2658 285 2687 49
309 2654 532 2695 Germanicus]
565 2653 764 2694 Cognomen
787 2655 907 2686 Domi-

199 2706 285 2738 tiani
301 2715 321 2736 a
345 2705 492 2737 devictis
508 2704 701 2737 Germanis.
748 2705 839 2737 Vide
862 2705 905 2736 E-

205 2766 310 2799 quum
324 2756 534 2798 Domitiani,
549 2765 597 2788 vs.
612 2758 644 2788 7.

977 1743 1014 1770 et
1029 1749 1128 1771 roseo
1141 1738 1336 1771 flammatur
1349 1750 1500 1781 purpura
1515 1740 1639 1772 vultu?

1019 1793 1062 1821 52
1087 1790 1179 1826 Quod
1192 1791 1226 1822 in
1240 1790 1355 1831 dig-itis
1365 1790 1490 1832 aarum]
1508 1791 1562 1823 An
1575 1800 1682 1823 annu·

969 1839 1012 1872 lis
1037 1841 1149 1872 aureis
1172 1841 1320 1873 donatus
1340 1841 1512 1873 Earinus?
1556 1841 1680 1874 Aurum

968 1890 1060 1931 collo]
1085 1891 1199 1932 Bulla,
1216 1892 1270 1923 vel
1285 1892 1399 1933 potius
1417 1892 1557 1933 torquis.

1012 1944 1054 1972 53
1082 1943 1343 1974 Coelestes‘oculos
1356 1942 1460 1983 ducis]
1488 1943 1587 1984 Equo
1605 1943 1678 1975 Do-

968 1993 1119 2026 mitiani:
1134 1994 1225 2025 ‘Tua
1237 1994 1388 2026 sidereas
1399 1994 1571 2026 imitantia
1582 1993 1677 2026 flam-

968 2052 1040 2074 mas
1058 2043 1228 2075 Lumina.'
1271 2043 1430 2076 Grandes
1442 2044 1558 2075 oculos
1569 2044 1677 2077 habe·

970 2095 1029 2127 bat
1046 2095 1280 2136 Domitianus,
1293 2095 1354 2127 sed
1369 2095 1444 2127 acie
1463 2095 1654 2130 hebetiore.

1010 2149 1054 2179 54
1069 2147 1116 2178 Et
1127 2147 1220 2186 plena
1234 2147 1364 2178 dederat
1376 2146 1528 2178 connubia
1542 2147 1676 2190 dextra]

967 2196 1060 2230 Quia
1077 2197 1235 2229 Domitia
1257 2196 1502 2229 formosissima
1522 2203 1611 2230 erat.

1010 2250 1053 2279 55
1077 2248 1188 2289 Tyrios
1215 2248 1262 2279 sic
1281 2246 1396 2286 fundit
1414 2248 1562 2290 amictae]
1588 2249 1675 2281 Fun-

965 2298 1038 2330 dere
1051 2299 1184 2330 amictus
1199 2298 1287 2330 dixit
1301 2299 1495 2339 eleganter,
1509 2307 1572 2340 pro
1588 2299 1673 2330 laxi-

965 2361 1042 2383 ores
1059 2356 1096 2383 et
1111 2350 1306 2383 diffluentes
1322 2350 1543 2392 sinuosasque
1556 2356 1671 2383 vestes

964 2401 1105 2443 habere,
1119 2412 1185 2434 non
1197 2402 1349 2444 strictas,
1361 2406 1552 2443 arctasque.
1588 2402 1669 2434 Ter-

965 2453 1126 2484 tullianus
1138 2453 1182 2485 de
1202 2453 1339 2484 Pallio:
1359 2452 1370 2470 ‘
1384 2451 1506 2484 Adhuc
1521 2452 1670 2484 sustinet

961 2503 1082 2534 stolam
1096 2502 1269 2534 fundere!

1003 2556 1046 2585 56
1068 2554 1138 2585 Dat
1154 2553 1272 2594 radios,
1291 2553 1452 2594 ignemque
1474 2553 1577 2595 annm]
1601 2554 1667 2585 Ea-

961 2603 1040 2636 dem
1065 2603 1198 2636 AEneid.
1223 2613 1249 2638 1.
1274 2605 1466 2636 ‘Decorum
1482 2604 1667 2637 Caesariem

962 2659 1044 2686 nato
1082 2655 1245 2696 genitrix,
1288 2655 1468 2696 lumenque
1508 2655 1666 2697 juventae

961 2705 1195 2746 Purpureum,
1218 2706 1380 2748 laetosque
1406 2705 1512 2738 oculis
1536 2704 1668 2738 afflavit

960 2755 1131 2788 honores!
