1800 3060
215 207 303 252 428
710 221 751 251 P.
786 220 978 251 PAP1N11
1017 219 1185 252 S'I'A'rn

337 315 397 358 Et
416 315 525 357 totis
546 314 755 369 Ligurum
775 316 918 358 nitens
942 316 1153 367 metallis,

339 384 546 435 Quantus
565 384 720 426 nubila
741 385 819 438 qui
847 388 1034 426 coronat
1051 384 1194 426 imbri.

339 452 440 494 Illic
462 451 656 493 flectitur
679 453 830 494 exitus
852 452 1052 504 viarum3

339 519 442 561 Illic
465 518 620 575 Appia
636 533 685 562 se
706 520 825 561 dolet
844 520 1047 574 relinqui.

336 588 466 629 Tunc
486 588 685 629 velocior
704 588 939 642 acriorque
959 598 1142 638 cursus,‘

339 656 467 698 Tunc
490 657 618 710 ipsos
634 657 763 711 juvat
781 657 974 711 impetus
991 656 1179 711 jugales.

343 724 439 766 Ceu
458 724 591 766 fessis
611 725 691 765 ubi
709 725 924 778 remigum
945 724 1126 765 lacertis

342 793 524 844 Primae,
544 794 732 835 carbasa
751 793 989 842 ventilatis,
1011 805 1144 834 aurae.

1605 384 1690 426 100

1608 726 1693 768 105

228 917 353 959 tropaeis
368 915 504 948 bellicosi
518 915 730 957 imperatoris,
743 918 772 947 et
790 915 867 947 totis
873 914 998 953 fodinis
1012 914 1183 955 Ligurum,
1195 924 1256 955 par
1268 914 1331 955 illi,
1345 915 1399 956 qui
1413 915 1585 948 circumdat
1600 916 1694 948 nubes

223 961 343 1003 pluvia.
397 960 470 991 Illic
495 959 626 990 divertit
651 958 805 990 invitatus
830 960 943 990 viator.
987 958 1061 990 Illic
1086 958 1139 989 via
1154 958 1258 998 Appia
1283 959 1423 999 queritur
1450 959 1563 991 deseri.
1607 959 1694 990 Tunc

227 1004 356 1036 citatior
369 1003 637 1043 vehementior-que
652 1011 780 1033 cursus.-
808 1003 881 1032 lunc
896 1001 957 1042 ipsi
971 1001 1040 1041 equi
1054 1004 1161 1042 sponte
1171 1001 1356 1041 accelerant,
1370 1005 1405 1033 ut
1419 1012 1488 1034 cum
1501 1002 1695 1034 cessantibus

227 1047 383 1087 remigum
395 1045 545 1086 brachiis,
558 1045 656 1086 primi
663 1044 768 1086 flatus
785 1044 853 1076 vela
866 1044 1013 1085 impletis.
1062 1045 1151 1084 Ergo
1164 1044 1252 1084 agite
1265 1044 1371 1077 cuncti
1381 1045 1488 1086 populi
1499 1045 1534 1076 in
1549 1044 1694 1085 Oriente,

1048 1140 1089 1152 n

233 1214 271 1243 et
298 1209 419 1241 Barth.
442 1209 574 1240 levarat.
620 1205 778 1239 Alterum
795 1206 982 1239 revocabat
996 1206 1215 1238 Markl.-—99
1242 1205 1347 1238 Hunc
1363 1209 1400 1238 et
1415 1205 1501 1238 dnos
1515 1210 1698 1248 sequentes
1755 1245 1757 1247 ι

234 1262 351 1285 versus
368 1253 416 1284 ita
432 1252 518 1292 legit
543 1250 708 1282 Heinsius
733 1251 817 1282 Not.
842 1250 877 1281 in
901 1249 1046 1282 Auctor.
1059 1249 1228 1282 Carminis
1256 1249 1299 1281 de
1322 1249 1502 1290 Phoenice,
1525 1250 1583 1291 qui
1597 1249 1701 1282 Clan-

234 1297 335 1328 diano
360 1295 590 1335 subjungitur,
614 1303 647 1334 p.
669 1295 746 1325 913.
770 1293 814 1324 Et
838 1293 915 1324 totis
940 1293 1098 1333 Ligurum
1113 1293 1194 1324 nitet
1207 1293 1341 1324 metallis
1358 1293 1504 1328 Quantus
1517 1292 1624 1324 nubila
1638 1303 1698 1334 quo

233 1342 359 1371 coronat
376 1338 452 1369 Iris.
498 1337 572 1368 Illic
589 1337 739 1378 flectitur
752 1337 859 1368 exitus
874 1336 1009 1368 viarum.
1041 1336 1081 1367 In
1099 1335 1251 1367 secundo
1266 1340 1303 1367 et
1318 1336 1420 1367 tertio
1436 1345 1536 1367 versu
1554 1335 1697 1367 Heinsio

236 1382 423 1415 assentitur
446 1379 683 1412 Marklandus.
709 1379 888 1410 Memoriae
906 1388 988 1410 vero
1003 1378 1107 1410 faisns
1124 1377 1190 1410 fuit
1207 1378 1372 1418 Heinsius
1387 1387 1464 1410 cum
1482 1378 1700 1410 existimaret

236 1427 409 1467 vulgatam
424 1424 529 1456 Statii
548 1422 731 1454 lectionem
754 1421 878 1454 fuisse:
905 1422 1050 1458 Quantus
1064 1421 1171 1453 nubila
1186 1422 1240 1462 qui
1254 1424 1382 1453 coronat
1407 1431 1509 1453 arcus.
1533 1421 1634 1453 Rom.
1663 1426 1701 1453 et

236 1474 305 1501 vet.
322 1466 577 1506 Lindenbrogii,
591 1465 739 1502 Quantis.
777 1465 849 1496 Pro
864 1464 970 1496 exitus
983 1466 1105 1496 viarum
1119 1474 1234 1496 omnes
1256 1464 1337 1496 edd.
1359 1469 1440 1496 ante
1454 1463 1702 1497 Marklandum

236 1512 365 1544 habent
381 1510 502 1542 excitus
526 1510 641 1549 viator,
664 1513 794 1549 praeter
806 1509 933 1540 Venet.
951 1511 983 1540 1.
999 1508 1032 1539 in
1049 1517 1118 1550 qua
1132 1512 1186 1539 est
1211 1507 1316 1539 exitus
1340 1507 1564 1539 ”iatam—106
1587 1506 1702 1539 Prima

236 1554 368 1587 carbasa
395 1553 586 1585 ventilantur
611 1561 690 1583 aura
716 1552 816 1583 Rom.
832 1550 939 1583 Aldd.
956 1551 1067 1583 Colin.
1086 1550 1219 1592 Gryph,
1234 1552 1300 1582 ὅτε.
1323 1550 1444 1582 Primae
1459 1551 1590 1581 carbasa
1603 1549 1702 1582 venti-

239 1598 336 1630 lantis
361 1606 448 1629 auroe
474 1595 574 1628 codd.
603 1594 763 1635 Domitii,
793 1594 910 1627 Parni.
933 1599 971 1626 et
998 1593 1107 1626 Rhod.
1141 1593 1262 1625 Primoe
1288 1593 1418 1625 carbasa
1438 1593 1601 1625 ventilatis
1615 1602 1703 1624 auroe

903 1691 1045 1724 NOTAE

237 1781 318 1803 num
334 1779 440 1813 usque
463 1769 680 1808 restituerat,
693 1777 798 1799 unum
817 1767 948 1808 Romae,

242 1823 388 1854 alterum
406 1820 566 1852 Arimini.
596 1819 702 1860 Cujus
725 1818 829 1851 etiam
845 1818 947 1849 moris

241 1874 344 1905 fidem
373 1871 508 1904 faciunt
531 1875 584 1902 tot
600 1869 843 1911 inscriptiones
857 1868 949 1910 apud

242 1925 432 1957 Gruterum
444 1923 611 1964 aliosque,
631 1921 666 1952 in
679 1920 799 1963 quibus
813 1920 950 1951 nomina

244 1975 466 2018 Vespasiani,
485 1973 687 2013 Domitiani,
702 1972 855 2013 Trajani,
865 1971 950 2003 mul·

242 2032 425 2068 torumque
472 2024 723 2064 imperatorum
774 2023 948 2063 leguntur.

244 2080 322 2112 Nec
349 2078 458 2110 solum
486 2086 586 2108 arcus
611 2076 733 2117 erecti,
759 2075 821 2107 sed
846 2075 950 2107 etiam

244 2130 375 2162 nummi
392 2138 412 2160 a
436 2127 566 2159 Senatu
588 2127 784 2168 populoque
798 2127 950 2158 Romano

244 2189 360 2212 eorum
376 2178 498 2210 honori
513 2177 677 2219 percussi,
691 2181 730 2208 ut
756 2176 891 2208 videtur
917 2176 950 2207 in

246 2230 450 2275 quibusdam
466 2228 615 2269 Augusti
641 2233 678 2260 et
693 2227 838 2269 Trajani
856 2238 951 2259 num-

247 2282 321 2323 mis,
337 2281 381 2314 ob
393 2280 464 2312 vias
480 2278 638 2310 munitas.
675 2278 804 2310 Nescio
820 2287 900 2309 vero
910 2288 954 2309 an

247 2333 346 2374 hujus
363 2341 464 2364 arcus
482 2329 680 2362 Domitiano
709 2329 818 2361 erecti
842 2328 954 2361 adhuc

248 2386 372 2414 extent
385 2380 544 2420 vestigia.

236 2468 244 2476 ⁶
291 2436 334 2465 99
361 2432 517 2472 Ligurum
541 2427 692 2470 metallis]
723 2428 847 2460 Plures
863 2428 954 2460 enim

249 2486 378 2519 fodinae
394 2482 569 2516 marmoris
585 2485 685 2513 erant
701 2481 735 2512 in
751 2480 902 2522 Liguria,
918 2484 954 2511 et

250 2536 397 2569 maxime
414 2534 449 2565 in
468 2532 626 2574 Alpibus,
642 2535 680 2563 ut
693 2531 798 2563 docet
821 2531 954 2562 Plinius

251 2588 311 2620 lib.
329 2593 467 2618 xxxvt.
483 2583 517 2614 in
535 2582 708 2614 Prooemio
727 2592 736 2614 ι
759 2583 770 2600 ‘
784 2582 888 2614 Nunc
904 2581 955 2623 ip-

252 2649 299 2671 sae
316 2637 425 2678 Alpes
444 2633 628 2667 caeduntur
656 2633 690 2664 in
713 2632 805 2664 mille
829 2642 957 2674 genera

253 2684 484 2721 marmorum!
529 2684 671 2724 Ligures
695 2688 809 2715 autem
837 2683 955 2725 populi

251 2739 378 2778 Italiae,
393 2744 536 2779 qnorum
548 2733 642 2775 regio
658 2733 778 2774 majori
793 2733 844 2765 sui
856 2738 956 2775 parte

253 2788 425 2822 montibus
439 2793 630 2827 assurgen8‚
643 2784 763 2817 Macro
784 2782 890 2816 fluvio
914 2783 956 2816 ab

1004 1767 1153 1808 Etruria,
1178 1766 1269 1799 Varo
1288 1777 1309 1799 a
1327 1766 1443 1799 Gallia
1468 1766 1646 1808 dividitur,
1659 1767 1703 1800 ab

1003 1819 1113 1850 altero
1125 1818 1235 1849 latere
1252 1817 1384 1849 Padum
1400 1827 1546 1857 amnem,
1564 1817 1606 1850 ab
1622 1817 1707 1849 aite-

1002 1877 1041 1899 το
1057 1867 1275 1910 Apenninum
1292 1868 1435 1909 habens,
1450 1873 1487 1900 et
1502 1868 1642 1909 Liguria
1656 1867 1707 1899 di-

1004 1919 1095 1950 citur
1109 1929 1119 1958 ;
1152 1928 1245 1950 mare
1276 1928 1357 1950 vero
1385 1919 1479 1961 quod
1506 1919 1580 1960 ejus
1610 1927 1706 1950 oram

1003 1970 1112 2010 alluit,
1147 1969 1370 2011 Ligusticum.
1415 1969 1542 2010 Hodie,
1574 1969 1707 2001 Riviera

1003 2020 1037 2053 di
1051 2020 1172 2052 Genou-
1639 2038 1646 2041 κ

1049 2074 1112 2104 100
1144 2072 1290 2108 Quantus
1302 2072 1410 2104 nubila
1423 2072 1476 2114 qui
1499 2074 1627 2104 coronat
1648 2071 1708 2104 im-

1006 2122 1071 2164 bri]
1091 2123 1239 2162 Tantus,
1255 2122 1317 2163 ait,
1334 2122 1392 2154 iile
1407 2127 1460 2155 est
1475 2131 1574 2155 arcus
1589 2121 1708 2155 trium-

1007 2172 1128 2215 phalis,
1138 2178 1284 2215 quantus
1308 2173 1368 2204 iris
1390 2182 1449 2204 seu
1473 2183 1573 2206 arcus
1589 2174 1708 2206 celes-

1008 2225 1064 2256 tis,
1110 2223 1229 2255 Nubila
1243 2227 1371 2255 coronat
1384 2223 1494 2265 imbri]
1518 2224 1604 2256 Cum
1616 2224 1710 2258 enim

1008 2284 1107 2306 arcus
1130 2275 1280 2306 coelestis
1306 2274 1462 2315 pingitur
1487 2275 1522 2307 in
1552 2275 1710 2316 nubibus,

1006 2326 1139 2366 signum
1153 2328 1204 2356 est
1217 2324 1343 2357 futurae
1356 2325 1495 2366 pluviae.

1051 2378 1112 2407 101
1133 2377 1249 2408 Exitus
1274 2376 1414 2418 [excitus
1426 2376 1544 2418 viator]
1563 2376 1709 2410 Visendi

1007 2426 1133 2466 studio,
1147 2431 1182 2458 et
1198 2427 1260 2458 viae
1278 2427 1536 2460 commoditate.

1051 2479 1114 2508 102
1126 2477 1200 2508 Illic
1206 2476 1311 2518 Appia
1321 2487 1354 2508 se
1361 2477 1444 2509 dotet
1458 2475 1608 2518 relinqui]
1619 2477 1709 2509 Nam

1009 2528 1052 2559 ad
1062 2528 1151 2560 hunc
1168 2537 1285 2560 arcum
1301 2528 1354 2560 via
1364 2526 1481 2569 Appia
1495 2527 1709 2570 relinqueba-

1011 2586 1079 2612 tur.

1053 2633 1115 2662 103
1144 2630 1281 2663 Velut-ior
1293 2628 1468 2670 acriorque]
1489 2627 1547 2662 ΟΒ
1561 2626 1708 2661 facilita-

1012 2685 1082 2713 tem
1098 2681 1174 2713 viae.

1054 2735 1117 2764 106
1136 2732 1266 2773 Primoe,
1282 2730 1410 2763 carbasa
1423 2730 1594 2773 ventilatis,
1607 2729 1710 2772 ουτω]

1011 2783 1081 2817 Per
1102 2782 1355 2825 Apostrophen.
