1800 3060
194 216 281 259 220

693 228 734 258 P.
769 228 957 260 PAPlNll
991 228 1158 260 STATII

195 321 311 363 Ante
327 322 508 364 domum
527 322 710 364 tumidae
731 312 985 365 moderator
1005 324 1198 366 coerulus
1219 324 1349 366 undae

198 389 422 440 Excubat,
442 390 620 431 innocui
641 395 796 432 custos
816 391 946 433 laris:
978 391 1111 445 hujus
1131 392 1278 434 amico

199 457 417 510 Spumant
435 457 600 510 templa
620 458 716 498 salo
734 471 745 499 ε
775 458 925 499 felicia
939 471 1042 500 rura
1061 462 1206 499 tuetur

198 522 410 565 Alcides:
441 523 603 577 gaudet
622 525 794 577 gemino
810 526 894 566 sub
913 526 1091 567 numine
1112 529 1279 580 portus.

200 591 294 633 Hic
313 595 458 633 servat
477 596 636 642 terraS,
656 592 730 633 hic
751 593 886 634 saevis
905 592 1115 634 fluctibus
1135 593 1299 635 obstat.

201 658 323 700 Mira
339 659 469 712 quies
486 659 655 712 pelagi:
686 664 860 712 ponunt
872 659 944 701 hic
958 661 1080 702 lassa
1097 660 1286 702 furorem

201 725 416 780 AEquora,
439 730 485 767 et
503 726 651 767 insani
670 726 842 780 spirant
860 726 1115 769 clementius
1135 725 1304 769 Austri.

204 792 297 834 Hic
313 806 516 848 praeceps
534 794 679 835 minus
701 794 832 835 audet
846 794 1014 849 hyems,
1034 795 1246 849 nulloque
1265 794 1459 836 tumultu

203 861 372 915 Stagna
386 861 590 904 modesta
604 861 777 916 jacent,
800 862 1054 917 dominique
1072 863 1290 906 imitantia
1304 875 1466 904 mores.

203 929 313 970 Inde
334 942 415 983 per
434 929 644 983 obliquas
664 931 802 984 erepit
822 931 1015 984 porticus
1036 943 1175 981 arces,

1605 931 1663 973 30

204 996 346 1040 Urbis
366 1009 511 1051 opus3
541 998 766 1052 longoque
787 997 941 1040 domat
956 1011 1070 1040 saxa
1083 1011 1242 1052 aspera
1262 996 1415 1039 dorso.

202 1106 300 1138 maris
314 1106 461 1138 excubias
474 1106 543 1147 ugit
558 1110 632 1138 ante
644 1107 738 1146 oedes,
752 1110 854 1139 cunas
865 1106 1006 1139 innoxia·
1019 1107 1146 1137 domus:
1169 1105 1261 1145 hujus
1273 1106 1391 1145 sanum
1413 1109 1539 1147 spumat
1553 1105 1663 1138 amicis

202 1150 305 1190 aquis.
348 1150 476 1181 Alcides
490 1153 650 1182 comer-vat
665 1149 769 1181 beatos
782 1159 887 1189 agros.
933 1150 1048 1180 Portus
1060 1150 1189 1180 taetatur
1201 1149 1256 1180 sub
1266 1149 1416 1189 prasidio
1430 1150 1562 1181 duorum
1577 1149 1663 1180 Deo-

201 1201 296 1224 rum?
315 1191 366 1223 hic
390 1193 525 1224 croeeodit
546 1202 651 1232 agros,
679 1193 730 1224 hic
753 1193 875 1223 resistit
897 1193 990 1223 undis
1003 1191 1195 1230 furentibus.
1239 1191 1399 1232 stupenda
1421 1195 1468 1223 est
1490 1192 1542 1223 Ιιὶσ
1566 1191 1665 1223 muris

203 1236 426 1276 tranquillitas.
469 1234 537 1267 Hic
554 1235 703 1275 fatigata
724 1245 848 1275 aequora
869 1236 1026 1276 deponunt
1041 1234 1195 1274 furorem,
1217 1237 1249 1266 et
1270 1235 1434 1275 impetuosi
1447 1234 1562 1266 Austri
1574 1234 1663 1275 flant

203 1277 379 1318 benignius.
424 1278 490 1310 Hic
511 1288 650 1319 preceps
677 1278 782 1318 hyems
799 1278 903 1309 minus
924 1278 1049 1318 strepit,
1074 1280 1105 1308 et
1129 1278 1214 1308 lam
1238 1277 1402 1317 tranquilli
1429 1278 1547 1308 nullum
1567 1278 1664 1308 edant

204 1322 383 1361 tumultum,
395 1324 426 1352 et
440 1322 607 1352 imitantur
620 1331 722 1352 mores
742 1320 869 1352 domini.
914 1321 993 1352 Inde
1005 1321 1146 1360 porticus
1157 1319 1271 1351 semim
1283 1320 1424 1360 assurgit
1444 1330 1500 1360 per
1522 1319 1665 1360 obliquus

205 1373 309 1405 rupes,
328 1374 405 1406 opus
424 1366 500 1395 urbe
514 1364 657 1405 dignum,
671 1367 703 1395 et
716 1367 841 1404 superat
854 1366 982 1395 extenso
996 1366 1099 1394 tractu
1113 1364 1209 1395 rudes
1222 1363 1370 1404 scopulos.
1417 1363 1490 1400 Qua
1504 1363 1561 1394 lux
1573 1363 1665 1404 prius

958 1445 1059 1458 HN?

208 1506 251 1535 26
274 1504 283 1522 ⁴
300 1503 416 1545 Magis
433 1503 607 1544 poeticum
621 1503 739 1542 facies,
763 1503 789 1534 si
806 1511 936 1534 mecum
953 1502 1069 1541 legas:
1094 1500 1184 1532 Mira
1190 1500 1275 1542 fides
1287 1500 1411 1541 pelagi.-
1436 1499 1486 1531 ita
1501 1508 1558 1531 ιιι.
1571 1499 1670 1540 Sylv.

209 1550 240 1578 1.
263 1546 338 1578 AEn.
356 1556 413 1578 ur.
429 1550 483 1579 69.
529 1546 652 1579 Claud.
669 1546 711 1578 de
726 1546 802 1577 Bel.
818 1544 958 1577 Gildon.
974 1547 1048 1576 499.
1065 1549 1102 1575 et
1118 1545 1261 1575 Petron.
1277 1542 1360 1575 Arb.
1375 1542 1548 1584 satyrico.
1586 1542 1669 1574 Non

209 1589 291 1630 quin
314 1590 457 1630 probum
482 1589 528 1621 sit
553 1590 639 1630 quies
663 1588 779 1629 pelagi.
803 1598 863 1620 suo
879 1588 966 1619 loco.
1014 1587 1139 1618 Lucan.
1157 1588 1288 1618 v.442.
1331 1586 1524 1617 Praestaret
1552 1589 1669 1617 tamen

207 1633 272 1664 hoc
288 1633 391 1664 Statii
407 1632 586 1674 locofides,
610 1632 639 1663 si
654 1632 765 1663 codex
782 1630 904 1672 aliquis
922 1629 1112 1661 addiceret.
1156 1629 1213 1660 Ita
1236 1634 1487 1660 commntantur
1498 1628 1550 1659 ¹1ae
1566 1637 1671 1660 voces

208 1675 317 1707 Theb.
335 1685 370 1707 v.
385 1675 473 1707 320!
494 1675 618 1714 Maskl.
664 1675 791 1706 Totum
816 1673 906 1704 bunc
927 1673 1039 1704 locum
1063 1673 1114 1703 ita
1129 1671 1310 1703 constituit
1324 1670 1561 1702 Wakefieldus
1575 1671 1670 1712 Sylv.

211 1718 296 1750 Crit.
313 1718 408 1750 Part.
424 1727 460 1750 v.
476 1728 510 1760 p.
522 1721 575 1751 36.
619 1717 687 1749 Hic
700 1719 805 1749 servat
829 1721 943 1757 terras,
967 1716 1017 1747 hic
1039 1715 1132 1746 savis
1147 1714 1301 1755 fluctibus
1313 1713 1414 1746 obstat
1424 1725 1437 1753 ,-
1461 1714 1552 1746 Mira
1566 1714 1673 1755 quien.-

871 1801 1017 1835 NOTAE

254 1871 295 1900 21
322 1867 465 1901 Tumidae
486 1869 663 1900 moderator
676 1867 808 1899 coerulus
827 1867 920 1898 undoe

212 1917 374 1959 Excubat]
407 1918 586 1958 Templum
616 1917 706 1948 enim
742 1916 813 1948 illic
842 1919 919 1947 erat

212 1968 381 2010 Neptuni,
390 1968 480 1999 unde
491 1967 615 2000 fluctus
625 1968 700 2009 ejus
711 1967 856 2008 imperio
867 1977 920 1999 re-

213 2019 421 2060 primuntur,
443 2028 487 2050 ne
509 2019 656 2050 saeviant
671 2019 707 2049 in
722 2018 811 2050 lares
826 2018 919 2049 inno-

214 2079 297 2101 cuos
318 2074 354 2100 et
379 2069 463 2110 pios.
525 2067 682 2108 coerulus]
714 2068 918 2109 Epithetum

215 2118 386 2160 Neptuni,
402 2123 438 2150 et
453 2127 628 2160 aquarum.
657 2119 799 2149 Tumidoe
809 2117 919 2158 undoe]

215 2169 256 2201 Id
273 2175 340 2210 est,
354 2170 472 2209 maris,
484 2179 562 2212 quae
579 2169 704 2211 saepius
724 2169 834 2201 ventis
847 2169 918 2210 agi-

217 2225 292 2252 tata
306 2220 517 2252 intumescit.

257 2273 301 2302 22
324 2271 455 2303 Innocui
466 2271 559 2313 laris]
584 2271 717 2303 Domus
731 2270 849 2311 Pollii,
863 2279 920 2301 cu-

212 2321 270 2362 jus
293 2321 447 2362 probitas
476 2322 532 2353 hic
554 2320 694 2352 laudata
716 2325 847 2361 nostro,
883 2325 918 2352 et

217 2371 292 2402 aliis
322 2371 503 2412 Sylvarum
529 2371 624 2403 locis.
669 2370 796 2413 Amico]
827 2371 921 2405 Quia

216 2422 399 2463 Neptunus
412 2421 581 2462 diligebat
592 2421 751 2453 Pollium.

259 2475 302 2504 23
327 2473 450 2504 Felicia
469 2483 546 2504 rura
575 2476 680 2504 tuetur
702 2472 844 2514 Alcides]
869 2473 925 2504 In-

218 2522 348 2564 telligit
360 2523 526 2564 templum
542 2523 716 2563 Herculis,
729 2522 821 2564 quod
834 2529 926 2564 post-

220 2582 263 2604 ea
291 2570 421 2604 Pollius
444 2571 579 2612 refecit,
615 2578 651 2605 et
677 2573 926 2614 magnificenti-

220 2634 259 2655 us
279 2623 463 2660 exstruxit,
479 2627 518 2655 ut
539 2623 702 2655 discimus
718 2633 761 2654 ex
774 2623 928 2656 Hercule

220 2674 435 2706 Surrentino.
479 2673 572 2705 Hinc
591 2672 732 2705 Alcides
753 2684 814 2706 seu
840 2675 928 2707 Her-

228 2727 322 2757 cules
347 2725 550 2766 cognomine
571 2724 581 2742 ‘
597 2724 767 2765 rusticus‚’
790 2726 800 2742 ⁴
815 2735 928 2768 agres-

228 2776 273 2808 tis
294 2775 304 2790 '
348 2779 478 2817 nostro,
523 2774 678 2807 Hercule
713 2775 928 2809 Surrentino.

974 1865 1073 1897 Idem
1086 1870 1122 1898 et
1137 1865 1305 1907 Sylvanus
1329 1864 1363 1895 in
1387 1867 1539 1895 veterum
1557 1873 1677 1895 monu-

973 1917 1099 1949 mentis
1110 1917 1237 1948 dicitur
1247 1914 1380 1947 Victori
1392 1915 1425 1945 in
1441 1914 1676 1956 descriptione

973 1967 1104 1999 Romae.

1015 2020 1059 2049 24
1083 2017 1217 2049 Gemino
1252 2015 1310 2047 sub
1345 2014 1485 2057 nunnae]
1520 2015 1679 2057 Neptuni

972 2068 1121 2107 scilicet,
1138 2072 1174 2099 et
1186 2066 1359 2098 Herculis.

1015 2121 1059 2150 29
1074 2118 1198 2158 Stagna
1211 2116 1363 2157 modesta]
1385 2116 1443 2148 Sic
1459 2120 1559 2148 vocat
1569 2126 1678 2157 mare,

975 2169 1052 2211 qnia
1067 2179 1135 2200 non
1158 2168 1310 2209 agitatur
1322 2167 1378 2199 hic
1394 2167 1520 2203 ventis,
1537 2166 1596 2198 sed
1622 2167 1679 2208 ja·

973 2224 1044 2260 cet,
1069 2228 1130 2251 sen
1147 2228 1213 2250 non
1230 2222 1400 2258 movetur,
1416 2221 1454 2248 ut
1476 2216 1504 2248 si
1522 2220 1679 2257 stagnum

974 2275 1077 2301 esset.
1138 2268 1332 2309 Dominique
1366 2267 1530 2299 imitantia
1563 2265 1680 2307 mres]

975 2319 1110 2351 Laudat
1138 2327 1275 2359 semper
1298 2317 1446 2349 Pollium
1483 2326 1504 2348 a
1537 2316 1679 2358 placidia

974 2369 1134 2402 moribus.

1017 2423 1059 2452 30
1082 2419 1176 2459 Inde]
1200 2410 1254 2450 Ei
1276 2417 1395 2449 littore
1420 2415 1555 2448 scilicet
1576 2415 1681 2447 ducta

977 2474 1031 2502 est
1045 2469 1210 2511 porticus.
1255 2466 1385 2508 Erepit]
1407 2467 1493 2498 Erat
1508 2465 1599 2497 enim
1616 2465 1677 2497 cli-

979 2530 1072 2559 vosa,
1100 2519 1181 2561 qnia
1209 2518 1243 2549 in
1268 2518 1374 2549 altum
1399 2515 1517 2547 ducta.
1567 2514 1681 2555 Arcen]

977 2570 1036 2602 Sic
1047 2574 1148 2601 vocat
1161 2568 1275 2599 villam
1287 2566 1521 2598 Surrentinum
1532 2564 1576 2596 ob
1589 2574 1681 2606 mag-

979 2622 1187 2655 nificentium
1199 2625 1236 2654 et
1252 2620 1468 2652 altitudinem
1485 2617 1622 2650 aedium.

1023 2677 1063 2707 31
1092 2674 1188 2706 Urbis
1202 2673 1292 2714 opus]
1314 2671 1357 2704 Id
1374 2676 1440 2712 est,
1457 2674 1526 2702 tam
1539 2670 1684 2710 pulchra

981 2729 1059 2758 erat
1092 2723 1259 2767 porticus,
1297 2726 1337 2754 ut
1368 2721 1489 2754 urbem
1526 2719 1682 2751 deceret.

983 2776 1093 2817 Longo
1108 2775 1215 2817 dorso]
1244 2774 1362 2814 Longo
1391 2769 1538 2804 aedificio
1565 2769 1682 2803 exciso
