1800 3060
771 206 1048 240 PRAEFA‘rio.
1579 199 1634 240 ll

184 311 376 366 absurdi,
395 310 468 352 vel
486 309 605 359 falsi,
638 309 710 350 vel
728 308 1006 362 inelegantis3
1048 312 1204 349 contra
1235 319 1357 357 vero,
1380 308 1426 348 in
1448 307 1635 364 Conjec-

182 378 392 421 turasive
426 389 538 426 mea,
573 375 668 417 sive
705 375 818 417 alius
851 374 1122 428 cujuspiam,
1151 374 1280 424 ratio,
1302 376 1548 416 auctoritas
1567 377 1635 430 ip-

184 445 277 487 sius
306 444 437 487 Statii
457 447 500 485 et
519 443 784 497 optimorum
821 442 1109 496 Scriptorum,
1130 454 1219 482 una
1237 453 1338 482 cum
1359 442 1542 484 minima
1563 443 1634 484 vel

180 511 345 553 usitata
363 510 663 564 discrepantia
682 522 710 551 a
731 509 896 560 vulgari
922 509 1165 562 scriptura;
1195 509 1309 550 istud
1331 508 1526 563 ejiciam,
1548 510 1634 552 boc

181 578 228 620 in
247 575 516 619 Contextum
534 589 773 618 assumam.
833 574 988 629 Atqui,
1021 576 1186 626 dicunt,
1207 576 1246 616 si
1267 576 1352 618 hoc
1378 577 1514 619 semel
1533 591 1635 620 con·

183 643 379 694 cedatur,
405 649 553 685 actum
582 647 653 685 est
678 643 734 684 de
765 643 1045 697 antiquitate,
1075 648 1122 684 et
1152 655 1234 696 pro
1265 643 1412 686 Statio
1439 644 1634 698 legemus

181 712 334 754 nescio
373 724 519 766 quem.
579 710 738 761 Immo,
778 710 1048 764 respondeo,
1088 723 1172 764 pro
1206 712 1359 752 nescio
1396 724 1484 765 quo
1515 713 1635 765 leges

184 777 391 820 Statium.
449 777 498 819 Si
519 778 643 818 renim
675 781 736 828 tu,
767 777 856 818 levi
880 777 951 819 vel
984 778 1150 819 usitata
1182 778 1426 819 mutatione
1456 791 1634 828 vocum,

184 856 245 887 ex
263 857 318 886 eo
335 843 453 899 quod
474 844 715 886 absurdum
753 849 848 886 erat
877 844 946 886 vel
975 857 1063 886 nou
1094 845 1445 898 intelligendum,
1466 845 1635 887 efficere

184 915 311 968 potes
337 924 514 953 sensum
543 912 831 966 perspicuum
861 915 904 952 et
935 912 1150 962 vividum,
1178 912 1303 953 filum
1332 912 1564 954 Poematis
1592 918 1637 956 et

186 989 426 1020 sermonem
459 982 563 1032 apte
597 990 846 1020 connexum
882 979 1240 1032 praecedentibus
1261 984 1308 1020 et
1327 980 1635 1033 subsequenti·

183 1046 285 1096 bus,
307 1044 528 1087 Numeros
558 1045 822 1100 aequabiles,
850 1049 892 1087 et
922 1047 1079 1087 ceteris
1108 1046 1307 1100 ejusdem
1329 1046 1483 1088 Poetae
1505 1060 1635 1101 pares

187 1117 234 1155 et
253 1113 450 1165 similes3
491 1113 696 1168 denique,
727 1114 798 1155 cui
829 1114 940 1155 nihil
968 1114 1025 1155 ab
1047 1114 1141 1155 ulla
1159 1117 1284 1168 parte
1302 1113 1437 1167 objici
1459 1115 1634 1168 possit3

190 1180 337 1222 statim
359 1181 636 1230 exclamabo,
657 1178 831 1234 εὖρηκας;
861 1186 999 1235 atque
1018 1181 1118 1231 hoc,
1138 1193 1225 1222 uon
1245 1180 1334 1222 isto
1351 1180 1497 1232 modo,
1519 1180 1638 1222 Poe-

188 1250 278 1289 tam
311 1247 548 1301 scripsisse
586 1246 778 1289 credam.
839 1246 959 1298 Quid
993 1248 1108 1288 euim
1149 1247 1188 1288 si
1228 1251 1405 1288 centum
1444 1246 1637 1288 Codices

186 1315 464 1356 consentiant
483 1315 525 1356 in
544 1314 628 1356 hoc
648 1313 826 1368 Virgilii
845 1314 949 1356 loco
972 1313 1148 1355 AEneid.
1171 1324 1260 1355 vn.
1278 1313 1378 1355 593.

300 1402 450 1446 Multa
469 1403 594 1446 Deos
614 1415 831 1458 aurasque
850 1405 974 1458 pater
992 1405 1181 1444 testatus
1202 1402 1376 1454 inanes,

297 1469 338 1512 1⁴·
338 1471 553 1525 tangimur
572 1470 655 1512 heu
674 1471 829 1522 ventis,
848 1470 1007 1526 inquit,
1028 1470 1290 1524 ferimurque
1309 1469 1528 1524 procella:

189 1576 303 1608 anne
321 1565 420 1607 ideo
440 1564 668 1607 dubitares
681 1565 728 1606 in
743 1563 1007 1607 Contextum
1026 1563 1274 1613 admittere,
1289 1576 1348 1605 ex
1366 1563 1635 1618 conjectura,

301 1650 446 1693 Multa
465 1651 590 1693 Deos
608 1664 799 1706 arasque
818 1655 943 1706 pater
962 1654 1153 1693 testatus
1174 1650 1330 1692 inanes
1342 1650 1380 1692 2⁵

187 1736 438 1781 Praesertim
457 1751 555 1781 cum
576 1739 621 1781 in
642 1739 730 1782 isto
761 1739 906 1781 nullus
925 1740 983 1781 sit
1002 1752 1185 1792 sensus;
1215 1743 1264 1781 et
1281 1740 1380 1793 ipse
1402 1739 1510 1781 alibi
1530 1751 1636 1781 ean-

188 1803 290 1847 dem
320 1807 578 1849 sententiam
606 1807 766 1849 iisdem
799 1807 887 1848 fere
915 1806 1062 1848 verbis
1091 1805 1298 1861 proferat,
1330 1805 1508 1847 AEneid.
1540 1817 1634 1847 xu.

187 1871 287 1914 496.

303 1949 453 1994 Multa
469 1951 498 1994 J
501 1965 629 1994 ovem
650 1956 692 1993 et
710 1952 810 1994 laesi
830 1957 1017 1995 testatus
1035 1951 1215 1994 foederis
1236 1964 1359 1994 aras:

193 2046 323 2088 quem
341 2034 490 2077 locum
508 2036 726 2077 exscribit
753 2041 992 2091 perpetuus
1018 2035 1115 2090 ejus
1134 2036 1330 2078 imitator
1349 2036 1428 2078 Sil.
1450 2035 1638 2079 Italicus

191 2112 314 2142 xvu.
335 2102 406 2144 87.

531 2175 679 2211 castas
696 2169 853 2224 polluti
871 2169 1053 2212 foederis
1073 2183 1175 2212 aras

304 2234 527 2277 Testatus.

193 2301 252 2344 Et
271 2313 337 2345 vi.
352 2303 452 2346 692.

531 2371 726 2426 pollutas
746 2372 931 2415 foederis
950 2386 1053 2415 aras

306 2436 637 2493 Deceptumque
657 2439 686 2481 J
691 2453 837 2482 ovem.

194 2503 312 2556 Quis
340 2508 430 2546 tam
462 2505 613 2560 inepte
646 2507 790 2549 fautor
820 2507 1035 2550 Veterum
1070 2508 1352 2558 Lectionum,
1373 2512 1530 2550 utnon
1549 2509 1636 2554 hoc

235 2630 255 2657 5
276 2627 287 2644 ‘
303 2626 469 2659 Addimus
484 2628 548 2660 hoc
569 2628 765 2671 suffragium
782 2639 885 2661 mem·
939 2636 1008 2671 tur,
1043 2631 1078 2662 in
1107 2631 1229 2673 quibus
1253 2631 1383 2663 diserte
1413 2640 1544 2672 arasque
1578 2640 1638 2663 ex-

191 2675 473 2720 branorum‚quoe
493 2679 734 2722 Hamburgiiu
758 2681 886 2712 Biblio-
938 2681 1102 2714 hibetur.¹
1158 2684 1239 2714 Acta
1269 2682 1396 2714 Erudit.
1435 2684 1531 2714 1⁷29.
1565 2691 1638 2723 pag.

193 2726 294 2760 theca
320 2728 483 2762 Ecclesiae
511 2729 726 2763 Cathedralis
754 2740 888 2764 servan·
941 2733 1017 2763 382.
