1800 3060
240 199 327 243 386
734 211 775 242 r.
807 209 999 241 nemu
1032 209 1196 241 STA'rn

240 305 306 346 Te
326 307 490 346 tantum
510 304 717 347 miserata
737 305 872 357 dedit,
894 306 1145 361 Superique
1162 310 1364 361 potentes

241 372 468 414 Invidiam
491 372 674 414 timuere
695 377 838 414 tuam:
861 377 967 427 post
986 374 1090 424 ista,
1110 374 1405 428 propinquum

242 439 374 482 Nunc
392 441 483 490 iter,
504 443 770 494 optatosque
791 442 915 481 sinus
936 453 1085 482 comes
1106 441 1170 481 ire
1190 441 1407 482 moraris?

241 507 347 548 Heu
367 507 445 548 ubi
466 511 570 548 nota
590 507 715 557 fides,
737 512 891 561 totque
913 508 1147 561 explorata
1168 521 1246 562 per
1264 520 1391 558 usus,

241 574 347 626 Qua
367 579 536 617 veteres
559 574 731 625 Latias,
753 574 1003 629 Graiasque
1024 574 1249 631 Heroides
1271 572 1455 629 aequas?
1638 574 1695 614 45

241 643 358 685 Isset
378 641 435 684 ad
456 642 623 684 Iliacas
642 641 769 698 (quid
787 643 900 684 enim
921 643 1105 685 deterret
1125 648 1325 685 amantes
1341 641 1383 697 Ἰ)

240 711 468 764 Penelope
488 709 642 763 gavisa
663 710 833 760 domos,
854 711 894 751 si
913 722 1075 764 passus
1100 710 1274 752 Ulixes.

241 778 419 830 Questa
438 783 508 819 est
529 778 718 832 AEgiale,
740 783 900 832 questa
919 782 990 819 est
1018 777 1239 820 Meliboea
1262 777 1467 831 relinqui,

241 847 300 889 Et
319 858 569 900 quanquam
590 845 701 887 saevi
721 845 916 887 fecerunt
937 845 1145 887 Maenada
1165 845 1387 899 planctus.

241 998 337 1020 annos
351 989 425 1029 jam
445 992 626 1031 transactos,
648 992 679 1020 et
705 991 844 1030 potentes
869 989 932 1020 Dei
957 993 1134 1022 metuerunt
1157 994 1189 1022 te
1212 990 1380 1032 offendere.
1423 990 1504 1022 Post
1526 988 1591 1020 haec
1614 998 1696 1020 nunc

240 1041 366 1063 recusas
388 1042 437 1064 me
460 1032 605 1064 comitari
628 1032 664 1063 in
684 1035 750 1063 tam
764 1031 922 1073 expetitas
946 1035 978 1064 et
997 1034 1158 1073 proximas
1179 1036 1303 1065 terras?
1337 1032 1401 1065 Ubi
1416 1033 1502 1074 fides
1524 1032 1650 1072 cognita
1663 1034 1695 1063 et

239 1078 369 1115 experta
382 1078 428 1106 tot
442 1075 563 1117 officiis,
586 1085 647 1115 qua
659 1075 835 1116 aequiparas
855 1076 975 1116 priscas
990 1076 1149 1108 Heroidas
1169 1076 1302 1107 Latinos
1316 1080 1347 1108 et
1365 1073 1520 1107 Graecas?
1546 1075 1696 1114 Penelope

241 1118 316 1149 laeta
341 1118 475 1150 venisset
501 1119 541 1150 ad
565 1118 690 1158 Trojam
716 1118 808 1159 (quid
832 1119 913 1149 em'm
927 1122 1066 1150 amantes
1089 1120 1204 1151 avertit
1213 1121 1241 1158 ?)
1263 1119 1292 1150 si
1321 1119 1444 1159 Ulysses
1467 1117 1608 1159 precibus
1629 1118 1696 1155 ejioe

240 1162 412 1193 annuisset.
452 1161 581 1202 AEgiale
595 1164 625 1192 et
641 1161 787 1193 Meliboea
810 1164 925 1202 questae
947 1165 1018 1193 sunt
1033 1171 1065 1193 se
1088 1162 1201 1203 deseri,
1225 1165 1256 1194 et
1275 1162 1330 1194 illa
1345 1171 1436 1203 quum
1449 1161 1584 1193 crudeles
1595 1161 1696 1192 luctus

853 1256 1093 1270 OO‘OOOOO‘DO‘

240 1324 282 1354 43
305 1321 509 1354 Bernartius
537 1332 581 1354 ex
610 1323 844 1365 manuscripto
871 1324 988 1357 codice
1018 1324 1178 1365 profert:
1213 1325 1418 1366 optandosque
1446 1322 1545 1362 sinus,
1574 1321 1698 1362 impro-

239 1364 344 1397 bante
366 1365 672 1398 Marklando.-—44
697 1366 816 1398 Codex
832 1377 938 1399 unus:
961 1371 1067 1408 totque
1087 1369 1249 1409 explorata
1266 1376 1324 1408 per
1338 1368 1528 1398 annom—45
1553 1365 1563 1382 ‘
1584 1364 1699 1395 Heroi-

238 1408 293 1440 des
319 1408 548 1448 scribendum,
588 1409 707 1440 Latino
735 1419 801 1440 non
832 1410 956 1442 Gr'aeco
988 1421 1073 1450 usu;
1095 1411 1245 1452 alioquin
1272 1410 1362 1441 enim
1393 1408 1560 1450 perdurus
1586 1410 1696 1438 totum

240 1460 375 1482 versum
398 1461 500 1482 sonus
525 1451 686 1484 vexabit!
713 1452 828 1484 Barth.
874 1455 883 1471 ‘
897 1453 1085 1494 Suspectus
1108 1453 1223 1486 mendi
1238 1462 1354 1485 versus
1370 1457 1511 1492 propter
1527 1454 1579 1481 tot
1596 1458 1695 1480 voces

238 1493 276 1525 in
297 1503 332 1525 as
354 1498 532 1532 exeuntem,
556 1504 630 1535 quae
655 1494 809 1526 vitiosum
834 1505 875 1527 ac
897 1496 1071 1537 ingratum
1094 1501 1229 1535 sonant,
1249 1500 1289 1527 ut
1311 1495 1397 1527 bene
1422 1497 1520 1525 notat
1536 1492 1697 1524 Heinsius

239 1535 284 1567 ad
301 1536 404 1568 Ovid.
419 1537 521 1568 Trist.
540 1546 574 1569 v·
588 1540 619 1568 5.
633 1539 688 1570 43.
729 1538 842 1574 Unde,
857 1539 981 1579 inquit,
1003 1539 1135 1572 Statius
1150 1540 1329 1580 reliquisse
1345 1538 1454 1579 possit
1470 1535 1599 1567 videri:
1626 1535 1698 1571 Qua

237 1579 353 1611 veteris
377 1579 480 1619 Latii,
512 1579 681 1622 Graiisque
710 1580 862 1612 Heroisin
888 1591 978 1623 oequa
1008 1592 1052 1615 es.
1110 1582 1200 1614 Satis
1231 1587 1333 1614 caute
1363 1580 1434 1619 agit
1461 1579 1512 1610 vir
1542 1587 1697 1618 magnus.

239 1621 380 1663 Singula
404 1622 591 1654 videamus.
639 1623 790 1655 Probum
821 1628 876 1655 est
903 1629 1023 1656 veteres
1050 1625 1222 1665 Heroides,
1249 1629 1288 1656 ut
1316 1623 1447 1655 Pietat.
1471 1621 1598 1654 Abasc.
1621 1623 1697 1652 255.

240 1664 345 1697 Ovid.
362 1664 440 1698 Art.
457 1665 533 1697 Am.
545 1668 623 1698 ⁷13.
639 1671 676 1698 et
692 1665 808 1698 Amor.
823 1676 865 1698 ιι.
881 1670 913 1699 4.
930 1670 984 1699 33.
1029 1668 1124 1699 Nihil
1142 1668 1247 1709 igitur
1263 1667 1296 1698 in
1312 1667 1364 1698 his
1380 1664 1520 1697 vocibus
1535 1665 1698 1695 innovan-

240 1707 334 1748 dum,
355 1718 431 1740 cum
461 1708 546 1740 satis
573 1708 667 1740 clara
692 1709 737 1741 sit
766 1709 884 1741 Ovidii
909 1711 1069 1742 imitatio.
1113 1711 1170 1742 De
1184 1710 1320 1746 ceteris,
1335 1708 1416 1740 mihi
1433 1707 1567 1739 videtur
1582 1707 1697 1747 legen·

241 1750 344 1782 dum:
371 1751 443 1787 Qua
458 1754 576 1783 veteres
598 1751 723 1791 Latias,
748 1752 943 1793 Graiumque
970 1753 1130 1785 Heroidas
1155 1763 1267 1794 oeques.
1289 1751 1345 1785 Cf.
1374 1750 1477 1784 Ovid.
1500 1751 1589 1782 Met.
1613 1757 1699 1780 xm.

235 1796 314 1826 282.
339 1794 440 1826 Lucr.
471 1803 512 1826 n.
543 1797 618 1826 600.
647 1795 766 1827 Nostr.
795 1795 904 1827 Theb.
937 1805 971 1828 x.
1002 1796 1087 1828 838!
1115 1797 1323 1828 marm—49
1347 1794 1440 1826 ‘Hic
1464 1799 1519 1824 est
1541 1801 1628 1824 unus
1655 1801 1698 1822 ex

237 1837 324 1868 locis
353 1836 395 1867 de
425 1837 548 1878 quibus
578 1837 610 1868 in
640 1837 786 1870 Praefat.
808 1843 946 1880 questus
971 1848 1065 1877 sum3
1091 1839 1176 1870 adeo
1201 1838 1403 1875 immaniter,
1426 1836 1454 1868 si
1483 1835 1563 1876 quid
1588 1834 1700 1874 video,

238 1878 462 1920 depravatus,
483 1885 520 1911 ut
545 1880 618 1911 sine
646 1880 775 1912 codicis
800 1881 942 1922 alicujus
965 1882 1020 1912 vel
1047 1881 1207 1913 variantis
1231 1880 1386 1913 lectionis
1409 1877 1613 1910 adminiculo
1638 1877 1699 1907 im-

238 1922 403 1962 possibile
434 1922 479 1954 sit
501 1932 577 1954 eum
605 1923 639 1954 in
666 1923 848 1961 sanitatem
872 1933 1032 1955 asserere.
1078 1924 1246 1966 Loquitur
1266 1923 1396 1955 Statius
1419 1922 1463 1953 de
1485 1920 1561 1952 fidis
1583 1919 1698 1951 uxori-

239 1965 314 2003 bus,
336 1969 373 1995 et
401 1975 477 2006 quae
507 1964 673 2006 conjuges
701 1975 778 1997 suos
813 1976 875 2007 per
905 1976 1022 1998 omnes
1047 1976 1144 1999 casus
1177 1966 1330 1998 comitari
1357 1965 1516 1996 vellent:
1555 1962 1700 2003 Aigiale,

237 2007 362 2048 inquit,
387 2011 496 2048 questa
522 2011 570 2039 est
598 2008 745 2049 relinqui,
780 2009 897 2040 mallet
928 2010 1082 2041 comitari
1112 2010 1272 2042 maritum
1300 2017 1397 2040 suurn
1426 2005 1629 2039 Diomedem
1654 2004 1698 2036 ad

240 2050 368 2082 benum
406 2050 587 2091 Trojanum
612 2061 622 2089 ;
657 2056 692 2082 et
722 2051 772 2083 ita
800 2052 963 2083 Meliboea
989 2053 1245 2085 Philoctetem:
1278 2054 1309 2084 et
1337 2052 1495 2092 planctus,
1525 2057 1701 2089 quanquam

237 2093 328 2133 mvi,
351 2092 500 2131 fecerunt
526 2093 680 2125 Maenida.
735 2095 846 2128 Quam
874 2094 1032 2127 fecerunt
1060 2095 1236 2127 Maenida?
1269 2099 1305 2126 et
1337 2093 1467 2135 quare?
1499 2095 1536 2123 et
1562 2099 1704 2132 quomo-s

239 2135 310 2167 do?
332 2135 560 2177 et'quando?
606 2137 650 2168 Et
675 2137 703 2167 si
730 2138 804 2168 haec
835 2137 948 2169 omnia
982 2138 1194 2179 probaveris,
1226 2146 1383 2179 quaenam
1417 2133 1583 2166 connexio
1609 2133 1700 2165 inter

239 2178 328 2211 bunc
359 2182 396 2211 et
420 2178 675 2220 praecedentem
702 2181 860 2212 versum?
892 2180 973 2223 quid
998 2182 1086 2213 enim
1115 2181 1247 2213 Maenas
1276 2179 1390 2221 aliqua
1411 2177 1540 2210 Bacchi
1570 2175 1701 2208 furiosa

900 2273 1042 2307 NOTAE

241 2344 305 2375 pro
329 2333 400 2366 vita
423 2343 484 2366 seu
509 2339 664 2376 tempore
686 2334 766 2368 fatis
783 2335 864 2369 vitae
888 2347 945 2369 cu-
1039 2341 1082 2371 47
1109 2339 1275 2382 Penelope]
1296 2338 1473 2379 Penelope
1495 2345 1581 2369 uxor
1596 2334 1699 2376 Ulys-

236 2385 361 2426 jusqne
377 2385 586 2425 praestituto.
1000 2389 1057 2421 sis.

283 2437 326 2466 42
349 2435 508 2467 Invidiam
533 2436 663 2468 timuere
685 2438 787 2478 tuom]
811 2437 945 2469 Timue·
1041 2442 1084 2470 48
1106 2438 1248 2480 AEgiale]
1281 2438 1380 2470 Uxor
1404 2435 1589 2469 Diomedis.
1631 2434 1700 2466 Me-

240 2490 322 2518 runt
348 2491 384 2518 te
410 2485 598 2528 offendere,
620 2497 664 2520 ne
685 2489 892 2521 invehereris
911 2489 944 2520 in
999 2489 1105 2529 liboea]
1141 2489 1237 2520 Uxor
1268 2488 1489 2519 Philoctetae.
1534 2483 1699 2524 Relinquat]

242 2546 291 2577 se,
306 2540 344 2568 ut
361 2546 430 2568 mos
447 2544 533 2577 erat,
550 2548 626 2570 cum
643 2539 807 2571 carissimi
823 2539 944 2571 morie·
999 2539 1174 2571 Volebant
1193 2539 1282 2570 enim
1305 2538 1402 2580 sequi
1418 2537 1556 2568 maritos
1581 2534 1622 2566 ad
1640 2543 1700 2566 ex-

243 2587 380 2628 bantur‚
398 2592 436 2618 ut
462 2588 586 2629 saepius
603 2588 762 2621 diximus.
808 2590 944 2631 Propin-
999 2589 1208 2632 peditionem
1222 2588 1414 2630 Trojanam.

242 2647 335 2678 quum
362 2638 452 2669 Nunc
476 2638 551 2679 iter,
575 2642 756 2681 optatosque
777 2640 879 2680 sinus]
902 2639 944 2671 Id
1041 2643 1084 2672 49
1107 2641 1152 2671 Et
1173 2649 1348 2680 quanquam
1369 2637 1445 2668 soeoi
1457 2635 1603 2675 fecerunt
1618 2634 1700 2665 Μω-

243 2692 310 2727 est,
325 2687 510 2729 Neapolim
525 2698 592 2720 non
610 2690 908 2730 proculdissitam.
998 2692 1082 2723 nuda
1115 2689 1274 2731 planctus]
1318 2687 1464 2722 Quidam
1501 2685 1699 2726 intelligunt

286 2741 329 2771 46
354 2739 485 2782 Iliacas]
510 2740 688 2782 Trojanas.
1000 2742 1090 2773 bunc
1105 2749 1239 2773 versum
1254 2739 1298 2771 de
1314 2737 1499 2773 Laodamia
1514 2735 1698 2769 Protesilai
