1800 3060
604 166 878 198 SYLVARUM
910 166 1008 198 ms.
1041 158 1135 199 1.2.

152 269 338 325 Excepi,
358 270 534 326 fovique
551 272 651 314 sinu
669 289 680 324 3
709 286 791 316 nee
810 274 931 316 colla
945 287 1171 330 genasque

1547 160 1604 202 91

1518 278 1602 321 110

152 339 351 391 Comere,
370 353 450 381 nec
470 340 622 395 pingui
642 342 804 384 crinem
823 341 1040 385 deducere
1059 356 1238 386 amomo

151 405 358 450 Cessavit
377 421 490 459 mea,
511 413 629 460 nate,
650 423 832 453 manus:
861 411 971 453 mihi
991 411 1136 454 duleis
1158 413 1305 466 imago

149 475 386 518 Prosiluit:
417 476 552 519 celsae
572 478 728 531 procul
747 479 900 532 aspice
919 478 1074 521 frontis
1094 478 1300 529 honores,

148 541 495 598 Suggestumque
515 558 676 588 comae:
708 547 878 597 Latiae,
899 548 1064 598 metire,
1083 547 1189 601 quid
1208 547 1323 589 ultra

148 609 350 652 Emineat
367 615 527 654 matres
543 625 556 664 3
586 618 797 668 quantum
818 614 1009 657 Latonia
1027 615 1246 670 nymphas

1515 617 1599 660 115

148 751 218 782 Nec
241 761 309 784 nea
327 763 437 786 manus
458 755 562 795 desiit,
587 766 604 787 ο
619 757 688 798 fili,
714 767 824 789 ornare
847 758 995 790 cen-icem
1018 758 1085 798 ejus
1102 761 1133 790 et
1149 758 1281 799 suc-iem,
1307 763 1339 791 et
1354 769 1469 799 ungere
1481 770 1598 792 cornum

146 804 274 826 amomo.
317 796 394 829 Mea
422 798 523 830 dulcis
547 799 650 839 imago
674 801 752 831 milei
773 801 951 833 resultarit.
995 801 1110 842 Specto
1132 806 1276 834 ornatum
1293 803 1418 842 frontis
1438 804 1544 834 urum
1565 807 1598 835 et

146 837 296 870 turritan
309 849 436 873 comum.
483 842 652 875 (Paridem
677 853 744 875 eam
767 846 890 875 tantum
910 853 1056 885 superare
1075 848 1233 877 niatronae
1254 845 1424 883 Romanor,
1449 849 1598 887 quantum

760 937 1001 951 unm„

142 997 252 1036 generi
265 998 393 1031 Venet.
407 1002 546 1033 1.—-110
570 1001 795 1044 Lindeubrog.
808 1004 850 1036 ad
862 1005 1001 1038 Terent.
1016 1003 1124 1038 Andr.
1140 1015 1166 1038 1.
1182 1008 1213 1038 3.
1229 1008 1281 1037 14.
1297 1005 1330 1037 h.
1348 1006 1370 1038 l.
1385 1005 1434 1037 ita
1448 1004 1596 1046 descrip-

145 1041 209 1070 sit:
237 1041 355 1082 Excepi
366 1043 543 1085 gremioque
545 1044 628 1083 soei,
643 1047 864 1087 negligentia,
875 1057 919 1079 an
936 1049 1126 1089 ignorantia
1137 1048 1352 1091 quantitatis,
1367 1058 1410 1080 an
1424 1049 1597 1090 utraque?

143 1085 249 1115 —113
273 1084 371 1118 Leid.
397 1085 554 1128 honorem,
581 1088 672 1130 quod
697 1090 832 1132 recepit
860 1091 1140 1124 Raudium—114
1164 1092 1289 1124 Markl.
1317 1091 1387 1133 legi
1414 1091 1487 1123 vult
1517 1092 1596 1132 quod

799 1192 945 1226 NOTAE

186 1252 248 1283 111
274 1251 401 1286 crinem
424 1255 572 1288 deducere
600 1255 733 1298 αηιοηιο]
777 1256 845 1289 Est
898 1266 975 1289 nem
1001 1257 1207 1291 resultatio!
1249 1257 1324 1298 Ego
1340 1266 1421 1289 vero
1437 1256 1595 1290 existimo

142 1299 271 1333 ductim
301 1303 354 1335 vel
383 1305 520 1338 tractim
550 1316 691 1348 ungere,
730 1307 841 1340 linire.

143 1351 324 1385 Petronius
338 1365 347 1386 :
363 1356 373 1374 ⁸
388 1355 539 1398 Capillos
555 1368 648 1390 meos
664 1359 758 1391 lenta
772 1369 841 1391 ma·

143 1410 189 1432 nu
205 1402 314 1435 duxi!
356 1404 413 1437 Sic
430 1407 440 1424 ⁴
451 1406 536 1438 ebur
551 1409 676 1441 ducere
689 1409 840 1451 pollice:

142 1461 205 1493 pro
222 1454 357 1486 tractim
374 1456 501 1497 pollice
517 1458 604 1490 ebur
618 1460 768 1500 pulsare,
784 1461 840 1492 vel

143 1502 294 1535 mulcere
310 1505 401 1546 apud
417 1506 666 1541 Claudianum:
691 1514 700 1528 ⁸
713 1511 759 1542 Et
770 1511 839 1543 levi

143 1553 275 1586 resides
313 1556 506 1590 modulatus
548 1560 688 1600 pectine
718 1570 840 1593 nervos

141 1603 275 1637 Pollice
301 1605 429 1639 festino
458 1609 582 1641 mobile
603 1610 702 1643 duxit
729 1611 839 1652 opus.'

140 1654 287 1698 Ammo]
318 1656 498 1690 Amomum
529 1669 636 1701 genus
664 1662 838 1701 aromatis,

140 1713 185 1736 ex
221 1715 287 1748 quo
315 1714 524 1749 unguentum
562 1711 836 1745 odoratissimum

141 1754 399 1791 conficiebatur.
411 1759 501 1791 Vide
507 1760 734 1803 Theophrast.
743 1763 836 1797 Hist.

139 1805 254 1839 Plant.
279 1807 339 1841 lib.
349 1818 402 1842 rx.
416 1820 494 1852 cap.
507 1815 540 1844 7.
581 1814 836 1856 Dioscoridem,

140 1859 178 1887 et
198 1855 348 1890 Plinium
372 1859 429 1892 lib.
443 1870 528 1895 xm.
552 1873 629 1905 cap.
645 1867 698 1897 12.
752 1865 837 1898 Pro-

139 1907 298 1941 veniebat
313 1909 347 1941 in
359 1909 502 1954 Assyria
517 1918 553 1946 et
568 1914 742 1949 Armenia.
776 1917 836 1950 In-

138 1961 192 1988 ter
203 1966 374 1999 unguenta
388 1962 539 1995 crinibus
553 1964 750 2007 adaptatur.

182 2011 244 2041 112
273 2011 359 2043 Mitti
392 2014 494 2045 duleis
528 2015 632 2056 imago
667 2017 835 2059 Prosiluit]

139 2058 312 2093 Domitius
337 2063 475 2096 videtur
499 2066 643 2099 inuuere
663 2068 835 2101 Venerem

138 2110 239 2150 velle,
250 2112 457 2146 Violentillae
473 2115 597 2149 faciem
608 2119 708 2150 velox
725 2119 835 2152 incre-

137 2165 288 2193 mentum
303 2165 492 2205 accepisse,
513 2171 552 2198 ut
566 2177 686 2199 munus
701 2170 836 2202 scilicet

137 2210 210 2251 ejus
225 2211 258 2242 in
280 2211 370 2244 illius
385 2223 444 2246 ore
457 2213 632 2258 formaque
646 2219 716 2250 cito
730 2219 835 2252 bomi-

136 2268 198 2291 nes
223 2260 485 2296 admirarentur.
528 2265 731 2300 Parrhasius
752 2279 834 2302 vero

136 2318 176 2340 ae
191 2310 383 2344 Politianus
411 2320 534 2355 putant
548 2322 698 2349 mentem
713 2319 832 2352 Poe'tae

135 2367 222 2399 esse,
251 2361 419 2394 Venerem
445 2364 480 2396 in
504 2368 670 2400 comenda
693 2369 832 2402 Violan-

135 2408 210 2440 tilia
231 2410 319 2443 adeo
331 2412 518 2456 laborasse,
543 2421 582 2449 ut
603 2424 764 2451 cosmetae
782 2421 832 2452 vi-

135 2467 210 2491 cem
225 2467 416 2504 praestaret,
429 2470 466 2498 et
477 2473 620 2500 ornante
634 2479 672 2502 se
691 2470 833 2503 Violan-

135 2508 209 2542 tilla
232 2519 276 2542 ex
298 2513 441 2547 adverso
467 2519 639 2558 speculum
663 2522 833 2554 sustinue-

134 2559 200 2592 rit:
221 2561 256 2593 in
271 2572 339 2605 quo
360 2565 566 2601 Violantillae
588 2570 699 2612 imago
721 2573 829 2604 resul-

133 2609 231 2643 tabat
265 2622 327 2646 seu
373 2618 585 2658 prosiliebat.
643 2623 802 2655 Donatus
818 2634 828 2655 z

132 2659 144 2675 ⁸
154 2658 266 2695 Cunna
274 2662 479 2706 inspiciendi
493 2671 623 2711 speculi
635 2673 830 2704 emendatio

133 2709 244 2742 vultus
258 2718 323 2755 est,
346 2714 489 2751 effectus
501 2718 620 2754 formae
635 2731 699 2764 per
713 2723 830 2764 imagi·

897 1306 1046 1340 ruentem
1060 1308 1165 1340 Statii
1175 1318 1263 1349 esse,
1279 1308 1406 1339 Veneri
1428 1308 1596 1340 resultare

896 1368 990 1391 suam
1005 1359 1199 1400 imaginem,
1212 1358 1377 1391 intuendo
1393 1359 1523 1391 vultum
1537 1359 1596 1390 Vi-

894 1409 1070 1450 olentillae,
1091 1419 1131 1442 ac
1160 1410 1189 1441 si
1214 1410 1248 1441 iu
1273 1409 1417 1451 speculo
1430 1419 1466 1441 se
1483 1409 1593 1450 ipsam

893 1460 1095 1501 respiceret.
1140 1459 1243 1492 Unde
1259 1458 1348 1492 iufra
1363 1460 1480 1491 Venus
1495 1460 1594 1501 dicit,

891 1521 996 1552 meque
1009 1511 1094 1543 dedi.
1138 1511 1231 1543 Hinc
1243 1510 1357 1543 Poeta
1367 1511 1455 1551 vult,
1468 1511 1595 1543 intelli-

891 1560 926 1602 gi
953 1561 1190 1592 Violentillam
1214 1570 1290 1592 esse
1319 1561 1595 1602 pulcherrimam,

891 1614 1013 1652 utpote
1029 1611 1173 1643 similem
1187 1611 1327 1644 Veneri.

935 1664 998 1695 114
1021 1662 1272 1704 Suggeseamque
1298 1662 1408 1704 comoe]
1441 1663 1591 1704 Sugges-

890 1716 945 1744 tus
959 1713 1131 1744 veteribus
1141 1713 1300 1755 quicquid
1312 1714 1501 1745 exstruitur
1513 1724 1592 1746 cum

890 1767 1071 1804 apparatu.
1092 1764 1220 1804 Tangit
1234 1767 1345 1795 antem
1360 1772 1488 1796 morem
1504 1765 1591 1805 pris-

889 1823 979 1853 cum,
991 1823 1058 1855 quo
1068 1819 1234 1846 matronae
1250 1813 1293 1845 ad
1309 1814 1474 1845 verticem
1495 1815 1591 1855 capi-

889 1863 934 1896 tis
947 1865 1149 1896 convolutos
1164 1865 1198 1896 in
1218 1864 1353 1896 modum
1371 1864 1472 1896 turris
1486 1865 1593 1906 capil-

890 1914 941 1946 los
956 1914 1132 1955 gerebant.
1172 1914 1348 1956 Superiori
1372 1923 1473 1946 versu
1489 1919 1590 1947 vocat

889 1965 978 1996 celsa
993 1963 1116 2004 frontis
1128 1964 1278 2002 honorem
1300 1973 1367 2006 quo
1388 1967 1526 2005 spectat
1548 1965 1590 1995 il-

890 2015 947 2046 lud
970 2015 1131 2048 Juvenal.
1158 2015 1263 2046 Satir.
1292 2023 1343 2046 vr.
1365 2014 1375 2031 ‘
1392 2014 1462 2045 'rot
1479 2014 1589 2046 adbuc

889 2065 1112 2107 compagibus
1137 2066 1244 2097 altum
1275 2063 1436 2096 AEdiflcat
1459 2063 1589 2105 capnt)

889 2115 1082 2147 ‘Turritam
1104 2114 1275 2148 frontem’
1297 2119 1400 2146 vocat
1415 2115 1587 2154 Lucanus,

890 2167 900 2184 ‘
921 2167 1083 2199 turritum
1114 2167 1281 2198 verticem
1300 2165 1311 2180 ’
1357 2166 1402 2197 D.
1436 2167 1588 2207 Prosper

887 2217 998 2258 Epist.
1023 2217 1068 2248 ad
1095 2215 1368 2256 Demetriadem,
1391 2216 1587 2249 ‘Turritum

886 2257 1010 2309 caput'
1044 2266 1255 2299 Prudentius
1282 2266 1464 2307 Psycbom.
1518 2266 1587 2299 Ge-

886 2318 1015 2349 vartius
1038 2327 1101 2358 per
1125 2319 1306 2356 suggestum
1319 2326 1412 2347 comoe
1426 2317 1589 2357 intelligit

885 2368 999 2400 crines
1015 2368 1049 2399 in
1065 2367 1191 2408 gradus
1206 2365 1346 2403 fractos,
1361 2375 1444 2408 quos
1459 2367 1586 2408 gradus

884 2423 983 2450 vocat
996 2416 1174 2449 ‘ordines'
1195 2416 1386 2450 Juvenalis.
1427 2417 1586 2449 Suetoni-

884 2479 923 2501 us
937 2469 1076 2501 Nerone
1091 2476 1167 2508 cap.
1190 2469 1244 2499 51.
1268 2467 1359 2499 dixit
1379 2468 1390 2486 ‘
1402 2477 1534 2499 comam
1547 2468 1584 2500 in

885 2520 1010 2561 gradus
1024 2517 1229 2550 formatam.'
1245 2518 1407 2550 Manilius
1418 2529 1428 2549 z
1445 2519 1455 2536 ‘
1469 2518 1582 2550 crines

884 2572 918 2602 in
945 2569 1087 2602 fluctum
1113 2569 1265 2611 ponere!

926 2620 1055 2661 Latiar]
1078 2620 1262 2652 Romanas.

925 2673 986 2702 115
1012 2671 1171 2707 Quantum
1192 2669 1328 2701 Latonia
1339 2669 1491 2710 nymphas
1508 2667 1583 2701 Vir-

881 2731 923 2762 go
934 2721 1062 2763 prom,
1073 2724 1278 2762 quantamque
1291 2722 1411 2760 egomet
1426 2719 1583 2752 Nereidas
