1800 3060
227 212 314 254 506

729 223 771 252 Ρ.
802 222 993 253 PAPINII
1025 221 1189 253 STA'HI

229 317 454 367 Protinus,
473 321 517 358 et
531 327 656 357 saeva
675 316 899 370 perturbet
917 315 1082 369 gaudia
1099 316 1288 359 dextra?

229 383 468 426 Florebant
486 383 645 424 hilares
666 383 1015 437 inconcussique
1038 388 1224 438 penates
1241 398 1254 437 ;

230 452 311 495 Nil
331 456 539 493 moestum
557 464 567 489 ε
600 450 710 505 quid
732 451 866 502 enim,
887 452 1092 505 quamvis
1110 451 1248 494 infida
1265 452 1482 509 levisque,

230 519 410 561 Caesare
430 523 520 560 tam
541 518 715 569 dextr0,
737 524 897 573 posset
921 519 1119 562 Fortuna
1138 520 1315 562 timeri?

231 587 443 629 Invenere
463 586 580 627 viam
601 586 786 628 liventia
809 586 940 637 Fata,
961 586 1169 642 piumque

1601 592 1686 648 145

232 654 417 697 Intravit
436 654 506 695 vis
524 666 649 696 saeva
667 654 831 696 larem:
862 655 926 696 sic
947 655 1084 709 plena
1104 658 1294 712 maligno

233 721 455 764 Affiantur
474 721 626 764 vineta
647 721 798 765 Noto:
827 722 894 770 sic
912 723 1004 765 alta
1025 727 1221 768 senescit

233 790 380 831 Imbre
402 802 527 844 seges
546 790 708 832 nimio:
738 790 908 844 rapidae
930 792 998 833 sic
1014 792 1147 835 obvia
1170 795 1312 849 puppi

234 857 423 908 Invidet,
445 864 492 899 et
511 858 623 900 velis
642 858 875 900 adnubilat
896 873 1004 902 aura
1024 862 1247 904 secundis.

237 925 449 980 Carpitur
470 926 683 968 eximium
702 926 795 968 fato
818 928 1027 971 Priscilla
1045 928 1275 972 decorem:

1606 930 1715 972 150·

236 993 443 1045 Qualiter
463 994 554 1036 alta
570 1007 741 1036 comam
763 995 987 1050 sylvarum
1007 997 1147 1050 gloria
1165 998 1296 1052 pinus

237 1062 329 1104 Seu
347 1061 377 1104 J
382 1062 480 1103 ovis
499 1062 600 1116 igne
619 1063 753 1114 malo,
774 1076 855 1105 seu
869 1063 964 1119 jam
980 1064 1131 1107 radice
1145 1065 1307 1115 soluta,

238 1129 419 1182 Deficit,
439 1134 482 1171 et
502 1130 613 1172 nulli
633 1131 824 1186 spoliata
842 1135 1129 1174 remurmurat
1147 1145 1281 1174 aurae.
1392 1176 1395 1177 ⁷

236 1197 359 1249 Quid
380 1198 595 1253 probitas,
616 1203 692 1241 aut
711 1205 840 1242 casta
858 1199 986 1252 fides,
1006 1201 1115 1256 quid
1135 1201 1318 1243 numina
1334 1205 1523 1256 prosunt

530 1323 691 1365 perturbet
713 1323 860 1355 lantiam
884 1323 949 1364 eJ'us
973 1323 1092 1356 crudeli
1114 1323 1231 1357 manu?

239 1323 324 1355 limis
345 1324 453 1361 oculis,
477 1327 507 1355 et
1248 1324 1407 1366 florebant
1428 1325 1496 1356 laeti
1517 1328 1549 1356 et
1574 1324 1695 1356 immoti

238 1365 331 1399 lares.
375 1366 471 1398 Nihil
485 1367 575 1398 triste
588 1377 599 1398 .·
619 1367 694 1408 quid
709 1367 791 1399 enim
807 1367 956 1408 Fortuna,
977 1367 1116 1409 quamvis
1126 1368 1235 1407 fallax
1256 1371 1287 1399 et
1314 1368 1501 1407 inconstans,
1519 1367 1615 1399 metui
1640 1378 1693 1408 po·

239 1410 303 1441 tuit
319 1413 383 1441 tam
396 1411 526 1441 secundo
544 1411 692 1441 Coesare?
737 1410 820 1442 Fata
834 1410 942 1441 invida
957 1412 1040 1442 viam
1063 1411 1246 1442 invenerunt
1268 1411 1408 1447 nocendi,
1430 1413 1461 1442 et
1483 1420 1566 1442 soeoa
1590 1420 1693 1442 eorum

236 1453 377 1493 potentia
390 1453 486 1484 subiit
506 1452 575 1494 pios
596 1456 736 1493 penates.
780 1453 834 1484 Sic
857 1453 961 1485 vineta
982 1453 1100 1492 referta
1124 1454 1194 1485 uvis
1217 1452 1407 1492 infestantur
1429 1454 1509 1484 malo
1525 1453 1627 1484 Noto.-
1648 1453 1694 1484 sic

239 1496 320 1527 celsa
341 1499 412 1527 sata
425 1499 596 1527 curvantur
614 1495 723 1527 nimiis
746 1496 877 1536 pluviis.-
899 1495 945 1528 sic
971 1499 1080 1528 ventus
1103 1496 1210 1527 obrius
1231 1498 1415 1528 adversatur
1439 1495 1532 1527 celeri
1557 1495 1641 1536 navi,
1663 1499 1694 1527 et

240 1538 326 1578 cogit
341 1539 435 1570 nubes
459 1540 605 1570 adversus
625 1548 774 1579 prospera
795 1539 874 1570 vela.
919 1538 1061 1579 Egregia
1080 1538 1186 1579 forma
1212 1539 1368 1570 Prisciuae
1393 1538 1593 1579 extinguitur
1607 1538 1694 1588 saio,

240 1584 277 1612 ut
298 1581 393 1621 pinus
417 1583 551 1621 excelsa,
571 1582 729 1623 sylvarum
755 1582 856 1621 decus,
878 1583 1012 1613 moritur
1034 1591 1088 1614 seu
1116 1581 1253 1622 maligno
1271 1581 1362 1613 Joois
1383 1581 1531 1621 fulmine,
1551 1591 1605 1613 seu
1623 1580 1695 1619 J‘am

240 1624 349 1656 laxata
363 1624 475 1666 stirpe,
497 1628 527 1656 et
543 1626 659 1656 nudata
673 1624 765 1663 foliis
778 1628 901 1656 resonat
916 1625 994 1656 nulli
1006 1628 1106 1657 vento.
1153 1624 1238 1661 Quid
1248 1624 1390 1667 probitas
1403 1628 1458 1657 aut
1469 1624 1691 1667 pudicafiden.
1683 1627 1697 1647 ⁹

854 1717 929 1730 oce-e
932 1716 1086 1729 onemo

243 1796 399 1847 legebat·
432 1798 588 1828 nullamne
616 1796 748 1828 notavit.
750 1798 856 1828 —141
883 1795 1101 1828 Parmensis.
1133 1800 1165 1828 et
1193 1806 1294 1828 scoeoa
1311 1796 1485 1837 perturbet.
1487 1797 1594 1828 -144
1618 1795 1686 1827 Goe-

242 1850 314 1872 aare
327 1839 397 1879 jam
409 1841 521 1871 dextro
536 1841 659 1870 Venet.
676 1841 707 1870 2.
725 1844 761 1870 et
776 1844 846 1871 vet.
867 1837 1081 1879 Lindenbrog
1085 1848 1118 1870 ιι
1122 1842 1227 1871 -145
1255 1838 1377 1871 Heius.
1399 1838 1546 1870 Advers.
1570 1849 1603 1880 p.
1619 1841 1693 1870 ⁵79.

241 1883 359 1915 malit:
385 1882 521 1914 Intravit
545 1882 631 1923 Styx
651 1891 748 1918 soeva,
773 1882 828 1913 vel
851 1881 1006 1913 Libitina.
1008 1884 1115 1914 -147
1139 1882 1300 1925 Affianiur
1315 1881 1460 1921 ,iumenta
1487 1885 1560 1913 noto
1579 1881 1696 1913 Parm.

243 1927 341 1958 Rom.
372 1926 495 1957 Venet.
518 1928 550 1957 2.
578 1930 614 1956 et
638 1930 709 1957 vet.
731 1924 1127 1964 Lindeubrogii.-149‘
1139 1925 1182 1956 Id
1206 1932 1282 1957 est:
1306 1925 1435 1957 Nubila
1457 1925 1540 1956 velis
1564 1924 1698 1965 objicit.

241 1970 335 2001 Vera
350 1975 400 2000 est
415 1969 489 2000 haec
506 1969 624 2009 utique
637 1968 751 2007 lectio,
767 1973 804 1999 et
813 1968 962 2008 elegans,
973 1971 1010 1998 et
1020 1967 1165 2008 Papinio
1177 1967 1298 2009 digna:
1316 1968 1431 2009 itaque
1446 1972 1542 1999 recte
1555 1965 1698 1998 defensa

241 2017 280 2044 et
297 2011 392 2043 nobis
405 2011 485 2042 alibi
502 2016 539 2042 et
549 2010 674 2044 Joanni
693 2010 880 2042 Gebhardo
894 2011 1014 2042 Curar.
1031 2009 1181 2043 Juvenil.
1196 2011 1256 2042 lib.
1272 2019 1298 2043 1.
1313 2020 1389 2052 cap.
1406 2013 1436 2042 S.
1456 2014 1575 2042 contra
1593 2010 1697 2043 Joan-

243 2064 322 2086 nem
347 2054 547 2094 Meursium,
570 2054 627 2095 qui
649 2053 801 2092 adjubilat
829 2052 1060 2094 reponendum
1086 2053 1292 2094 imaginatus
1314 2057 1369 2085 est
1391 2053 1539 2084 Miscell.
1562 2052 1621 2085 lib.
1639 2061 1696 2084 ιιι.

245 2107 322 2139 cap.
342 2097 404 2130 14!
427 2097 545 2129 Barth.
590 2096 817 2128 Marklandus
843 2095 933 2138 conj.
962 2095 1117 2134 obsibilat,
1143 2097 1198 2130 vel
1222 2096 1390 2129 obnubilat.
1432 2096 1530 2128 Idem
1556 2095 1698 2135 monuit,

902 2193 1045 2226 NOTAE

245 2266 284 2292 ut
305 2260 354 2292 ait
378 2258 535 2291 Ovidius.
580 2259 626 2290 Et
652 2258 804 2290 Homero
831 2257 944 2300 ὑπόδρα

243 2312 359 2347 ἰδοῦσα,
383 2314 468 2341 ton-e
492 2310 628 2350 aspexit.
680 2308 712 2341 A
737 2309 888 2341 Lucieno
909 2310 943 2340 in

245 2361 424 2394 calumniae
439 2359 555 2391 tabula
565 2358 675 2391 Φθόνος
685 2359 836 2401 pingitur
847 2359 945 2402 ὠχρὸς

244 2414 296 2446 καὶ
315 2413 463 2455 ἄμορφος,
483 2410 535 2444 καὶ
558 2411 609 2453 ὀξὺ
634 2414 794 2455 δεδορκὼς,
818 2424 847 2445 κ.
865 2425 898 2446 τ.
912 2419 944 2446 λ.

246 2465 372 2496 Invidia
384 2464 514 2504 pallida,
529 2467 558 2496 et
574 2463 731 2503 deformi-3,
741 2463 886 2506 etfigenz
899 2465 946 2495 lu-

245 2516 338 2548 mine.
363 2515 388 2546 V
397 2514 451 2545 ide
474 2514 546 2555 ejus
570 2513 836 2555 descriptionem
856 2514 947 2556 apud

246 2564 421 2598 Ovidium.

289 2617 352 2647 146
374 2613 503 2654 Larem]
526 2615 675 2646 Domum
691 2613 892 2646 Abascautii
908 2625 948 2648 ac

248 2666 429 2699 Prisciuae.
475 2665 529 2696 Sic
541 2665 631 2705 plena
645 2665 781 2705 maligno
791 2665 950 2708 Affiantur

248 2719 351 2749 cineta
369 2715 466 2756 Noto]
497 2712 648 2746 ‘Afflare
665 2713 796 2746 ventis'
816 2716 950 2757 Virgili-

248 2779 347 2802 auum
364 2774 439 2800 cst:
468 2767 478 2786 ⁴
492 2768 544 2800 Ex
559 2776 627 2809 quo
643 2776 695 2798 me
713 2766 834 2800 Divum
848 2773 948 2810 pater

997 2261 1101 2300 atque
1125 2256 1295 2289 hominum
1313 2266 1375 2289 rex
1391 2256 1555 2289 Fulminis
1570 2255 1699 2289 afflavit

997 2309 1118 2348 ventis,
1133 2313 1170 2340 et
1185 2308 1331 2349 contigit
1346 2307 1440 2350 igni?
1468 2307 1615 2348 Maligna
1630 2307 1697 2339 No-

999 2359 1045 2399 to]
1070 2359 1158 2392 Quia
1185 2364 1307 2391 ventus
1331 2359 1390 2391 ille
1415 2358 1598 2391 admodum
1619 2367 1697 2391 con-

999 2410 1120 2441 trarius
1135 2415 1187 2441 est
1202 2408 1344 2442 floribus
1360 2408 1487 2443 et'viti.

1042 2462 1105 2492 152
1129 2460 1208 2500 Igne
1222 2459 1318 2501 malo]
1341 2460 1507 2492 Fulmine.

1043 2514 1106 2543 153
1131 2512 1173 2543 El
1189 2511 1268 2543 nulli
1281 2511 1413 2552 spoliata
1425 2513 1629 2549 remurmurat
1642 2520 1696 2542 au-

1000 2564 1062 2606 roe]
1083 2565 1236 2606 Spoliata
1251 2564 1383 2596 scilicet
1398 2563 1485 2595 foliis
1508 2567 1544 2594 et
1567 2561 1696 2594 frondi-

1001 2617 1076 2658 bus,
1099 2617 1219 2659 quibus
1234 2623 1478 2648 remurmurare
1493 2618 1641 2654 poterat.
1688 2633 1692 2635 λ

1047 2671 1110 2701 154
1134 2666 1336 2710 Casiafides]
1358 2664 1459 2698 Fides
1473 2669 1608 2696 servata
1619 2673 1698 2696 con·

995 2719 1084 2762 jugh
