1800 3060
193 172 251 215 88
690 185 732 216 P.
765 185 956 217 ΡΑΡιΝιι
990 187 1155 218 STA'rn

194 278 303 321 Vidi
326 284 373 320 et
395 277 599 335 Abydeni
611 280 790 335 juvenis
812 282 1024 325 certantia
1043 283 1177 326 remis

196 346 405 397 Brachia,
424 347 689 402 laudavique
707 362 880 401 manus,
901 355 943 392 et
963 363 1085 405 saepe
1104 352 1274 393 natanti

197 414 423 457 Praeluxi:
454 416 594 457 minor
612 416 686 457 ille
707 417 848 468 calor,
871 431 962 472 quo
984 432 1108 460 saeva
1128 420 1342 473 tepebant

197 483 426 537 AEquora:
458 488 504 525 tu
524 488 712 535 veteres,
729 485 929 539 juvenis,
943 490 1239 540 transgressus
1261 500 1458 530 amores:

198 551 307 606 Ipse
327 565 408 605 ego
430 555 472 593 te
494 557 639 594 tantos
660 555 812 607 stupui
831 554 1014 596 durasse
1035 568 1112 608 per
1133 559 1282 606 aestus‚

200 619 482 673 Firmavique
503 620 689 669 animm,
710 621 977 675 blandisque
998 622 1222 666 madentia
1242 623 1408 678 plumis

1596 489 1654 531 90

200 750 256 772 nec
270 741 316 772 sic
329 741 464 782 pallebat
478 742 512 773 in
527 742 711 774 carceribus.
761 743 802 773 Et
819 742 896 778 vidi,
913 747 942 774 et
958 744 1082 775 laudavi
1104 754 1212 776 manus
1233 748 1264 776 et
1287 747 1418 778 lacertos
1434 746 1559 786 juvenis
1572 747 1660 787 Aby-

200 783 286 823 deni,
301 788 458 825 oequantes
472 795 582 824 remos,
596 789 626 816 et
641 795 720 826 saepe
734 786 862 825 proetulz·
877 786 983 822 facem
1004 788 1034 818 ei
1052 789 1188 826 nutanti,
1211 791 1242 820 et
1265 789 1317 820 ille
1339 790 1434 829 calor,
1453 799 1511 831 quo
1527 790 1662 822 immitia

201 835 325 866 oequora
340 827 528 868 intepebant,
542 831 609 859 erat
627 829 740 859 minor.
787 829 847 865 Tu,
865 829 1004 869 juvenis,
1029 831 1187 870 superasti
1205 832 1324 872 priscos
1347 842 1476 864 amores.
1520 833 1590 873 Ipse
1604 842 1661 872 ego

201 870 310 910 stupui
334 873 365 902 te
385 871 537 903 restitisse
562 875 606 902 tot
624 871 781 912 flammis,
806 875 837 903 et
861 872 1058 904 corroboravi
1084 876 1170 905 tuum
1193 875 1342 916 animum,
1363 878 1394 907 et
1414 875 1528 907 siccavi
1541 874 1667 907 blandis

815 955 949 968 “CN“
955 956 1055 968 “‘OO

203 1012 296 1041 metoe
309 1009 436 1050 pollebit
448 1011 490 1042 ad
505 1011 665 1043 imm—87
687 1011 827 1044 Abideni
840 1012 965 1044 Venet.
981 1015 1012 1044 1.
1037 1017 1073 1044 et
1099 1013 1285 1046 Rom-88
1307 1015 1524 1047 Boxhornins
1551 1013 1662 1057 Epist.

206 1053 249 1083 ad
271 1052 422 1085 Gronov.
438 1063 472 1092 p.
488 1056 542 1085 60.
560 1054 614 1085 ed.
633 1064 687 1086 an.
704 1057 799 1086 1662.
815 1065 847 1095 p.
860 1057 914 1086 80.
936 1055 991 1088 ed.
1007 1065 1062 1088 an.
1082 1059 1171 1088 1679.
1198 1058 1282 1098 legit
1298 1059 1487 1100 lassantique
1501 1068 1665 1090 manus.—

206 1097 249 1127 89
273 1096 406 1127 Praeulsi
421 1096 522 1128 Urat.
541 1097 675 1128 Proezusi
702 1098 798 1128 Leid.
815 1099 939 1130 Venet.
955 1101 985 1130 l.
1000 1101 1032 1131 2.
1048 1102 1079 1131 3.
1095 1102 1126 1131 4.
1143 1100 1257 1131 Parm.
1281 1101 1379 1132 Rom.
1402 1102 1540 1133 Vicent.
1566 1101 1664 1132 Brix.

204 1137 310 1169 Aldd.
324 1139 434 1171 Colin.
450 1139 581 1181 Grypb.
599 1140 706 1171 Basil.
733 1141 876 1172 Praeluaei
888 1142 967 1172 Sen.
985 1146 1022 1173 ut
1039 1151 1083 1173 ex
1095 1143 1184 1182 conj.
1197 1143 1306 1174 edidit
1322 1143 1425 1175 Bern.
1441 1144 1665 1185 probantibus

205 1181 306 1213 Voss.
324 1182 555 1223 Lindenbrog.
571 1183 692 1214 Barth.
709 1183 829 1215 Heius.
844 1189 880 1215 et
902 1184 1020 1216 Burm.
1052 1185 1196 1216 Produxi
1218 1186 1423 1226 Scriverius,
1448 1187 1666 1228 improbante

205 1223 443 1257 Handio.—90
468 1225 511 1257 N.
541 1225 660 1256 Heius.
685 1227 775 1267 conj.
789 1226 962 1265 jurenunu
985 1228 1071 1258 male
1098 1228 1247 1269 quidem,
1275 1229 1386 1271 inquit
1412 1229 1666 1261 Haudius.-91

206 1266 304 1299 Urat.
320 1268 416 1300 Vatt.
433 1271 465 1300 2.
482 1271 513 1299 4.
532 1269 612 1299 Par.
631 1268 782 1301 Piccart.
797 1270 920 1301 Venet.
941 1273 973 1301 l.
990 1270 1104 1302 Parm.
1124 1276 1160 1302 et
1175 1272 1312 1303 Vicent.
1329 1275 1455 1303 durasse
1467 1283 1525 1314 per
1549 1276 1667 1309 estun·

208 1309 291 1341 Vat.
308 1312 339 1342 1.
357 1313 388 1342 3.
404 1310 501 1343 Leid.
530 1312 627 1343 Rom.
653 1312 795 1343 Venett.
823 1314 855 1343 2.
873 1315 904 1344 3.
922 1315 953 1344 4.
979 1313 1080 1345 Aldd.
1098 1313 1207 1345 Colin.
1233 1319 1270 1346 et
1295 1315 1427 1357 Gryplr.
1444 1325 1600 1356 superesse
1611 1324 1669 1356 per

208 1356 316 1392 cestus,
332 1355 420 1395 quod
436 1354 562 1385 acriter
575 1353 734 1386 defendit
751 1355 926 1386 Bartliius.
943 1357 1071 1387 durasse
1084 1358 1210 1397 primus
1225 1357 1258 1388 in
1276 1361 1408 1390 textum
1434 1359 1568 1399 recepit
1583 1358 1668 1389 Gro-

207 1396 347 1437 novius;
373 1397 600 1437 praetulerunt
616 1397 722 1429 Bern.
743 1397 786 1428 N.
803 1398 925 1429 Heius.
945 1399 1053 1439 Epist.
1073 1400 1171 1432 Tom.
1187 1409 1220 1431 v.
1235 1410 1269 1440 p.
1281 1404 1357 1432 533.
1370 1401 1465 1433 Tom.
1481 1410 1522 1432 ιι.
1540 1411 1573 1442 p.
1591 1403 1669 1434 747.

211 1437 253 1469 ad
274 1438 335 1470 Sil.
359 1439 439 1471 Ital.
457 1449 497 1472 ιι.
513 1442 589 1472 463.
614 1444 651 1471 et
667 1441 700 1471 in
726 1440 870 1472 Advers.
887 1451 919 1481 p.
937 1444 1100 1474 (istm—92
1128 1442 1267 1474 firmari
1289 1444 1413 1475 Venet.
1432 1446 1462 1475 1.
1480 1449 1518 1476 et
1531 1445 1669 1475 Vicent.

212 1481 429 1524 Fir-manuque
445 1487 569 1515 ceterae
594 1483 736 1516 Venett.
759 1483 852 1526 quod
875 1485 1025 1517 correxit
1042 1484 1220 1518 Avantins.
1247 1485 1337 1518 Vide
1361 1486 1405 1518 ad
1421 1495 1461 1519 ιι.
1477 1490 1508 1520 5.
1532 1488 1652 1518 23.—9

871 1569 1014 1602 NOTAE

209 1633 245 1666 in
262 1643 329 1676 quo
346 1633 475 1665 victum
490 1634 606 1666 mortis
620 1644 736 1675 paena,
751 1633 918 1666 victorem

211 1684 390 1726 praemium
407 1683 456 1715 sni
474 1684 623 1725 conjugii
636 1689 803 1716 maneret.
828 1686 918 1717 Mul-

212 1736 259 1768 tis
289 1735 394 1777 igitur
422 1734 538 1774 victis,
579 1735 816 1776 Hippomenes
845 1737 919 1777 ejus

214 1796 331 1818 amore
349 1786 487 1826 ardenS,
516 1787 656 1818 tandem
684 1797 783 1828 poma
805 1797 921 1828 aurea,

214 1847 292 1879 quae
316 1837 433 1868 Venus
455 1837 504 1868 illi
529 1836 686 1877 dederat,
709 1843 789 1869 ante
815 1837 921 1878 pedes

214 1888 449 1929 procurrentis
463 1886 652 1926 Atalantae,
667 1896 769 1918 unum
786 1891 864 1927 post
875 1888 920 1918 al·

214 1943 325 1970 terum
342 1937 539 1979 projiciens,
555 1947 628 1968 eam
654 1937 696 1969 iis
719 1937 921 1979 colligendis

216 1988 394 2021 detentam
412 1988 602 2029 superavit,
628 1997 669 2019 ac
694 1991 814 2028 postea
838 1997 920 2018 uxo-

216 2049 289 2071 rem
301 2039 411 2071 duxit.
429 2038 518 2070 Vide
532 2038 637 2070 Ovid.
652 2039 742 2070 Met.
754 2047 791 2070 x.
815 2037 921 2079 Meta]

217 2090 287 2123 Hic
304 2093 430 2130 metam,
458 2098 523 2130 pro
547 2088 921 2128 carceribus‚-abusive

218 2141 333 2183 posuit
349 2140 472 2172 Poeta.
496 2140 585 2172 Nam
603 2139 838 2180 Hippomenes
854 2148 921 2170 non

215 2192 352 2232 pollebat
368 2191 402 2223 in
418 2192 491 2232 ipsa
505 2195 611 2230 meta,
638 2200 713 2222 cum
737 2189 812 2230 jam
835 2189 922 2222 vice-

221 2247 287 2275 rat.

263 2296 304 2325 87
327 2292 470 2335 Abydeni
476 2291 615 2332 juvenis]
634 2290 794 2331 Leandri,
810 2290 924 2322 Herus

220 2343 381 2375 Sestiacae
413 2343 537 2384 puellae
554 2351 668 2373 amore
685 2341 791 2382 capti.
835 2341 926 2373 Vide

221 2403 296 2436 quae
314 2393 459 2425 diximus
475 2393 518 2424 ad
539 2392 646 2424 Theb.
662 2401 713 2423 vr.
729 2394 804 2423 542.
850 2392 924 2424 Cer-

221 2445 325 2477 tantia
339 2443 432 2475 remis
448 2443 606 2484 Brachia]
640 2443 680 2474 Id
710 2447 775 2484 est,
805 2442 925 2475 eadem

223 2494 410 2527 velocitate
434 2495 603 2532 natantia,
630 2503 669 2525 ac
694 2494 788 2524 navis
803 2491 930 2525 benefi-

224 2546 279 2579 cio
295 2547 475 2577 remorum.
520 2546 564 2576 Et
581 2546 643 2576 hoc
658 2544 755 2585 dicit,
770 2544 851 2586 qnia
866 2544 932 2575 Le-

224 2599 331 2630 ander
354 2602 461 2630 noctu
490 2597 751 2629 transmittebat
780 2596 932 2628 natando

178 2642 181 2644 ’
224 2649 491 2690 Hellespontum
507 2657 550 2679 ex
564 2646 703 2687 Abydo,
725 2646 831 2687 (unde
844 2645 932 2687 Aby-

225 2699 320 2730 denus
347 2698 402 2730 hic
433 2696 588 2737 dicitur,)
628 2696 756 2737 oppido
790 2696 856 2728 sito
886 2696 930 2728 ad

226 2758 323 2782 oram
343 2748 453 2790 Asiae,
481 2748 523 2780 ad
554 2746 728 2780 visendam
753 2745 928 2779 Heronem

974 1635 1129 1675 amicam,
1145 1646 1218 1678 qnae
1234 1637 1267 1669 in
1279 1638 1431 1680 oppositi
1449 1638 1575 1670 littoris
1587 1637 1674 1670 urbe

973 1685 1073 1717 Sesto
1088 1685 1278 1719 habitabat.
1323 1688 1425 1720 Unde
1439 1689 1591 1720 Musaeus
1607 1688 1675 1720 ele-

975 1736 1174 1776 gantissime
1191 1737 1234 1768 de
1250 1747 1290 1769 eo
1306 1738 1392 1769 dicit
1407 1749 1414 1769 :
1432 1737 1533 1770 Αὐτὸς
1547 1739 1604 1770 ἐὼν
1616 1737 1677 1780 ε’ρέ-

973 1798 1043 1824 της,
1074 1786 1277 1824 ‹ab-ramanus,
1311 1787 1482 1828 αὐτόματος
1514 1789 1599 1829 νηῦς,
1626 1789 1678 1829 Ip-

974 1847 1007 1869 se
1021 1841 1091 1869 erat
1104 1847 1222 1879 remex,
1245 1839 1311 1880 ipse
1331 1840 1452 1881 classis,
1467 1840 1533 1881 ipse
1553 1839 1678 1872 mobilis

974 1888 1075 1920 nuris.

1018 1941 1060 1970 89
1078 1939 1238 1980 Proeluoei]
1259 1939 1301 1971 Id
1318 1944 1382 1980 est,
1397 1939 1507 1972 facem
1522 1940 1586 1972 tuli
1599 1945 1679 1972 ante

976 1999 1052 2021 eum
1069 1995 1260 2029 natantem,
1285 1990 1366 2031 qnia
1389 1995 1495 2022 noctu
1521 1990 1681 2032 tranabat

976 2038 1147 2078 Leander,
1178 2045 1217 2071 ut
1246 2040 1403 2072 diximus.
1451 2040 1521 2072 Alii
1549 2042 1683 2082 legunt,

976 2089 1126 2130 Praelusi,
1143 2090 1176 2121 id
1199 2095 1265 2130 est,
1285 2095 1364 2125 ante
1389 2100 1466 2122 eum
1487 2091 1616 2131 natavi,
1641 2097 1681 2123 nt

975 2139 1069 2171 illum
1085 2140 1242 2181 exemplo
1269 2150 1345 2171 meo
1373 2140 1590 2173 audaciorem
1606 2142 1682 2173 red-

977 2189 1107 2223 derem.
1151 2190 1258 2231 Soeva]
1280 2191 1374 2223 Saeva
1387 2201 1471 2223 vero
1486 2201 1612 2233 «equora
1634 2192 1683 2223 di-

978 2240 1039 2280 cit,
1053 2241 1133 2282 quia
1148 2242 1286 2272 tandem
1302 2241 1458 2273 Leander
1475 2242 1511 2273 in
1526 2242 1591 2274 hoc
1612 2252 1685 2274 ma-

979 2290 1008 2322 ri
1025 2292 1150 2332 periit:
1176 2301 1254 2323 nam
1271 2301 1348 2323 cum
1365 2292 1548 2334 aliquoties
1571 2292 1683 2325 felici-

981 2346 1034 2374 ter
1046 2342 1109 2374 sibi
1125 2342 1325 2383 contigisset
1340 2347 1478 2374 tranare
1494 2352 1600 2383 mare,
1609 2342 1683 2384 jam

979 2392 1140 2424 audacior
1155 2391 1281 2432 factus,
1296 2392 1381 2423 mari
1398 2392 1529 2425 tumido
1552 2398 1588 2424 et
1603 2403 1685 2425 ven-

980 2442 1023 2473 tis
1040 2442 1171 2483 agitato
1193 2452 1228 2473 se
1253 2442 1435 2483 commisit,
1454 2447 1491 2476 et
1515 2443 1566 2475 sic
1593 2453 1685 2476 sum-

984 2502 1114 2524 mersus
1129 2495 1182 2523 est
1195 2490 1314 2523 infelix
1322 2492 1471 2534 juvenis.

1026 2545 1069 2575 90
1096 2542 1236 2583 Veteres]
1260 2543 1328 2574 Pro
1343 2548 1508 2576 veterum.
1537 2544 1685 2586 Juvenis]

984 2592 1128 2625 Stellam
1144 2592 1328 2634 alloquitur
1344 2593 1462 2627 Amor.

1028 2646 1070 2675 92
1097 2643 1233 2686 Plumis]
1264 2643 1450 2686 Cupidines
1475 2644 1565 2678 enim
1588 2649 1688 2679 erant

986 2694 1081 2728 alati.
