1800 3060
231 212 291 254 70

731 224 773 254 Ρ.
807 223 999 256 ΡΔΡΙΝΙΙ
1035 224 1199 257 STA'ru

232 318 348 371 Quis
368 317 487 361 rudis
507 331 652 373 usque
672 319 803 372 adeo,
824 322 901 376 qui
919 334 1025 374 non,
1045 326 1095 365 ut
1113 322 1269 365 viderit
1290 324 1463 375 ambos,

229 390 424 433 Tantum
445 389 566 431 dicat
584 402 738 444 equos,
754 394 968 444 quantum
987 391 1155 432 distare
1178 397 1378 444 regentes
1390 392 1410 433 ‘l

1632 393 1690 436 90

231 458 339 500 Non
356 459 438 500 hoc
459 457 704 500 imbriferas
723 459 903 514 hyemes
923 472 1051 514 opus,
1072 464 1152 501 aut
1170 458 1201 501 J
1204 459 1303 501 ovis
1322 460 1470 513 ignem

228 526 551 580 Tergeminum,
573 526 715 568 AEolii
734 539 824 568 non
846 527 1022 580 agmina
1041 527 1233 569 carceris
1252 527 1415 579 horret,

228 593 519 637 Annorumve
539 607 709 645 moras:
739 594 879 636 stabit
897 594 999 636 dum
1018 599 1149 645 terra,
1167 595 1407 650 polusque,

229 663 353 704 Dum
371 662 578 704 Romana
599 662 695 704 dies
713 675 723 704 :
754 662 842 704 huc
863 666 910 704 et
929 663 1012 704 sub
1033 667 1168 705 nocte
1190 663 1348 713 silenti,

231 729 346 772 Cum
368 731 556 786 Superis
577 734 747 773 terrena
766 730 960 785 placent,
980 735 1057 772 tua
1075 731 1204 772 turba
1221 731 1377 774 relicto

1634 733 1691 776 95

230 799 426 840 Labetur
445 799 580 850 coelo,
600 799 892 854 miscebitque
913 799 1070 841 oscula
1079 798 1239 854 juxta:

228 866 321 909 Ibit
341 867 385 908 in
400 868 638 922 amplexus
652 871 803 918 natus,
822 866 1058 922 fraterque,
1079 871 1312 922 paterque,

226 935 287 978 Et
305 947 461 981 soror:
490 949 579 978 una
597 935 749 978 locum
769 935 925 978 cervix
944 935 1067 977 dabit
1086 935 1295 978 omnibus
1317 937 1465 981 astris·

225 1067 379 1109 despiciat
391 1068 535 1101 alterum.
582 1068 663 1105 Quis
687 1072 753 1101 tam
775 1068 952 1110 imperitus,
971 1070 1046 1111 quin
1060 1073 1228 1119 asseveret,
1241 1072 1279 1101 ut
1291 1069 1396 1101 ambos
1418 1069 1543 1110 viderit,
1564 1071 1688 1102 tantum

225 1111 418 1143 discriminis
428 1111 512 1144 inter
520 1122 570 1144 eos
584 1122 660 1153 esse,
669 1115 818 1153 quantum
832 1113 916 1144 inter
931 1122 1036 1144 eorum
1049 1112 1198 1144 dominos.
1230 1113 1304 1144 Hoc
1314 1123 1390 1154 opus
1403 1123 1464 1145 non
1477 1116 1608 1153 expavet
1616 1113 1688 1153 plu·

224 1153 328 1185 viosas
342 1154 478 1196 hyemen,
492 1165 555 1187 non
567 1155 730 1187 trisulcum
743 1156 868 1194 sulmffl
884 1155 990 1195 Jovis,
1003 1165 1058 1188 nec
1071 1156 1227 1187 cohortem
1241 1156 1342 1187 AEolii
1353 1156 1492 1195 claustri,
1505 1166 1562 1188 nec
1573 1155 1687 1188 seriem

224 1206 389 1230 annorum.
434 1198 537 1239 AEque
551 1197 678 1230 durabit
692 1208 730 1230 ac
743 1201 829 1230 terra
843 1201 873 1230 et
888 1199 1020 1237 coelum;
1051 1208 1137 1240 oeque
1151 1208 1188 1230 ue
1202 1198 1377 1230 Romnum
1397 1199 1569 1240 imperium.
1611 1198 1687 1230 Hac

222 1249 280 1280 per
294 1240 451 1273 silentium
465 1241 576 1281 noctis,
586 1242 659 1273 dum
666 1241 771 1282 superi
785 1245 892 1273 amant
909 1244 1040 1281 terram,
1053 1242 1103 1273 tui
1117 1242 1300 1273 descendent
1307 1242 1346 1273 de
1355 1241 1442 1283 coelo,
1450 1244 1482 1273 te
1495 1241 1688 1279 osculaturi,-

215 1282 320 1325 filius,
331 1292 512 1325 gemianus,
523 1283 708 1326 genitorque
731 1287 803 1317 tuus
824 1294 862 1316 uc
886 1294 974 1317 soror
994 1287 1087 1317 ruent
1111 1284 1146 1316 in
1160 1288 1230 1317 tuos
1243 1285 1424 1327 amplexus.-
1454 1289 1549 1317 unum
1573 1284 1686 1316 collum

221 1478 311 1512 beo.'
333 1479 530 1512 Harum—91
553 1479 768 1513 Vocabulum
780 1491 858 1523 opus
882 1481 980 1513 abest
996 1490 1017 1512 a
1031 1480 1154 1513 codice
1179 1480 1339 1514 Leidensi
1355 1484 1394 1514 et
1409 1480 1572 1513 aVenet.
1598 1483 1630 1512 l.
1647 1485 1685 1514 et

220 1523 411 1555 Rom—92
431 1523 532 1556 Urat.
557 1523 765 1556 horren—93
788 1524 891 1565 Apud
914 1524 1157 1556 Marklandum
1184 1524 1389 1566 typographi
1415 1533 1532 1556 errore
1555 1524 1685 1565 legitur

218 1566 316 1598 stabit
331 1568 494 1598 tum—94
517 1566 628 1599 Codd.
652 1567 753 1600 Urat.
775 1567 872 1600 Leid.
896 1572 933 1599 et
960 1568 1044 1600 Par.
1066 1577 1144 1600 cum
1159 1566 1288 1600 Venet.
1300 1571 1334 1600 2.
1349 1570 1382 1600 3.
1397 1569 1430 1599 4.
1447 1567 1566 1599 Parm.
1582 1567 1684 1599 Rom.

218 1609 360 1641 Vicent.
377 1613 415 1641 et
428 1610 526 1642 Brix.
542 1609 598 1641 hoc
610 1613 664 1648 εἰς
686 1611 811 1643 Venet.
835 1613 867 1642 1.
889 1609 947 1642 hac
969 1614 1022 1648 εΗ
1043 1610 1195 1644 correxit
1212 1615 1333 1643 auctor
1355 1609 1506 1642 Aldinae.
1508 1612 1592 1642 -95
1617 1609 1684 1641 Vir

220 1651 370 1685 doetus·
361 1662 397 1684 m
412 1653 564 1694 exempl.
580 1634 680 1686 Got't.
696 1653 787 1695 conj.
806 1654 886 1685 Cum
898 1653 1020 1694 superis
1044 1657 1169 1686 terrena
1185 1657 1307 1695 petens,
1330 1654 1386 1686 vel
1404 1653 1484 1684 Cum
1494 1652 1602 1702 superi
1616 1655 1682 1685 ter-

218 1705 296 1727 rena
317 1698 442 1736 petunt.
486 1695 629 1728 Vicent.
655 1699 710 1728 tua
730 1695 825 1728 verba
847 1696 969 1728 relicto.
972 1698 1057 1728 ——96
1080 1697 1207 1728 Venet.
1236 1698 1268 1728 1.
1291 1700 1329 1728 et
1351 1696 1470 1727 Parm.
1483 1695 1598 1734 juncea
1618 1705 1684 1738 pro

213 1738 336 1777 ,ἱππίας
358 1738 403 1770 V.
419 1738 462 1771 D.
490 1737 525 1770 in
541 1748 639 1770 exem
643 1739 690 1780 p.l
707 1739 807 1772 Gott.
831 1739 984 1771 correxit
993 1739 1132 1779 1usta‚1
1161 1748 1190 1771 e.
1207 1738 1337 1780 debita,
1353 1738 1443 1780 quod
1466 1748 1510 1770 ne
1523 1738 1683 1771 Latinum

220 1781 369 1824 quidem.
393 1781 515 1814 Barth.
528 1782 562 1814 in
575 1749 723 1815 Adfers.
738 1791 859 1815 xxvxi.
872 1785 926 1816 18.
941 1781 1334 1824 interpnngijubetitaz
1356 1781 1682 1822 miscebitqneoscula.

875 1903 1022 1937 NOTAE

259 1984 301 2013 91
326 1981 438 2022 Ignem
454 1978 688 2020 Ter-geminum]
699 1979 925 2021 'tergeminus
976 1979 1052 2011 cule
1062 1977 1283 2011 Surrentino:
1297 1977 1307 1997 ‘
1320 1978 1406 2010 Cum
1421 1987 1527 2020 grave
1540 1981 1681 2012 noctur-

215 2032 316 2075 ignis,
332 2036 386 2064 est
399 2030 530 2064 fulmen
539 2030 636 2065 Jovis
652 2030 760 2063 tribus
775 2029 922 2072 cuspidi-

215 2083 280 2115 bus
293 2082 438 2124 insigne.

256 2136 301 2166 92
323 2133 424 2166 AEolii
446 2132 594 2174 carceris]
622 2132 665 2164 In
692 2141 761 2174 qno
790 2132 924 2165 scilicet

214 2185 435 2218 continentur
449 2184 556 2216 venti.
599 2183 691 2215 Vide
705 2182 814 2215 Theb.
829 2192 858 2215 1.

255 2239 298 2268 93
321 2235 430 2269 Stabit
453 2237 528 2267 dum
546 2237 636 2267 terra
653 2234 815 2276 polusque,
834 2233 923 2266 Dum

214 2288 359 2320 Romana
372 2286 453 2328 dies]
473 2287 551 2319 Hoc
568 2286 666 2327 dicit,
682 2285 763 2327 quia
777 2290 923 2327 veteres,

210 2347 280 2370 non
306 2339 415 2370 solum
440 2337 620 2379 imperium
639 2336 846 2375 Romanum,
859 2336 922 2369 sed

210 2392 249 2421 et
273 2389 394 2421 urbem
415 2388 527 2430 ipsam
549 2391 711 2420 aetemam
732 2385 807 2419 fore
823 2391 922 2429 puta·

211 2439 309 2477 bant,
339 2439 430 2472 unde
459 2444 496 2472 et
526 2438 706 2480 epitheton
735 2439 748 2457 ‘
760 2437 918 2471 aeternae'

210 2489 336 2533 passim
363 2490 481 2522 Romae
507 2488 636 2522 datum.
678 2489 768 2522 Vide
785 2489 920 2522 Livium

207 2540 269 2573 lib.
295 2549 321 2572 1.
364 2540 502 2571 Florum
521 2540 581 2573 lib.
599 2549 625 2573 ι.
645 2550 722 2582 cap.
738 2543 770 2573 7.
786 2544 824 2573 et
837 2540 918 2573 Am-

207 2592 356 2624 mianum
375 2591 613 2623 Marcellinum
629 2592 687 2623 lib.
702 2600 780 2624 xvi.

251 2646 294 2675 94
318 2643 394 2675 Huc
408 2646 439 2674 et
452 2642 511 2674 sub
525 2646 613 2674 nocte
627 2643 747 2684 silenti,
769 2644 848 2675 Cum
858 2643 917 2676 Su-

204 2694 292 2735 peris
307 2696 431 2725 terrena
450 2692 589 2735 placent]
616 2693 730 2725 Noctu
748 2694 850 2735 enim,
866 2702 918 2725 re-

208 2744 309 2776 motis
338 2744 487 2784 arbitris,
512 2747 604 2775 terra
630 2748 729 2785 grata
743 2749 795 2776 est
810 2744 918 2776 numi-

206 2794 305 2827 nibus
318 2804 396 2827 cum
408 2794 528 2827 nolunt
540 2794 657 2836 aspici.
702 2794 759 2828 Sic
775 2795 809 2827 in
827 2794 917 2827 Her-

976 2040 1020 2063 na
1036 2030 1157 2063 coelum
1171 2029 1365 2062 subtexitur
1378 2029 1520 2062 umbra?

1019 2084 1060 2114 95
1086 2081 1153 2113 Tua
1175 2079 1283 2121 turba]
1306 2080 1476 2113 Nimirum
1498 2080 1680 2122 Vespasia-

975 2142 1040 2164 nus
1054 2136 1167 2174 pater,
1181 2131 1279 2164 Titus
1294 2130 1415 2173 frater,
1428 2131 1610 2164 Domitius
1627 2142 1681 2164 ro·

976 2192 1045 2222 ror,
1055 2182 1117 2224 (de
1130 2192 1197 2224 qua
1209 2186 1307 2214 vetus
1315 2181 1496 2223 inscriptio
1508 2180 1681 2215 referente

976 2232 1155 2275 Onuphrio
1170 2233 1200 2264 P
1216 2230 1385 2274 anvinio‚)
1394 2236 1432 2264 et
1453 2232 1543 2265 filius
1562 2233 1681 2266 Domi·

975 2283 1071 2324 tiani,
1086 2293 1187 2326 quem
1210 2281 1378 2316 infantem
1393 2282 1519 2324 amisit,
1530 2283 1589 2325 qui
1608 2293 1681 2317 om·

976 2344 1036 2367 nes
1049 2335 1082 2366 in
1105 2344 1282 2366 numerum
1298 2334 1455 2366 Deorum
1469 2334 1571 2367 relati
1585 2341 1677 2368 sunt.

977 2387 1127 2418 Consule
1141 2385 1354 2418 Suetonium.

1015 2440 1059 2469 98
1085 2437 1156 2469 Una
1178 2437 1276 2468 locum
1301 2435 1410 2467 cervix
1430 2436 1519 2469 dabie
1539 2437 1679 2471 mnibus

972 2486 1082 2529 astris]
1104 2487 1147 2519 Id
1160 2491 1227 2528 est,
1244 2486 1321 2518 Diis
1337 2486 1464 2519 Flaviae
1474 2488 1596 2529 gentis,
1608 2499 1678 2532 quo

973 2548 1072 2571 sensu
1088 2538 1289 2580 plerumque
1312 2537 1443 2569 ‘astra’
1465 2542 1502 2570 et
1520 2538 1679 2571 ‘sidera'

971 2590 1075 2622 sumit
1097 2589 1276 2631 Papinius,
1291 2594 1330 2622 nt
1344 2589 1495 2622 «vidimus
1514 2599 1618 2632 supra
1640 2599 1677 2623 v.

969 2644 1023 2673 55.
1067 2640 1168 2671 Mens
1198 2644 1337 2673 autem:
1360 2640 1491 2672 Omnes
1511 2641 1573 2672 Dii
1598 2641 1676 2674 Fla-

970 2691 1034 2725 viae
1050 2692 1161 2733 gentis
1174 2691 1290 2724 sedem
1305 2691 1446 2734 capient
1454 2691 1490 2724 in
1501 2692 1590 2725 colio
1604 2696 1678 2735 tuo,

969 2746 1008 2776 ut
1023 2746 1059 2775 te
1072 2742 1278 2775 osculentur.
