1800 3060
599 219 875 252 sanARtm
914 219 1005 249 mn.
1031 218 1084 248 ιι.
1112 208 1154 248 4.

149 317 322 368 Carcer,
341 321 386 358 et
410 316 586 369 angusti
604 327 823 370 nusquam
843 314 1045 357 convicia
1064 314 1186 356 tecti.

1515 205 1602 249 247

1540 312 1597 354 15

147 385 251 428 Huc
267 385 414 426 doctae
435 384 653 437 stipentur
672 395 792 432 aveS,
811 382 913 436 quis
935 382 1081 423 nobile
1098 380 1221 422 fandi

145 453 231 496 Jus
250 451 421 494 Natura
440 450 559 492 dedit
578 450 799 507 :plangat
818 447 1063 490 Phoebeius
1082 448 1176 490 ales
1194 461 1205 488 :

149 518 427 572 Auditasque
446 529 615 558 memor
633 516 810 570 penitus
829 515 1060 557 demittere
1080 527 1218 557 voces

146 587 349 635 sturnus,
368 590 413 626 et
433 583 581 626 Aonio
603 596 742 626 versae
765 583 1001 624 certamine
1022 583 1166 636 picae3

145 653 326 707 Quique
344 651 471 694 refert
483 651 675 706 jungens
697 652 854 692 iterata
872 650 1093 692 vocabula
1112 648 1269 703 perdix
1287 662 1300 700 3

144 721 203 763 Et
221 732 323 774 quae
340 719 544 761 Bistonio
565 717 758 772 queritur
776 729 902 758 soror
919 716 1030 758 orba
1049 716 1202 766 cubili,

147 788 274 830 Ferte
290 786 422 828 simul
440 786 646 839 gemitus,
668 788 944 837 cognataque
966 783 1113 824 ducite
1133 781 1325 823 flammis

145 854 335 903 Funera,
356 858 402 894 et
419 853 503 894 hoc
522 857 691 897 cunctae
713 851 1008 893 miserandum
1036 849 1251 891 addiscite
1271 860 1472 890 carmen:

145 920 357 964 Occtm'r
376 920 509 962 aeriae
531 920 810 962 celeberrima
829 919 971 972 gloria
990 918 1137 971 gentis

142 1026 227 1057 dicta
247 1025 282 1057 in
304 1028 393 1058 arcta
413 1034 516 1057 eavea.
560 1024 712 1066 Hucperi

141 1067 290 1108 senei-⁸
302 1068 454 1109 tomae-

707 1024 757 1055 '1oe
771 1024 906 1055 volucres
918 1023 1113 1062 conveniunt,
1128 1022 1237 1063 quibus
1250 1024 1363 1054 natura
1377 1020 1524 1054 concaui&
1539 1020 1586 1052 in·

498 1067 643 1099 Phoebeia
657 1067 725 1098 aris
739 1068 855 1106 lugeat,
867 1076 904 1097 uc
918 1069 1056 1102 sturnus,
1077 1066 1130 1106 qui
1142 1065 1238 1104 τρία-ί
1261 1064 1385 1096 omnino
1398 1063 1503 1102 cerba,
1517 1073 1586 1104 qua

141 1110 267 1151 didicit,
280 1121 317 1142 nc
328 1112 406 1151 picoe
420 1113 549 1142 nueaeoe
561 1110 671 1150 proelio
685 1110 799 1148 Aonio,
811 1112 842 1140 et
851 1109 979 1149 perdix,
1000 1108 1056 1149 qui
1070 1108 1183 1149 ,πρίω
1195 1107 1297 1138 reddit
1311 1108 1415 1138 eadem
1428 1105 1588 1143 uocabula,

140 1162 179 1184 ιι·
190 1162 288 1189 mor.
301 1163 371 1193 qnoe
382 1154 482 1193 gemit
495 1153 604 1184 orbata
618 1153 652 1183 in
667 1152 813 1184 Bistonio
827 1152 911 1183 nido.
954 1151 1090 1190 Jungite
1102 1151 1195 1182 simul
1206 1150 1355 1190 gemitu,
1377 1152 1408 1180 et
1427 1147 1538 1190 efferte
1552 1148 1589 1179 in

141 1205 250 1236 rogum
264 1196 383 1238 ψη·
397 1199 545 1236 neuram,
570 1198 601 1227 et
625 1204 728 1227 omnes
752 1194 862 1226 discite
885 1194 963 1225 lianc
979 1193 1119 1236 flebilem
1140 1193 1273 1224 neniam
1283 1203 1294 1224 :
1318 1191 1480 1223 Psittacus
1491 1191 1588 1232 periit

742 1280 781 1293 ‘O

146 1336 198 1367 vir
209 1335 268 1368 ille
282 1335 403 1368 doctus
414 1339 454 1368 ut
468 1336 502 1367 in
518 1338 712 1368 teum—15
739 1337 856 1368 Car-cer
877 1339 909 1368 et

917 1279 976 1292 m

1022 1335 1050 1367 ti
1065 1335 1099 1366 in
1114 1334 1227 1366 Parin.
1241 1337 1278 1365 et
1293 1332 1343 1364 ita
1355 1331 1391 1363 in
1410 1339 1472 1362 sna
1486 1328 1587 1362 editi-

141 1385 206 1410 one
221 1378 410 1411 Gronovius
426 1387 469 1410 ex
496 1377 642 1410 Amstel.
664 1389 808 1420 eumque
832 1379 939 1410 secuti
965 1383 1045 1410 sunt
1066 1377 1184 1409 Barth.
1208 1381 1244 1408 et
1267 1376 1462 1406 vam—is
1484 1373 1586 1404 Rom.

139 1420 280 1453 Venett.
293 1420 396 1453 Aldd.
411 1421 523 1455 Colin.
548 1421 682 1462 Gryph.
705 1422 795 1460 aliae,
809 1422 987 1453 dimittere.-
1012 1421 1163 1452 Gronov.
1187 1418 1309 1450 Barth.
1332 1417 1442 1448 Veen.
1456 1415 1583 1456 Delpb.

139 1464 204 1495 διο.
216 1463 473 1495 demittere—19
497 1465 507 1481 ‘
519 1463 667 1495 Omnino
683 1463 878 1505 legendnm,
892 1464 984 1495 εἰσίω
1005 1463 1173 1494 certamine
1187 1472 1198 1498 ‚·
1215 1470 1282 1493 non
1300 1460 1389 1492 enim
1405 1457 1586 1490 verteban-

141 1510 197 1537 tur
219 1506 416 1546 certamine,
429 1505 488 1538 sed
506 1505 754 1538 vincebantur!
780 1507 899 1538 Man-kl.
944 1505 1048 1538 ovid.
1072 1505 1161 1537 Met.
1179 1514 1214 1536 v.
1229 1506 1306 1535 300.
1326 1503 1414 1534 Met.
1430 1509 1516 1532 ¹111.
1532 1503 1584 1532 19.

141 1547 386 1580 Noster'l'beb.
398 1557 481 1580 viu.
495 1551 571 1580 615.
583 1548 687 1580 Ovid.
703 1549 847 1580 Heroid.
864 1557 943 1580 xvr.
958 1551 1033 1580 359.
1049 1553 1083 1579 et
1097 1548 1185 1579 Met.
1202 1555 1252 1578 vr.
1267 1547 1412 1578 91.-20
1423 1544 1487 1574 Vir
1501 1542 1583 1574 doc·

140 1594 196 1622 tua
217 1590 365 1624 Jacobus
379 1591 646 1631 Deleehampius
662 1591 706 1623 ad
723 1591 815 1622 Plin.
833 1591 878 1623 N.
894 1591 940 1622 H.
956 1599 991 1623 x.
1008 1593 1061 1623 12.
1076 1590 1163 1621 citat
1178 1589 1210 1620 b.
1225 1598 1272 1620 vs.
1285 1593 1322 1618 nt
1338 1586 1459 1628 probet
1474 1585 1584 1617 corni-

141 1641 202 1675 ces
220 1633 357 1667 vocales
382 1642 457 1665 esse
472 1644 482 1665 ι
516 1634 636 1673 Quique
664 1633 762 1672 refert
768 1634 906 1674 jungens
932 1634 1048 1665 iterata
1072 1631 1217 1663 vocabula
1242 1630 1371 1662 cornix.-
1403 1628 1583 1660 Memoria

141 1677 270 1708 errore.
314 1674 404 1707 Vide
432 1680 545 1707 tamen
571 1676 695 1707 erroris
721 1676 984 1708 inconstantiam
1000 1687 1007 1705 :
1029 1675 1157 1716 quippe
1184 1673 1226 1705 ad
1250 1683 1326 1714 cap.
1350 1674 1405 1703 42.
1431 1670 1583 1711 ejusdem

141 1717 235 1754 libri,
246 1717 333 1750 bunc
348 1717 458 1758 ipsum
474 1727 608 1750 versum
623 1716 760 1750 adducit
784 1724 823 1750 ut
839 1719 961 1760 probet
976 1718 1132 1759 perdices
1149 1716 1282 1748 vocales
1300 1724 1387 1746 esse.
1430 1714 1440 1731 ‘
1454 1713 1584 1744 Inscite

139 1759 192 1791 M.
203 1759 286 1792 Ant.
301 1759 490 1793 Sabellicus
502 1765 538 1793 et
554 1761 613 1793 alii
626 1759 666 1792 τὸ
676 1761 791 1803 perdix
801 1761 880 1793 binc
896 1761 1095 1800 exturbant,
1110 1760 1221 1791 cornix
1237 1757 1445 1790 substituto:
1466 1756 1582 1788 Barth.

785 1834 930 1867 NOTAE

152 1903 162 1910 ”
181 1900 222 1930 15
240 1897 390 1929 Convicia
404 1897 496 1939 tecti]
511 1897 679 1939 Apuleius
694 1898 768 1930 loco
778 1898 827 1929 ci-

138 1950 214 1979 tato
228 1947 272 1978 de
286 1947 445 1979 Psittaco
464 1948 608 1980 scribit:
630 1949 641 1966 ‘
653 1948 689 1980 Si
714 1949 827 1980 convi-

137 1997 191 2028 cia
201 1997 368 2037 docueris,
382 1997 638 2039 convitiabitur,
654 1998 773 2030 diebus
788 2008 827 2030 ac

137 2046 297 2078 noctibus
306 2051 526 2088 perstrepens
539 2048 743 2079 maledictis:
763 2048 828 2080 hoc

137 2096 189 2127 illi
214 2105 350 2128 carmen
377 2101 444 2136 est,
471 2097 558 2129 hanc
581 2102 682 2138 putat
702 2098 830 2129 cantio-

140 2154 238 2186 nem;
259 2146 318 2178 nbi
340 2147 452 2178 omnia
469 2157 544 2188 quae
567 2147 703 2188 didicit,
722 2149 827 2180 male·

136 2195 230 2227 dicta
254 2197 459 2237 percensuit,
471 2197 581 2229 denuo
605 2198 733 2239 repetit
746 2207 826 2230 ean·

137 2245 215 2277 dem
228 2245 459 2277 cantilenam:

181 2297 224 2326 16
244 2294 354 2326 Docte
366 2294 453 2335 aces]
475 2295 636 2337 Vocales,
658 2306 733 2338 quae
754 2297 826 2328 imi-

135 2348 253 2376 tantur
266 2353 383 2376 vocem
397 2345 588 2379 humanam.

179 2397 219 2427 17
241 2394 406 2426 Pfioebeius
426 2395 504 2436 ales]
526 2396 654 2427 Corvus
679 2395 830 2438 Apollini

135 2453 198 2477 seu
210 2444 341 2477 Pboebo
354 2455 464 2485 sacer,
478 2446 602 2477 vocalis
619 2446 700 2478 avis.
738 2447 827 2478 Vide

135 2493 284 2526 Plinium
297 2493 356 2526 lib.
368 2502 490 2536 x.cap.
505 2498 559 2526 23.

178 2546 219 2576 19
240 2545 387 2586 δίη-πω]
406 2545 453 2576 Et
466 2545 520 2576 bic
533 2545 623 2576 inter
634 2555 714 2577 aves
727 2555 826 2578 voca·

134 2596 199 2628 les.
239 2595 329 2628 Vide
355 2596 503 2628 Plinium
532 2596 590 2628 lib.
614 2605 653 2628 x.
677 2606 754 2638 cap.
772 2599 826 2630 42.

136 2647 235 2678 Δοιίο
260 2656 358 2680 oersoe
394 2646 559 2679 certamine
591 2648 687 2688 picoe]
726 2649 825 2680 Filiae

137 2696 244 2728 Pierii
265 2697 374 2738 reguli
394 2697 622 2734 Macedonia’¹
648 2699 691 2730 ad
714 2704 825 2731 certa·

136 2755 215 2778 taen
236 2750 353 2779 cantus
371 2747 490 2779 Musas
514 2756 701 2789 provocare
724 2758 827 2789 ausae,

882 1898 1066 1939 victaeque,
1110 1898 1145 1929 in
1181 1896 1274 1938 picas
1310 1899 1450 1927 mutate
1487 1898 1581 1925 sunt.

881 1947 998 1987 Aonio]
1020 1948 1187 1979 Boeotico.
1230 1947 1341 1978 Musae
1356 1946 1447 1978 enirn
1462 1943 1580 1976 sedem

881 1997 1057 2028 habebant
1066 1997 1100 2028 in
1113 1997 1282 2029 Helicone
1291 2000 1407 2028 monte
1419 1994 1579 2034 Boeotiae,

881 2059 956 2091 quae
974 2049 1068 2091 prius
1097 2050 1107 2068 ‘
1121 2049 1251 2081 Aonia’
1275 2048 1474 2081 vocabatur.

922 2102 965 2132 20
979 2099 1113 2140 Perdix]
1132 2100 1247 2131 Etiam
1259 2099 1314 2131 bic
1329 2099 1468 2140 vocalis,
1482 2099 1579 2130 testi-

879 2150 943 2182 bus
958 2150 1145 2182 Plutarcho
1156 2150 1192 2181 in
1201 2150 1321 2190 Symp.
1333 2154 1369 2181 et
1383 2148 1574 2181 Athenaeo:

878 2204 915 2231 et
941 2199 1067 2232 dicitur
1085 2198 1284 2239 κακκαβίζειν
1308 2198 1502 2238 Aristoteli,
1516 2207 1579 2230 un-

878 2249 922 2281 de
934 2255 1050 2291 potest
1064 2250 1133 2282 dici
1158 2251 1168 2267 ‘
1185 2254 1344 2290 repetere
1361 2248 1490 2280 verba!

920 2305 961 2333 21
984 2302 1147 2342 Bistonio]
1172 2301 1330 2336 Thracio,
1344 2310 1365 2331 a
1379 2300 1576 2333 Bistonibns

879 2357 982 2390 gente
996 2351 1161 2382 Thraciae.
1197 2350 1295 2381 Soror
1307 2349 1396 2391 orba]
1417 2350 1576 2382 Procnen

879 2401 1043 2441 intelligit
1063 2401 1260 2432 Philomelae
1284 2409 1446 2440 sororem,
1476 2410 1576 2442 qnam

878 2451 982 2492 aliqui
1007 2450 1207 2482 Graecornm
1229 2449 1265 2481 in
1294 2450 1469 2482 lusciniam
1497 2459 1578 2482 con-

878 2509 1012 2538 versam
1035 2498 1201 2531 referunt.
1246 2499 1302 2530 De
1316 2499 1468 2531 lusciniae
1491 2509 1575 2531 vero

878 2550 1054 2582 docilitate
1078 2549 1246 2582 videndus
1282 2549 1415 2582 Plinius
1444 2549 1505 2581 lib.
1535 2558 1574 2581 x.

877 2612 953 2643 cap.
968 2604 1022 2633 20.

920 2654 962 2683 24
982 2650 1089 2684 Δὲνία
1100 2650 1221 2692 gentis]
1236 2650 1328 2683 Aves
1340 2650 1429 2683 euim
1444 2650 1479 2682 in
1493 2649 1573 2683 aete

879 2702 1007 2734 vivunt.
