1800 3060
151 209 239 251 566

651 217 694 248 P.
728 215 922 246 ΡΑΡΙΝΙῙ
956 216 1121 247 ΒΤΑΊῚΙ

151 314 349 356 Verbera
368 312 588 356 succincti
608 311 904 354 formidavere
924 311 1131 367 Luperci.

145 428 207 471 filo
234 429 341 460 laneo.-
364 431 395 460 et
420 427 496 460 nudi
521 427 658 469 Luperci
675 427 765 460 valde
781 426 952 459 timuerunt
966 429 1022 459 tun
1038 426 1184 469 flagella.

1233 427 1277 460 Et
1299 436 1379 459 nunc
1392 427 1483 467 sorte
1503 437 1543 459 ex
1563 426 1620 459 illa

759 520 877 534 &eone
882 519 1002 533 meet

155 588 322 621 Heinsius
339 589 383 621 ad
397 588 502 622 Ovid.
519 589 612 621 Fast.
630 598 662 622 v.
680 591 755 621 102.
769 593 807 621 et
821 589 855 620 in
865 587 1013 620 Advers.
1029 586 1088 620 lib.
1104 596 1153 620 iv.
1169 597 1246 629 cap.
1261 589 1294 619 4.
1311 597 1346 628 p.
1362 589 1440 619 589.
1457 586 1595 628 conjicit
1609 597 1620 620 ε

799 673 940 708 No'rAE

155 739 208 771 nis
236 738 322 771 ritus
349 748 521 771 sacrorum
548 739 693 779 invecti,
723 743 761 771 et
785 738 865 781 quia

156 791 280 823 AEueas
301 791 474 833 Phrygius
500 797 608 833 caput
634 792 750 823 velare
772 791 865 823 inter

156 842 421 875 sacrificandum
455 843 632 881 instituit;
665 841 757 874 unde
791 852 863 874 mos

156 893 330 931 inductus,
349 898 387 924 ut
401 891 555 924 flamines
572 892 631 924 filo
646 892 746 924 laneo
758 897 865 933 caput

155 943 370 975 redimirent.
409 942 518 975 Lanea
531 943 631 984 corna]
648 943 751 975 Coma
766 943 864 975 laneo

156 993 214 1026 filo
237 993 409 1026 redimita.
446 994 494 1025 Et
506 997 562 1026 tua
577 995 708 1026 multum
728 993 865 1026 Verbera

154 1044 307 1094 succincti
321 1043 535 1082 formidavere
551 1044 701 1086 Luperci]
731 1045 773 1076 Id
796 1050 863 1086 est,

156 1096 321 1137 Luperci,
352 1095 412 1138 qui
436 1096 605 1128 succincti
633 1097 783 1138 pellibus
809 1107 863 1128 so-

156 1147 231 1178 lent
259 1155 414 1187 currere,
448 1146 636 1188 obviosque
666 1145 863 1187 verberare,

157 1198 350 1229 timuerunt
366 1201 425 1229 tua
441 1197 599 1237 verbera,
623 1196 704 1229 dum
730 1207 788 1230 eos
803 1198 864 1230 do-

157 1248 273 1280 eebas.
319 1248 472 1288 Luperci
488 1258 568 1279 vero
584 1252 684 1280 eraut
707 1247 790 1280 nudi
810 1249 867 1281 bo-

157 1300 280 1337 mines‚
305 1298 363 1341 qui
379 1298 413 1330 in
429 1299 676 1340 Lupercalibus
693 1298 865 1331 discurre-

96 1350 100 1353 ’
158 1349 245 1381 bant
261 1359 321 1390 per
338 1348 470 1390 urbem,
493 1354 531 1381 et
556 1350 675 1382 obvios
701 1360 866 1392 quosque,

159 1399 351 1442 praesertim
374 1398 545 1438 foeminas,
565 1400 706 1432 scuticis
729 1410 773 1431 ex
800 1400 867 1432 dis-

159 1451 264 1484 sectis
302 1451 450 1493 pellibus
481 1450 582 1483 factis
616 1451 866 1483 verberabant:

160 1500 370 1543 inductaque
385 1501 515 1543 opinio,
538 1501 716 1534 mulierem
737 1501 867 1534 foecun-

160 1553 237 1598 dam
266 1552 379 1592 reddi,
401 1553 429 1584 si
457 1553 524 1585 illis
550 1553 770 1586 currentibus
794 1555 867 1595 pal-

159 1613 233 1635 mas
254 1603 449 1644 obtulisset,
471 1608 507 1636 et
527 1613 644 1637 eorum
665 1604 867 1637 verberibus

161 1663 327 1696 percussa
356 1653 487 1686 fuisset.
534 1654 637 1687 Unde
665 1655 867 1689 Juvenalis:

161 1697 265 1737 ‘'Nec
287 1704 369 1747 agili
393 1705 536 1747 prodest
561 1706 690 1747 palmas
710 1706 868 1749 praebere

161 1754 348 1798 Luperco!
377 1755 525 1789 Ovidius
540 1756 633 1789 Fast.
650 1766 693 1790 11.
711 1757 722 1775 ‘
736 1758 868 1800 Nupta,

160 1806 242 1849 quid
273 1807 466 1848 expectas?
492 1817 560 1839 non
590 1811 628 1840 tu
658 1809 869 1850 pollentibus

161 1858 290 1898 herbis,
314 1859 390 1891 Nec
414 1869 533 1901 prece,
556 1869 622 1892 nec
644 1861 778 1902 magico
795 1871 868 1893 car-

161 1909 255 1941 mine
281 1913 389 1941 mater
415 1910 494 1942 eris.
537 1909 672 1952 Excipe
699 1910 868 1943 foecundae

161 1959 336 2001 patienter
350 1959 496 1992 verbera
516 1959 665 2000 dextrae,
677 1960 700 1994 J
704 1970 757 1992 am
772 1971 870 1993 socer

161 2013 318 2052 optatum
332 2020 455 2041 nomen
471 2010 609 2042 habebit
622 2010 703 2042 avi:
733 2012 787 2042 De
803 2012 870 2043 Lu-

162 2060 352 2102 percalium
387 2060 518 2102 origine
551 2070 619 2092 uon
649 2062 872 2094 consentiunt

162 2114 332 2143 auctores.
376 2111 556 2151 Nonnulli,
582 2117 621 2143 ut
647 2111 871 2155 Plutarchus,

163 2162 369 2204 Dionysius,
383 2162 515 2202 Livius,
526 2162 570 2194 ab
586 2162 750 2196 Evandro
766 2164 872 2196 allata

163 2215 200 2247 in
227 2213 363 2246 Italiam
390 2213 466 2245 haec
482 2222 580 2245 sacra
597 2212 762 2247 referunt.
805 2215 875 2247 Va-

163 2265 269 2296 lerius
292 2264 464 2296 Maximus
490 2264 651 2296 instituta
672 2274 692 2296 a
727 2265 872 2297 Romulo

166 2317 359 2359 Remoque‚
375 2320 517 2358 propter
533 2315 649 2347 datam
669 2315 734 2348 sibi
758 2323 872 2357 potes-

166 2374 276 2401 tatem
305 2368 348 2400 ab
376 2378 440 2400 avo
471 2368 654 2400 Numitore
681 2368 872 2401 condendae

166 2419 258 2451 urbis
286 2419 319 2450 in
351 2418 513 2450 Palatino
544 2424 673 2451 moute.
725 2419 872 2452 Ovidius

166 2479 250 2502 vero
272 2470 306 2501 in
324 2469 435 2501 Fastis
457 2469 543 2501 dicit
560 2470 730 2502 Romanos
747 2479 873 2502 memo-

167 2530 221 2553 res
242 2520 399 2552 beneficii
424 2520 489 2553 sibi
515 2521 664 2564 praestiti
690 2532 710 2553 a
733 2522 815 2563 lupa
838 2522 873 2553 in

167 2569 299 2602 alendis
314 2568 503 2602 infantibus
522 2571 668 2603 Romulo
690 2576 727 2603 et
751 2573 872 2612 Remo,

168 2620 334 2662 templum
349 2619 400 2652 illi
415 2620 611 2654 condidisse
626 2622 668 2654 ad
685 2621 785 2654 ficum
799 2623 872 2654 Ru-

168 2672 339 2713 minalem,
365 2671 456 2714 quod
483 2677 536 2703 est
563 2674 773 2714 appellatum
803 2674 871 2706 Lu-

171 2724 296 2763 percal.
339 2721 397 2754 Sic
413 2722 504 2754 enim
520 2723 568 2754 ait
582 2734 590 2754 ε
615 2725 625 2741 ‘
639 2724 705 2756 Illa
721 2725 796 2756 loco
812 2734 873 2756 no·

169 2782 247 2805 men
264 2772 360 2816 fecit,
373 2773 467 2805 locus
483 2771 557 2815 ipse
574 2773 751 2815 Lupercal.
774 2775 872 2817 Mag·

917 747 963 769 ua
987 737 1061 769 dati
1088 737 1203 769 nutrix
1220 737 1360 779 praemia
1374 737 1473 769 lactis
1491 736 1623 770 habet!

917 788 1052 828 Templi
1076 787 1176 829 hujus
1200 787 1397 820 sacerdotes
1419 787 1623 820 dicebantur

920 838 1071 879 Luperci
1087 842 1227 870 auctore
1242 838 1413 878 Varrone,
1436 842 1472 869 et
1492 838 1622 870 discur-

918 890 1041 921 rebant
1055 899 1118 930 per
1132 889 1224 921 vicos
1237 894 1272 920 et
1285 889 1446 930 compita,
1457 899 1499 920 eo
1510 889 1625 929 modo,

919 950 986 983 quo
1001 940 1158 972 diximus.
1195 940 1297 971 Unde
1313 946 1349 972 et
1373 940 1383 957 ‘
1394 939 1526 981 Crepos
1538 938 1547 952 '
1566 949 1622 970 vo-

917 995 976 1022 cat
1003 991 1126 1023 Festus
1152 1000 1172 1023 a
1200 990 1336 1032 crepitu
1374 989 1622 1031 pelliculas-um.

918 1041 989 1074 Sed
1019 1047 1147 1083 praeter
1182 1041 1400 1082 Sacerdotes,
1436 1041 1624 1074 currebant

918 1093 977 1135 qui
987 1093 1163 1133 volebant,
1174 1098 1243 1125 tam
1253 1092 1329 1133 viri,
1338 1102 1440 1134 quam
1450 1092 1624 1134 mulieres,

919 1149 958 1176 ut
973 1144 1016 1176 de
1033 1143 1185 1176 Antonio
1207 1143 1329 1176 scribit
1351 1143 1561 1176 Plutarchus
1587 1143 1622 1176 in

919 1196 995 1237 ejus
1010 1196 1093 1228 vita.
1139 1195 1218 1227 Hoc
1232 1194 1359 1227 festum
1374 1194 1544 1236 agebatur
1558 1201 1623 1227 xv.

919 1245 1002 1279 Kal.
1028 1246 1136 1279 Mart.
1164 1254 1350 1288 eorumque
1373 1245 1464 1277 diem
1489 1243 1625 1278 februa-

922 1304 991 1332 tam
1007 1305 1142 1332 veteres
1160 1299 1334 1332 dixerunt.
1362 1299 1408 1331 Et
1421 1299 1626 1339 Lupercalia

921 1351 1047 1382 stativa
1073 1355 1184 1390 erant,
1210 1353 1249 1382 ut
1273 1349 1454 1391 Agonalia,
1479 1353 1516 1381 et
1544 1348 1626 1381 Car-

921 1401 1097 1441 mentalia,
1132 1405 1223 1434 teste
1253 1399 1444 1433 Macrobio.
1504 1399 1627 1431 Plures

921 1458 1036 1484 autem
1047 1456 1144 1483 erant
1155 1452 1391 1493 Lupercorum
1403 1449 1605 1482 sodalitates
1616 1460 1626 1482 ε

921 1512 990 1534 uua
1005 1502 1203 1542 Fabiorum,
1225 1501 1293 1534 alia
1307 1500 1568 1542 Quintiliorum,
1593 1504 1630 1533 et

923 1554 972 1586 bae
988 1554 1233 1595 antiquissimae
1249 1564 1258 1584 :
1284 1551 1409 1592 addita,
1425 1556 1545 1593 postea
1565 1551 1628 1584 Ju-

922 1605 1041 1636 liorum
1066 1615 1086 1636 a
1106 1604 1201 1637 Julio
1218 1604 1371 1643 Caesare,
1394 1608 1432 1635 ut
1454 1602 1629 1644 colligitur

922 1667 966 1689 ex
980 1657 1095 1689 Dione
1112 1656 1171 1688 lib.
1188 1665 1283 1688 κων.
1326 1656 1377 1687 Ea
1396 1664 1495 1687 sacra
1511 1654 1628 1697 paula-

922 1708 984 1740 tim
1000 1707 1130 1739 abolita
1145 1707 1297 1739 restituit
1312 1705 1504 1748 Augustus,
1517 1710 1556 1738 ut
1570 1706 1628 1738 ha-

923 1757 1025 1790 betur
1051 1757 1140 1799 apud
1166 1757 1379 1789 Suetonium.
1422 1757 1629 1790 Manserunt

923 1818 1031 1850 usque
1047 1808 1091 1840 ad
1108 1814 1265 1849 tempora
1280 1806 1454 1840 Anastasii
1476 1808 1631 1850 Impera·

924 1859 1020 1900 toris,
1031 1857 1249 1890 Theodorico
1263 1857 1383 1889 Amalo
1393 1857 1426 1889 iu
1440 1857 1542 1889 Italia
1554 1867 1630 1899 reg-

924 1914 1042 1949 nante,
1065 1914 1102 1941 ut
1117 1914 1264 1941 testatur
1280 1908 1479 1950 Onnpbrius
1502 1909 1629 1941 Panvi-

923 1961 1012 1992 nius.
1056 1960 1121 1991 His
1136 1959 1240 1991 sacris
1256 1959 1350 1991 cauis
1373 1959 1628 1999 immolabatur,

925 2010 979 2042 vel
990 2009 1198 2051 expiationis
1214 2009 1338 2051 gratia,
1353 2007 1444 2050 quod
1461 2018 1482 2040 a
1492 2008 1628 2042 Graecis

923 2071 1025 2093 canes
1050 2060 1299 2093 adhiberentur
1324 2060 1367 2092 ad
1395 2059 1635 2102 expiandum3

925 2113 980 2145 vel
998 2113 1031 2144 in
1058 2112 1202 2154 gratiam
1229 2112 1333 2153 lupae,
1355 2121 1432 2153 quae
1448 2121 1628 2143 mammam
1690 2149 1693 2153 ‚

926 2163 1121 2204 praebuerat
1136 2162 1282 2193 Romulo
1299 2165 1334 2193 et
1348 2160 1480 2201 Remo;
1501 2161 1557 2193 vel
1572 2161 1630 2194 de-

926 2214 1026 2256 nique
1051 2212 1143 2256 quod
1171 2211 1376 2244 sacrificium
1400 2211 1501 2244 fieret
1525 2211 1631 2253 Puni,

926 2265 981 2297 cui
1005 2268 1148 2305 propter
1171 2272 1293 2304 greges
1309 2262 1404 2294 canis
1418 2263 1547 2295 amicus
1562 2269 1631 2307 est,

925 2315 1029 2357 hique
1044 2314 1114 2346 ludi
1129 2313 1315 2355 Lupercales
1329 2312 1415 2345 dicti
1430 2318 1522 2355 suut,
1536 2315 1628 2356 qnod

926 2367 989 2398 hoc
1005 2365 1174 2402 sacrificio
1189 2365 1288 2406 lupos
1300 2362 1491 2397 credebant
1503 2365 1548 2397 ab
1560 2367 1630 2401 ovi-

927 2417 989 2450 bus
1014 2416 1137 2448 arceri.
1179 2415 1319 2448 Servius
1344 2414 1430 2447 dicit
1455 2416 1629 2458 Lupercal

926 2468 1030 2500 fuisse
1045 2469 1243 2510 speluncam
1258 2466 1320 2498 sub
1330 2470 1443 2499 monte
1456 2467 1629 2504 Palatino.

926 2520 960 2551 in
977 2530 1043 2562 qua
1057 2528 1161 2560 capro
1182 2517 1353 2550 luebatur.
1396 2518 1465 2549 Pro
1478 2518 1629 2550 accinti

928 2580 1022 2610 vero,
1055 2569 1173 2602 forsan
1203 2569 1384 2610 legendum
1413 2568 1556 2608 cinctuti,
1588 2574 1629 2602 ut

926 2621 1017 2663 apud
1043 2621 1208 2653 Ovidium
1234 2620 1328 2652 Fast.
1345 2629 1378 2652 v.
1401 2621 1474 2650 1⁰1.
1498 2618 1629 2652 ‘Semi-

925 2681 1032 2712 caper
1047 2671 1170 2703 coleris
1185 2669 1348 2701 cinctutis
1364 2669 1479 2701 Fauue
1496 2669 1629 2711 Luper-

926 2722 994 2761 cis;
1030 2721 1114 2753 Cum
1146 2721 1294 2752 lustrant
1318 2718 1474 2751 celebres
1501 2720 1629 2754 vellera

925 2777 1019 2806 secta
1036 2770 1130 2804 vias!
