1800 3060
224 198 311 241 458

722 208 764 239 Ρ.
798 207 909 239 PAPI
919 208 988 239 NIl
1023 207 1186 239 STATII

227 304 470 358 Majestas!
504 304 627 345 Deus
650 303 741 354 ille,
769 303 921 354 Deus3
956 316 1140 358 seseque
1163 303 1397 345 videndum

226 372 437 422 Indulsit,
458 371 671 426 Lysippe,
693 372 788 422 tibi,
809 384 1060 425 parvusque
1081 371 1218 413 videri

226 440 478 494 Sentirique
501 440 674 492 ingens:
704 443 750 480 et
770 452 869 480 cum
889 438 1104 479 mirabilis
1123 438 1239 480 intra

226 508 321 550 Stet
340 520 544 550 mensura
563 500 737 561 pedem,
759 512 910 548 tamen
931 507 1183 548 exclamare
1203 507 1377 557 libebit,

223 574 298 630 (Si
319 577 442 618 visus
464 589 541 629 per
559 576 756 626 membra
775 572 934 628 seras,)
955 575 1065 616 Hoc
1087 581 1268 629 pectore
1287 587 1471 630 pressus

1627 575 1684 615 40

224 642 444 686 Vastator
466 643 509 684 N
513 656 688 695 emees3
718 644 814 685 haec
834 643 1018 685 exitiale
1038 643 1234 685 ferebant

225 711 402 762 Robur,
423 715 464 752 et
485 710 659 765 Argoos
678 711 937 765 frangebant
955 711 1138 754 brachia
1156 724 1320 754 remos,

227 780 333 822 Hoc
354 780 519 834 spatio,
540 783 631 821 tam
651 793 825 833 magna,
846 780 985 830 brevi,
1006 779 1240 821 mendacia
1257 780 1437 822 formae!

227 845 344 900 Quis
362 847 523 889 modus
542 848 589 888 in
611 847 785 899 dextra,
807 853 976 902 quanta
996 848 1269 902 experientia
1285 848 1411 893 docti

224 1002 336 1024 minos.

224 1036 362 1076 videtur,
374 1038 427 1068 sed
441 1037 576 1069 sentitur
590 1047 732 1077 magnus.

383 993 473 1025 Deus
495 993 560 1033 ille,
586 994 674 1026 Deus
685 996 743 1034 est,
758 1000 790 1025 et
814 1003 880 1025 sese
894 993 954 1025 tibi
965 993 1101 1034 proebuit
1118 996 1330 1035 spectandum,
1345 995 1493 1038 Lysippe.
1538 996 1687 1035 Exiguus
1725 998 1728 1000 ’

776 1037 822 1069 Et
837 1037 908 1068 licet
924 1037 1077 1068 mirabilis
1090 1048 1234 1070 mensura
1246 1039 1395 1070 restricta
1407 1041 1452 1070 sit
1470 1039 1557 1070 intra
1567 1040 1686 1079 pedem,

226 1082 330 1110 tamen
341 1079 449 1112 libebit
461 1081 648 1119 exclamare,
659 1080 704 1122 (si
718 1080 814 1111 oculis
829 1079 895 1118 ejus
909 1083 998 1112 artus
1010 1079 1210 1122 perlustres‚)
1222 1083 1387 1122 populator
1403 1083 1534 1114 Nemeee
1547 1082 1603 1113 hoc
1618 1091 1687 1123 pec-

225 1125 293 1153 tore
305 1123 402 1154 elisus
415 1126 460 1155 est
472 1135 483 1155 .·
506 1123 540 1154 hi
563 1123 673 1155 lacerti
692 1123 843 1162 gerebant
866 1123 1033 1155 exitiosam
1054 1124 1184 1163 clavam,
1199 1128 1230 1155 et
1244 1125 1427 1166 rumpebant
1440 1135 1540 1157 remos
1554 1135 1623 1156 cum
1636 1134 1686 1156 re-

225 1165 383 1205 migarent
398 1166 432 1197 in
447 1176 525 1198 nave
537 1165 639 1206 Argo.
684 1166 759 1197 Hac
774 1170 839 1198 tam
858 1175 957 1206 parva
983 1176 1126 1198 mensura
1152 1168 1255 1199 vultus
1277 1171 1342 1199 lam
1367 1168 1446 1199 mire
1467 1167 1657 1208 exprimitur
1671 1165 1687 1198 Ι

228 1208 309 1243 Quis
324 1210 430 1241 modus
443 1210 476 1241 in
492 1219 596 1247 manu,
612 1219 680 1250 quoe
695 1209 890 1250 experientia
905 1208 1061 1241 laboribus
1082 1210 1167 1242 docti
1189 1209 1335 1253 artificis,
1356 1212 1461 1243 eodem
1475 1209 1687 1252 temporefor-

847 1315 1089 1328 &meme

225 1385 312 1414 -39
334 1381 406 1414 Stet
431 1391 574 1414 mensura
599 1383 711 1422 pedum
736 1382 953 1421 Parmensis;
978 1387 1013 1414 et
1035 1383 1085 1414 ita
1106 1382 1247 1423 legebat
1262 1383 1532 1416 Domitius.—40
1555 1383 1686 1415 Eadem

227 1425 334 1458 editio
351 1435 414 1467 pro
433 1424 525 1463 feras
547 1425 686 1457 exhibet
704 1425 893 1464 fores.—42
915 1425 1046 1457 Eadem
1058 1425 1235 1465 frangebat
1250 1436 1311 1469 pro
1318 1426 1610 1468 frangebant.—43
1633 1428 1686 1458 An

884 1513 1024 1546 NOTAE

267 1591 311 1620 36
326 1588 459 1630 Seseque
474 1589 636 1621 videndum
650 1588 801 1630 Indulsit,
820 1588 932 1631 Lysip-

221 1650 273 1680 pe,
286 1639 359 1680 tibi]
371 1639 426 1670 Sic
442 1638 622 1680 Philippus
639 1639 933 1680 Epigrammatum

224 1690 375 1732 scriptor
416 1690 450 1721 in
477 1690 612 1731 signum
642 1689 742 1722 Jovis
778 1689 931 1732 Olympii

226 1743 368 1776 Anthol.
385 1743 486 1784 Epig.
506 1743 548 1774 T.
568 1753 610 1775 11.
649 1742 692 1774 *Η
705 1743 782 1776 Θεὸς
795 1743 864 1782 ἦλθ’
881 1743 931 1775 ἐπὶ

225 1797 287 1835 ’γῆν
309 1795 342 1835 ἐξ
352 1795 478 1836 οὐρανοῦ
502 1793 603 1826 εἰκόνα
626 1795 741 1835 δείξων,
769 1794 881 1835 Φειδία,
910 1794 931 1833 ἢ

229 1845 270 1878 σύ
284 1845 318 1886 γ’
335 1844 411 1884 ἔβης
424 1846 480 1877 τὸν
493 1845 571 1877 Θεὸν
585 1845 746 1886 ὀψόμενος.
778 1847 844 1878 Aut
862 1847 930 1878 De·

223 1906 260 1928 us
275 1897 432 1928 descendit
447 1907 464 1928 e
479 1898 565 1938 coelo,
585 1900 621 1928 ut
635 1907 668 1928 se
689 1897 749 1928 tibi
765 1897 930 1928 videndum

223 1948 391 1989 praeberet,
412 1948 544 1988 Phidia,
568 1951 624 1978 aul
650 1951 686 1978 tu
703 1947 870 1978 ascendisti
895 1948 929 1979 in

223 1999 343 2038 coelum,
379 2002 414 2029 ut
444 1998 549 2029 Deum
582 1998 743 2038 aspiceres.
790 1998 845 2029 Sic
871 2007 929 2029 ve-

223 2054 279 2081 tus
310 2048 521 2090 epigramma
562 2047 725 2080 Graecum
755 2048 790 2079 in
817 2049 931 2080 Vene-

223 2110 298 2132 rem
321 2099 478 2131 Cnidiam
502 2098 715 2131 Praxitelis:
750 2098 787 2130 ‘A
817 2097 933 2141 Κύπρις

222 2152 281 2183 τὰν
307 2149 422 2192 Κύπριν
444 2149 488 2182 ἐνὶ
505 2148 605 2190 Κνίδῳ
619 2148 703 2182 εἶπεν
718 2148 837 2181 ἰδοῦσα·
860 2151 931 2191 Φεῦ,

225 2205 296 2245 φεῦ,
307 2204 367 2235 ποῦ
379 2202 499 2243 ’γυμνὴν
513 2200 575 2234 εἶδέ
586 2214 625 2242 με
635 2200 828 2244 Πραξιτέλης
841 2213 850 2242 ;
874 2202 931 2234 Sic

227 2255 406 2287 transtulit
435 2253 606 2285 Ausonius
640 2254 708 2294 Ep.
724 2261 798 2284 LVI.
849 2251 931 2284 Vera

228 2306 331 2338 Venus
342 2306 488 2338 Cnidiam
496 2314 566 2336 eum
574 2304 657 2336 vidit
669 2303 910 2345 Cypridmdixit
919 2314 929 2334 :

228 2356 347 2389 Vidisti
360 2357 474 2388 nudam
486 2365 545 2396 me,
557 2358 644 2396 puto,
661 2354 850 2385 Praxiteles.
873 2353 928 2384 De

223 2408 389 2449 Lysippo,
406 2407 485 2439 vide
501 2407 600 2448 Equo
613 2405 742 2437 Domit.

267 2461 308 2490 38
332 2458 513 2499 Sentirique
527 2456 652 2498 ingene]
670 2454 764 2487 Illud
779 2464 851 2496 que,
868 2463 929 2496 pro

224 2510 298 2550 sed,
310 2509 553 2549 'accipiendum
570 2512 621 2539 est
635 2507 706 2547 hic,
722 2505 757 2537 id
781 2510 847 2545 est,
875 2506 930 2536 sed

222 2561 337 2593 sentiri
356 2559 476 2600 ingens.
521 2558 687 2590 Notabile
712 2561 826 2588 autem
850 2565 925 2587 ver-

222 2612 304 2643 bum
329 2610 338 2628 ‘
353 2608 506 2650 sentire‚’
523 2609 566 2640 de
590 2609 643 2649 iis,
660 2608 730 2650 qui,
745 2612 784 2639 ut
797 2606 926 2638 Tullius

222 2662 271 2694 ait
286 2662 320 2694 in
336 2660 543 2700 Paradoxis‚
572 2659 725 2691 eruditos
739 2657 853 2690 oculos
867 2657 926 2688 ha-

1030 1592 1072 1622 40
1095 1590 1168 1622 Hoc
1179 1593 1303 1632 pectore
1316 1599 1438 1631 pressus
1457 1589 1604 1622 Vastalor
1620 1589 1686 1621 Ne-

986 1641 1223 1682 mees]1uhoc
1252 1641 1349 1683 signo
1372 1641 1535 1673 Herculis
1558 1640 1687 1672 descri-

985 1692 1100 1725 bendo
1124 1693 1218 1734 capit
1242 1691 1590 1731 occasionem-Poeta
1611 1701 1687 1723 nar·

986 1744 1082 1776 randi
1099 1744 1272 1785 praecipua
1296 1744 1386 1775 illius
1411 1742 1574 1775 facinora.
1620 1743 1687 1775 Hic

985 1799 1099 1827 autem
1136 1794 1297 1836 intelligit
1333 1795 1468 1826 leonem
1496 1794 1689 1833 Nemaeum,

986 1855 1087 1887 quern
1115 1845 1295 1878 suffocavit
1320 1845 1489 1877 Hercules
1525 1844 1687 1877 elidendo

984 1896 1077 1927 illum
1091 1895 1126 1927 in
1141 1905 1238 1927 suum
1255 1899 1388 1936 pectus.
1434 1895 1563 1927 Noster
1578 1895 1685 1926 Theb.

985 1955 1040 1978 vr.
1083 1946 1246 1977 ‘Primus
1275 1945 1490 1977 anhelantem
1514 1945 1600 1977 duro
1627 1946 1687 1977 Ti-

985 1997 1140 2038 rynthius
1163 2006 1290 2038 angens
1311 1996 1474 2029 Pectoris
1488 1997 1609 2028 attritu
1625 2006 1688 2028 sua

984 2047 1115 2089 frangit
1130 2048 1164 2079 in
1179 2057 1257 2079 ossa
1272 2046 1430 2080 leonem!
1463 2047 1536 2079 Hoc
1547 2047 1687 2088 pectore]

985 2099 1063 2131 Tali
1079 2100 1180 2141 quale
1197 2099 1262 2131 hoc
1279 2104 1344 2132 est.

1029 2153 1072 2182 42
1109 2149 1233 2191 Robur]
1269 2150 1421 2191 Clavam,
1449 2160 1550 2192 quam
1580 2150 1686 2182 etiam

986 2201 1153 2233 Geminus
1164 2200 1446 2242 epigrammatum
1463 2201 1614 2242 scriptor
1631 2210 1688 2232 vo·

984 2250 1194 2292 cat,'⁷r·rprou
1206 2249 1319 2291 με’-γαν,
1332 2260 1478 2290 magnum
1487 2261 1617 2282 ramum.
1642 2251 1688 2282 Et

982 2301 1107 2342 Argoos
1119 2301 1314 2341 frangebant
1329 2300 1456 2332 brachia
1470 2301 1585 2342 remo-⁹]
1599 2301 1688 2333 Tan-

983 2356 1019 2384 ta
1035 2351 1124 2384 enim
1143 2351 1174 2382 vi
1206 2349 1375 2382 Hercules
1401 2359 1531 2382 remum
1559 2351 1687 2392 agebat

981 2402 1017 2434 in
1030 2402 1108 2434 navi
1121 2401 1230 2443 Argo,
1244 2406 1285 2433 ut
1299 2401 1396 2433 illum
1412 2400 1599 2443 frangeret-

1024 2454 1066 2484 43
1090 2452 1162 2483 Hoc
1198 2451 1313 2493 spatio,
1341 2454 1408 2482 tam
1436 2461 1563 2492 magna,
1586 2452 1685 2491 brevi,

982 2501 1274 2542 mendaciaformoe]
1288 2501 1498 2533 Admirantis
1511 2506 1578 2541 est,
1593 2500 1686 2543 quod

981 2554 1015 2586 in
1046 2557 1115 2586 tam
1135 2562 1240 2594 parvo
1262 2553 1358 2593 signo
1375 2555 1471 2584 tanta
1497 2561 1687 2593 repraesen-

982 2608 1076 2637 tetur
1087 2602 1210 2643 forma,
1223 2606 1350 2645 quanta
1359 2606 1413 2634 est
1427 2602 1599 2634 Herculis.

1020 2657 1064 2687 44
1089 2653 1169 2691 Quis
1183 2653 1288 2685 modus
1299 2653 1333 2684 in
1357 2652 1483 2692 dextra,
1498 2655 1616 2693 quanta
1628 2662 1682 2685 ex-

221 2712 305 2744 bent
322 2712 355 2743 in
372 2710 572 2752 imaginibus
587 2709 808 2742 aestimandis.
843 2708 854 2725 ‘
867 2707 925 2740 In·
975 2705 1136 2748 perientia
1156 2702 1242 2735 docti
1261 2701 1420 2745 Artificis,
1448 2702 1520 2744 ξω]
1544 2704 1601 2735 De
1616 2704 1684 2745 Ly-

224 2762 391 2803 telligere’
407 2761 464 2794 alii
480 2760 612 2794 dicunt.

981 2757 1080 2799 sippo
1096 2753 1277 2797 praesignis
1294 2757 1347 2785 est
1369 2753 1552 2796 Posidippi
1567 2763 1685 2788 versus
