1800 3060
151 222 237 264 576
652 232 693 262 P.
727 232 919 268 primun
953 233 1119 265 s'rA'ru

154 329 245 370 Cur
264 326 375 368 nihil
394 331 566 377 exoret,
582 326 766 380 genitor,
787 327 939 383 chelys
955 332 1033 370 aut
1047 333 1128 370 tua
1150 328 1325 380 ManeS,

152 397 245 439 Aut
265 397 393 437 mea‘l
424 395 492 435 fas
513 394 621 435 mihi
642 395 704 436 sit
724 396 897 449 patrios
918 397 1167 450 contingere
1189 399 1353 449 vultus,

155 466 246 507 Fas
259 463 466 519 junxisse
487 476 660 514 manus,
677 468 723 504 et
741 463 818 504 lex
838 477 1129 518 quaecumque
1148 469 1374 519 sequatur.

154 533 219 575 At
238 545 318 574 vos
340 531 594 572 umbrarum
615 544 763 585 reges,
786 531 1045 586 Ennaeaque
1064 532 1095 575 J
1098 546 1201 583 uno,

149 602 222 657 (Si
242 599 467 642 laudanda
486 603 680 654 precor,)
700 599 843 642 taedas
863 600 1040 652 auferte,
1058 613 1300 656 comasque

152 668 444 711 Eumenidum
462 681 472 709 z
502 668 624 710 nullo
645 672 778 710 sonet
797 681 926 723 asper
935 667 1100 723 janitor
1120 681 1219 711 ore:

152 736 498 790 Centaurusque,
519 735 780 791 Hydraeque
800 749 972 790 greges,
991 736 1270 792 Scyllaeaque
1289 742 1488 782 monstra
1527 740 1613 783 280

150 803 338 846 Aversae
359 803 505 845 celent
523 803 688 855 valles3
718 804 1004 858 umbramque
1023 804 1213 847 senilem

152 872 322 914 Invitet
340 871 467 926 ripis,
488 870 698 913 discussa
716 870 861 925 plebe,
880 873 1099 925 supremis

150 940 339 991 Vector,
359 943 404 981 et
418 940 464 981 in
484 939 629 981 media
650 944 892 994 componat
911 939 1103 982 molliter
1121 941 1234 996 alga.

1527 400 1613 442 275

149 1062 275 1094 eithara
290 1063 370 1094 nihil
392 1073 449 1104 pro
474 1066 506 1094 te
532 1063 634 1095 simile
657 1061 867 1104 impetrabit?
910 1063 1020 1096 Liceat
1041 1064 1122 1096 mihi
1143 1065 1275 1097 oseulari
1297 1069 1461 1106 paternam
1480 1065 1612 1106 faciem,

151 1105 244 1137 liceat
261 1106 421 1147 implicare
434 1107 577 1146 dextras,
592 1109 622 1137 et
637 1116 832 1147 quacumque
845 1107 981 1138 conditio
995 1108 1182 1149 imponatur.
1227 1110 1272 1141 Ae
1288 1119 1353 1148 ros,
1367 1118 1455 1150 reges
1482 1113 1613 1141 mortno-

149 1158 235 1188 rum,
251 1153 282 1181 et
297 1150 383 1181 Juno
399 1150 527 1189 AEtnea,
549 1150 579 1181 si
589 1150 677 1189 justa
692 1151 825 1190 postulo,
839 1150 972 1182 avertite
990 1151 1082 1190 faces
1101 1161 1138 1182 ac
1161 1151 1262 1183 crines
1286 1151 1468 1184 Furiarum.
1511 1151 1613 1184 Dinis

151 1191 302 1223 ostiarius
329 1194 414 1224 nullo
443 1193 534 1224 hiatu
558 1192 728 1234 obstrepet,
748 1196 782 1224 et
810 1196 936 1224 semotae
963 1195 1057 1225 valles
1083 1196 1234 1226 occultent
1260 1195 1433 1227 Centauros
1454 1198 1485 1226 et
1509 1195 1614 1235 capita

155 1233 292 1276 Hydrae,
306 1246 343 1267 ac
356 1239 502 1277 portenta
517 1235 662 1277 Scylla,
675 1239 706 1267 et
718 1235 868 1277 portitor,
881 1237 1001 1278 repmlso
1015 1238 1121 1278 vulgo,
1136 1238 1249 1270 invitet
1263 1239 1305 1270 ad
1319 1248 1404 1270 oram
1417 1238 1495 1279 ripoe
1508 1247 1613 1270 manes

762 1320 1000 1334 OOWNONJ

148 1389 237 1418 :etro
263 1387 449 1429 Phylaceia,
469 1389 533 1419 &c.
577 1386 828 1419 Marklandus:
851 1385 892 1419 Si
911 1387 1047 1428 conjunx
1068 1392 1166 1429 retro,
1188 1390 1242 1429 ξε.
1263 1398 1329 1421 unx
1344 1398 1407 1430 pro
1429 1390 1612 1421 unm—2⁷5

155 1430 223 1461 Cur
236 1430 316 1461 nihil
328 1430 472 1462 exhorret
488 1431 612 1462 Venet-
630 1433 661 1462 l.
679 1435 716 1461 et
731 1431 957 1470 Parm.—277
979 1432 1165 1473 AEtnoeaque
1189 1433 1275 1464 Juao
1298 1431 1376 1464 edd.
1405 1436 1489 1464 vett.
1501 1436 1613 1463 muta·

151 1472 202 1504 vit
217 1472 423 1505 Gronovius.
471 1473 635 1504 Heinsius
654 1482 735 1504 vero
750 1472 793 1504 ad
810 1474 932 1505 Claud.
949 1474 1040 1515 Rap.
1057 1475 1157 1507 Pros.
1181 1484 1207 1507 Ι.
1235 1478 1309 1508 122.
1329 1475 1434 1507 docet
1457 1474 1611 1507 scriben-

150 1515 231 1546 dum
248 1526 336 1556 esse,
360 1516 682 1557 Hennoeaque.—278
705 1516 743 1548 Si
769 1516 879 1548 blanda
899 1527 1008 1558 precor
1025 1517 1342 1550 Parmensis.—280
1367 1519 1612 1558 Centaurusque,

151 1558 335 1600 Hydraeque
347 1569 462 1599 graues
476 1560 602 1591 Venet.
619 1561 648 1590 l.
666 1559 780 1590 Parm.
797 1565 833 1591 et
849 1560 949 1592 Rom.
965 1560 1056 1592 unde
1073 1561 1202 1593 Markl.
1218 1561 1378 1593 tentabat
1393 1572 1401 1592 :
1425 1561 1613 1593 Centauros-

148 1612 220 1642 que,
239 1602 429 1643 Hydrasque
450 1604 686 1643 graves.—-281
710 1602 899 1644 Acer-mque
922 1604 1013 1635 cedat
1030 1604 1250 1643 Parmensis;
1273 1604 1403 1636 Aversae
1424 1605 1516 1636 cedat
1545 1603 1611 1634 Ro-

146 1648 370 1677 mamn—282
387 1646 456 1677 Pro
470 1646 620 1686 supremis
630 1645 856 1677 Marklandus
872 1647 962 1688 conj.
975 1657 1147 1687 supremus,
1161 1657 1209 1679 sc.
1223 1653 1356 1684 vector,
1371 1647 1392 1678 i.
1408 1656 1439 1678 e.
1457 1647 1613 1685 charum

151 1693 188 1719 et
213 1688 263 1720 ita
288 1688 416 1720 Venet.
443 1691 582 1721 1.--283
606 1687 704 1720 Idem
732 1698 793 1730 pro
818 1690 893 1730 alga
919 1690 1016 1722 malit
1039 1691 1232 1723 alem—285
1257 1691 1415 1723 ‘Restm
1437 1699 1503 1722 nec
1519 1689 1613 1732 quic-

811 1775 954 1809 NOTAE

150 1849 213 1871 una
236 1843 321 1871 retro
338 1839 531 1881 Phylaceida
553 1840 677 1872 rettulit
691 1841 853 1874 umbram:

148 1892 278 1934 Tangit
298 1891 446 1924 fabulam
464 1892 661 1934 Alcestidis,
680 1893 776 1934 cujus
799 1903 851 1925 re-

146 1943 255 1975 ditum
272 1944 304 1975 in
321 1944 426 1975 vitam
442 1942 608 1976 Admetus
623 1944 676 1975 vir
697 1944 772 1985 ejus
793 1943 852 1975 ob·

146 1994 290 2026 tinuisse
305 1994 440 2035 dicitur,
455 1998 490 2026 et
506 1995 703 2031 Protesilai,
719 1995 776 2036 qui
792 1995 852 2025 im-

147 2045 301 2086 petravit
330 2055 350 2076 a
372 2044 450 2076 Diis
473 2043 619 2076 infernis
643 2043 763 2076 videre
790 2054 854 2086 per

147 2106 251 2128 unum
266 2096 358 2128 diem
382 2096 601 2128 Laodamiam
627 2106 782 2129 uxorem.
815 2096 854 2128 Si

147 2149 203 2180 lua:
218 2148 296 2189 una]
321 2148 416 2180 Unus
443 2147 532 2180 enim
558 2148 632 2180 dies
658 2148 852 2181 Protesilao

144 2200 356 2241 impetratus
372 2202 436 2240 est,
449 2208 517 2241 quo
532 2199 575 2230 ad
598 2209 739 2241 superos
766 2199 853 2232 redi·

149 2255 215 2283 ret.
260 2249 340 2282 Hoc
358 2253 475 2282 narrat
496 2250 667 2282 Lucianus
684 2251 719 2281 in
733 2250 853 2282 Dialo-

149 2302 199 2342 gis
220 2304 444 2332 mortuorum.
489 2300 680 2342 Phylaceida
699 2300 854 2341 umbram]

145 2351 242 2386 Quia
257 2351 471 2383 Protesilaus
488 2351 633 2392 Phylaci
648 2356 724 2383 erat
738 2361 854 2393 nepos.

191 2404 257 2434 276
280 2402 326 2434 Et
340 2402 598 2443 lexquaecumque
610 2401 770 2443 sequatur]
794 2401 854 2434 Al-

147 2453 237 2485 ludit
249 2453 292 2484 ad
308 2453 417 2494 legem
432 2452 575 2494 Orpheo
592 2453 842 2494 praescriptam.

191 2508 256 2538 278
282 2506 393 2537 Toedas
414 2506 535 2544 auferte
557 2515 717 2546 comasque
740 2506 854 2536 Eume-

147 2557 270 2598 nidum]
308 2557 483 2597 Lacrymis
511 2556 671 2588 Etrusci:
706 2557 716 2574 ‘
735 2556 852 2597 Longe

150 2607 329 2640 Furiarum
359 2606 472 2646 sibila,
497 2606 599 2648 longe
625 2607 852 2648 Tergeminus

143 2656 290 2690 custos!

192 2710 259 2739 279
287 2705 435 2747 Jam‘lor]
473 2706 655 2738 Cerberus.
715 2707 853 2739 Pietate

147 2757 372 2790 -Abascantii:
397 2756 530 2788 ‘'racet
546 2757 602 2788 ille
629 2758 718 2799 piis!
755 2758 851 2790 Nullo

147 2807 219 2849 ore]
234 2808 318 2841 Tria
333 2809 421 2841 euim
436 2807 597 2841 habebat.

952 1844 1017 1874 280
1041 1843 1271 1884 Centaurosque
1287 1842 1467 1886 Hydroeque
1485 1851 1612 1883 greges,

910 1893 1102 1935 Scylloeaque
1115 1894 1268 1935 monstra]
1293 1894 1455 1936 Virgilius
1467 1893 1545 1926 AEn.
1562 1902 1612 1925 vr.

910 1945 920 1961 ‘
939 1945 1103 1976 Centauri
1121 1945 1154 1976 in
1169 1944 1300 1977 foribus
1315 1944 1501 1984 stabulant,
1515 1944 1612 1985 Scyl-

907 1995 1038 2036 loeaque
1054 1995 1231 2027 monstra!
1265 1995 1361 2026 Idem
1377 2004 1386 2026 ε
1410 1996 1420 2012 ‘
1434 1993 1482 2026 At
1498 1994 1613 2027 bellua

908 2047 1030 2077 Lernae
1050 2045 1270 2078 Horrendum
1293 2044 1467 2076 stridens!
1511 2045 1612 2077 Dicit

903 2106 1018 2137 greges
1033 2096 1170 2138 Hydroe,
1198 2096 1243 2127 ob
1269 2096 1477 2137 multiplicia
1495 2095 1611 2137 capita

907 2157 981 2189 qua·
998 2147 1161 2179 habebat.
1206 2145 1297 2179 Vide
1311 2147 1421 2180 Theb.
1434 2155 1488 2178 lv.
1503 2149 1579 2179 583.

948 2201 1012 2230 281
1035 2198 1180 2238 Aversoe]
1203 2197 1235 2230 A
1259 2197 1315 2230 via
1340 2207 1405 2239 qua
1433 2203 1611 2230 transenn-

906 2247 987 2280 dum
1019 2252 1074 2280 est
1101 2248 1203 2289 patri.
1251 2248 1457 2290 Umbras-tque
1483 2247 1610 2280 senilem

907 2299 1028 2331 Invitet
1057 2300 1148 2341 ripis,
1172 2299 1310 2332 dimissa
1330 2300 1430 2341 plebe,
1456 2299 1608 2340 supremis

911 2350 1036 2389 Vector,
1058 2350 1130 2392 ξω]
1159 2350 1272 2383 Vector
1293 2351 1435 2383 Charon.
1480 2349 1608 2382 Similis

908 2401 1002 2433 locus
1019 2401 1188 2442 Epicedio
1204 2401 1237 2432 in
1259 2401 1458 2433 Glauciam:
1479 2400 1490 2418 ‘
1505 2399 1606 2432 Illum

907 2460 973 2483 nec
1008 2456 1108 2484 terno
1147 2450 1289 2484 latrabit
1327 2450 1498 2483 Cerberus
1535 2458 1609 2488 ore,

908 2502 1015 2535 Nulla
1035 2511 1132 2534 soror
1146 2500 1302 2538 flammis,
1318 2501 1412 2532 nulla
1433 2508 1608 2540 assurgen-

908 2552 999 2585 tibus
1037 2552 1153 2595 hydris
1191 2552 1364 2584 Terrebit.
1409 2551 1500 2585 Quin
1535 2550 1607 2591 ipse

907 2602 1017 2634 avidae
1043 2607 1122 2635 trux
1149 2602 1268 2634 navita
1295 2601 1427 2643 cymbae
1454 2599 1605 2632 Interius

907 2655 1042 2686 steriles
1066 2654 1173 2695 ripas,
1190 2657 1227 2686 et
1250 2652 1372 2685 adusta
1386 2650 1513 2683 subibit
1537 2650 1608 2682 Lit-

907 2709 994 2746 tera,
1010 2714 1054 2737 ne
1067 2714 1174 2747 puero
1190 2704 1275 2736 dura
1290 2702 1481 2735 ascendisse
1497 2701 1606 2735 facul-

905 2756 981 2789 tas.’
