1800 3060
188 200 274 244 488

406 214 448 245 P.
482 213 674 246 PAPINH
707 199 875 246 sTATn
908 214 1187 249 SYLVARUM
1223 218 1407 251 1.113.1v.
1436 212 1479 253 9.

363 307 452 349 Sed
474 311 594 350 certa
611 309 734 351 velut
753 322 910 364 aequus
931 311 976 352 in
996 314 1176 364 statera,

362 375 442 417 Nil
461 380 626 426 mutaS,
648 375 728 418 sed
748 377 867 418 idem
886 378 995 419 nihil
1013 380 1238 433 rependis.

363 442 519 494 Quid?
553 443 591 484 si
611 456 710 484 cum
731 444 838 486 bene
859 459 990 488 mane
1012 447 1288 491 semicrudus

360 510 541 552 Illatam
563 511 644 552 tibi
663 511 822 553 dixero
842 513 1044 565 salutem,

360 577 421 619 Et
440 582 489 619 tu
509 591 581 619 me
600 579 781 622 vicibus
798 579 917 622 domi
939 581 1108 624 salutes
1123 583 1143 624 'i
1594 586 1652 628 50

361 645 460 687 Aut
476 659 580 688 cum
600 660 670 688 me
691 646 803 702 dape
818 648 994 702 juveris
1015 650 1182 704 opima,

362 713 589 768 Expectes
611 715 776 757 similes
793 710 957 770 etipse
977 717 1161 758 coenas?

363 782 542 824 Irascor
561 782 660 834 tibi,
683 781 894 838 Gryphe:
926 783 1006 825 sed
1025 784 1200 827 valebis
1218 798 1230 827 ε

360 850 554 892 Tantum
574 864 628 892 ne
647 850 771 903 mihi,
793 865 883 905 quo
904 852 1026 894 soles
1044 852 1213 906 lepore,

366 918 420 961 Et
437 932 554 961 nunc
573 918 978 975 hendecasyllabos
996 921 1214 962 remittaS.
1595 922 1653 966 55

187 1047 256 1070 rum
265 1040 456 1080 poculorum,
470 1043 501 1071 et
515 1039 645 1072 lebetum
657 1044 670 1072 Ζ)
691 1040 755 1072 Sed
757 1040 867 1080 justus
880 1040 965 1072 velut
979 1039 1113 1082 infideli
1123 1041 1223 1082 lance,
1234 1038 1314 1072 nihil
1322 1044 1436 1078 mutas,
1446 1041 1502 1072 sed
1514 1039 1652 1072 remittis

185 1081 299 1113 librum
312 1092 369 1122 pra
384 1082 475 1114 libro.
523 1083 611 1119 Quid
623 1083 654 1115 si
676 1093 747 1115 cum
761 1083 857 1115 mullo
880 1093 970 1114 mane
985 1084 1115 1123 qu'unus
1129 1085 1265 1116 dederim
1283 1084 1341 1116 tibi
1353 1085 1495 1125 salutem,
1508 1087 1540 1116 et
1555 1086 1590 1115 tu
1604 1092 1653 1115 me

185 1124 316 1156 alternis
336 1126 420 1157 domi
434 1127 570 1157 salutes?
598 1128 665 1158 Aut
679 1137 750 1158 cum
764 1137 812 1158 me
837 1125 986 1164 refeceris
999 1127 1084 1158 lauto
1098 1127 1249 1166 convivio,
1261 1127 1399 1168 sperabis
1412 1127 1520 1168 etipse
1534 1126 1653 1158 similes

185 1165 315 1207 epulas?
338 1168 508 1200 Suet-cnseo
533 1169 605 1207 tihi,
630 1170 773 1210 Gryphe,
798 1170 850 1200 sed
874 1169 1003 1202 valebis,
1049 1170 1168 1206 Solum,
1194 1174 1226 1202 et
1246 1180 1328 1202 nune
1349 1170 1427 1202 mihi
1449 1180 1486 1202 ne
1509 1169 1654 1202 remittas

187 1209 485 1253 Hendecasyllabos,
497 1211 550 1244 illo
566 1222 624 1253 quo
638 1216 716 1244 soles
731 1214 811 1244 lusu.

802 1296 1039 1311 “OOOOOOOOCO

185 1363 226 1393 47
252 1361 467 1395 Parmensis:
494 1364 587 1396 Nihil
601 1364 716 1404 mittis,
729 1366 783 1397 sed
802 1365 885 1397 idem
899 1365 998 1402 m'hi15
1020 1364 1144 1396 Venet.
1160 1366 1190 1396 1.
1207 1367 1244 1395 et
1261 1364 1360 1396 Rom.
1385 1363 1446 1395 Nil
1458 1367 1575 1404 mutas,
1596 1362 1652 1395 sed

183 1404 268 1437 idem
290 1406 394 1444 nihit;
426 1406 531 1438 Aldd.
548 1408 658 1440 Colin.
674 1408 806 1448 Gryph.
830 1411 896 1441 &c.
933 1408 994 1439 Nil
1016 1410 1129 1447 mutas,
1152 1408 1207 1438 sed
1221 1408 1304 1439 idem
1316 1406 1405 1439 milii.

1451 1407 1654 1439 Lectionem

186 1453 335 1480 nostram
353 1450 532 1481 constituit
548 1450 873 1482 Marklandus.—48
895 1452 1019 1483 Venet.
1034 1454 1063 1483 l.
1087 1450 1217 1482 omittit
1234 1459 1351 1482 vocem
1365 1451 1554 1481 mana—49
1575 1449 1655 1480 Illa-

184 1494 251 1523 lam
274 1492 486 1533 Scriverius,
504 1493 668 1525 Heinsius
684 1494 859 1527 Gronovio
879 1494 1005 1534 Syllog.
1024 1493 1136 1534 Epist.
1150 1494 1245 1525 Tom.
1262 1501 1319 1525 m.
1334 1493 1356 1524 1.
1369 1493 1391 1525 l.
1408 1497 1445 1524 et
1458 1492 1654 1524 Turnebus.

186 1535 327 1566 Allatam
353 1537 460 1577 magis
487 1537 603 1578 placet
625 1537 851 1578 Marklando;
885 1538 970 1569 licet
991 1537 1121 1568 Illatam
1135 1535 1302 1568 defendat
1324 1536 1518 1568 Gronovius
1540 1535 1654 1569 Diatr.

185 1586 261 1619 cap.
276 1581 332 1611 45.

846 1633 987 1666 NOTAE

227 1701 272 1730 46
297 1697 409 1738 Certa]
433 1697 557 1736 Fideli,
572 1708 648 1740 quae
664 1708 731 1730 non
745 1698 847 1730 fallit.

227 1751 269 1780 47
296 1749 355 1780 Nil
375 1753 489 1789 mutas,
503 1751 556 1781 sed
580 1750 663 1781 idem
682 1749 765 1781 nihil
782 1749 892 1790 [mihi]

183 1798 342 1839 rependis]
360 1799 586 1830 Remittendo
596 1799 730 1831 scilicet
747 1809 818 1831 rem
829 1808 892 1840 pro

184 1850 396 1890 re,libe11um
410 1860 473 1892 pro
485 1850 604 1883 libello
620 1862 627 1883 :
641 1861 711 1883 non
724 1860 807 1883 vero
819 1860 891 1882 rem

185 1901 325 1942 aequalis
352 1902 490 1943 valon-is,
518 1906 556 1933 ut
586 1902 743 1943 queritur
765 1902 890 1943 jocose

183 1960 300 1992 supra.

225 2004 268 2034 48
289 2001 502 2043 semicrudus]
524 2001 764 2043 Semisopitus.
795 2002 891 2034 Dicit

185 2052 277 2085 enim
290 2053 379 2084 bene
397 2062 508 2084 mane.

226 2106 269 2135 49
292 2103 437 2144 Illatam]
461 2103 504 2135 P.
528 2102 719 2134 Scriverius
748 2103 890 2145 corrigit

183 2154 333 2187 Illatam:
363 2154 425 2186 sed
453 2154 552 2186 male.
596 2154 607 2172 ‘
633 2154 738 2186 Ferre
749 2154 759 2169 '
785 2156 888 2196 enim,

181 2205 191 2222 ‘
203 2203 367 2246 portare,'
383 2204 526 2246 proprie
543 2203 762 2236 salutationis
777 2215 891 2239 voceS.

183 2254 370 2286 Manilius:
406 2257 416 2272 ⁴
435 2254 568 2286 Limina
598 2254 824 2296 pervolitans,
853 2266 890 2288 n-

181 2314 332 2346 numque
349 2314 412 2345 per
427 2304 541 2336 omnia
557 2303 700 2336 verbum
717 2305 822 2337 Mane
837 2315 890 2337 sa-

182 2355 318 2388 lutandi
336 2353 503 2396 portans!
541 2354 588 2386 Et
602 2354 775 2387 Martialis
790 2355 850 2388 lib.
863 2365 889 2390 1.

183 2407 249 2448 Ep.
263 2409 316 2439 56.
353 2408 363 2425 ‘
382 2407 429 2438 Et
444 2406 648 2439 matutinum
663 2411 781 2448 portat
795 2407 892 2449 inep-

150 2495 155 2499 ,
183 2462 238 2489 tus
255 2455 354 2490 Ave!
391 2457 493 2489 Unde
510 2461 547 2490 et
562 2457 690 2490 Plauto
704 2457 714 2475 ‘
727 2458 889 2499 salutige-

182 2509 274 2542 ruli.’
305 2509 394 2541 Dein
410 2510 533 2542 illatam
547 2510 648 2550 dixit,
665 2520 727 2551 pro
743 2510 776 2542 in
789 2510 889 2543 domo

180 2561 317 2603 Gryphi
330 2561 446 2601 latam,
458 2564 497 2592 ut
506 2560 626 2593 ‘illato
641 2561 769 2593 lumine
782 2560 791 2575 ’
807 2560 890 2593 Ovi-

182 2613 271 2652 dius,
295 2616 333 2644 et
348 2612 359 2630 ‘
377 2611 472 2643 illata
497 2610 790 2644 lumiua'Statius
813 2612 889 2653 ipse

182 2663 310 2696 Achill.
329 2672 372 2695 11.
393 2661 548 2705 sequitur
562 2662 670 2694 enim:
697 2663 706 2681 ‘
722 2663 768 2695 Et
782 2667 820 2695 tu
835 2672 889 2695 me

182 2714 317 2746 vicibus
334 2713 426 2746 domi
440 2712 594 2746 salutes?

225 2767 266 2796 53
290 2763 354 2797 Sed
368 2762 500 2804 valebis]
523 2763 565 2797 Id
581 2767 648 2805 est,
660 2763 711 2795 ira
725 2773 803 2796 mea
820 2772 888 2796 non

948 1697 1012 1729 tibi
1028 1697 1153 1729 malum
1169 1694 1301 1729 afferet.

991 1750 1034 1779 54
1057 1749 1192 1780 Tantum
1208 1757 1246 1778 ne
1265 1746 1356 1786 mihi,
1367 1755 1426 1787 qua
1440 1747 1518 1778 soles
1540 1747 1655 1789 lepore,

949 1798 996 1830 Et
1017 1807 1099 1830 nuria
1122 1796 1389 1838 hendecasyllabos
1409 1796 1573 1837 remittas]
1591 1796 1655 1830 Jo-

948 1852 1049 1881 catur
1074 1858 1149 1880 cum
1179 1847 1317 1880 Plotio:
1344 1847 1435 1879 Illud
1459 1847 1654 1889 unnm,ait,

947 1908 1042 1940 rogo,
1065 1908 1109 1930 ne
1133 1908 1224 1930 nunc
1252 1898 1357 1929 etiam
1383 1898 1466 1929 mihi
1495 1898 1653 1933 remittas

945 1949 1252 1990 hendecasyllabos
1269 1957 1332 1989 pro
1355 1948 1407 1979 his
1430 1947 1526 1989 meis,
1541 1954 1579 1980 ιιι
1593 1957 1654 1981 an·

945 2005 1004 2032 tea
1019 1998 1180 2031 remisisti
1202 1998 1327 2030 librum
1351 2007 1414 2039 pro
1437 1998 1536 2032 libro.
1580 1998 1654 2031 Par

938 2051 1042 2092 jocus
1059 2048 1220 2091 Augusti,
1233 2048 1294 2090 qui
1319 2047 1483 2081 Graeculo
1500 2048 1566 2082 sibi
1589 2059 1655 2084 εω-

945 2102 1021 2144 pius
1038 2100 1228 2143 porrigenti
1239 2099 1502 2142 epigrammata,
1510 2110 1571 2132 sua
1582 2110 1653 2135 ma·

945 2162 988 2185 nu
1005 2151 1190 2192 descripsit
1206 2150 1432 2192 epigramma,
1445 2153 1482 2183 et
1492 2149 1654 2192 pergenti

943 2201 1070 2234 deinde
1086 2202 1129 2234 ad
1146 2210 1183 2232 se
1207 2200 1343 2232 obviam
1364 2200 1474 2233 dedit.
1518 2200 1566 2232 At
1581 2201 1657 2242 ine,

945 2253 1196 2295 epigrammate
1213 2251 1308 2283 lecto
1322 2256 1358 2283 et
1370 2251 1523 2292 laudato,
1535 2260 1655 2284 acces·

944 2304 990 2336 sit
1004 2303 1047 2335 ad
1065 2302 1184 2334 sellam
1202 2301 1383 2343 principis,
1398 2311 1438 2333 ac
1453 2301 1602 2336 demissa
1615 2301 1651 2334 in

945 2363 1144 2386 crumenam
1181 2361 1295 2393 manu,
1331 2362 1460 2394 paucos
1495 2351 1652 2388 denarios

945 2404 1105 2445 protulit,
1123 2402 1302 2445 praefatus:
1327 2402 1377 2441 Νὴ
1390 2402 1450 2440 τὴν
1461 2402 1522 2441 σὴν
1534 2401 1649 2442 τύχην,

946 2454 1104 2495 Σέβαστε,
1124 2453 1150 2486 εἰ
1170 2452 1269 2485 πλέον
1289 2451 1390 2495 εἶχον,
1404 2452 1503 2485 πλέον
1520 2451 1646 2484 ἐδίδουν.

943 2507 1010 2538 Per
1037 2509 1124 2538 tuam
1143 2504 1323 2545 fortunam,
1337 2505 1493 2544 Auguste,
1507 2503 1536 2534 si
1554 2503 1648 2543 plna-a

942 2557 1098 2596 haberem,
1119 2557 1214 2596 plura
1232 2557 1350 2587 darem.
1393 2555 1519 2587 Secuto
1541 2551 1647 2584 omni·

942 2617 999 2639 um
1022 2606 1093 2638 risu
1109 2606 1237 2646 Caesar,
1252 2605 1490 2646 dispensatore
1512 2607 1649 2644 vocato,

943 2658 1104 2691 sestertia
1119 2661 1258 2689 centum
1273 2655 1378 2687 minin
1389 2654 1514 2687 Graeco
1529 2663 1648 2686 nume-

943 2719 1018 2741 rare
1034 2708 1149 2749 jussit.
1195 2705 1493 2747 Hendecasyllabos]
1514 2706 1651 2738 Versus-

943 2762 1137 2793 constantes
1154 2757 1314 2790 undecim
1330 2755 1480 2798 syllabis.
