1800 3060
207 205 294 248 484

715 218 753 248 Ρ.
788 218 933 248 PAPIN
945 218 980 247 11
1015 218 1179 250 S'rA'ru

383 314 552 355 Scissis
573 314 692 367 pilea
713 318 819 356 suta„⁴
837 314 892 355 de
914 314 1136 358 lacernis?

382 382 472 423 Vel
493 381 706 432 mantilia,
726 381 938 424 luridaeve
954 383 1168 436 mappae'!
1619 384 1676 426 25

384 448 574 499 Chartae,
594 448 912 499 Thebaicaeve,
935 448 1188 491 caricaeve‘?

382 516 616 570 Nusquam
639 518 811 559 turbine
831 517 1038 558 conditus
1058 518 1204 559 ruenti

382 583 632 626 Prunorum
652 585 830 638 globus,
852 589 986 639 atque
1005 587 1324 627 coctanorum'e

208 708 314 741 scissis
329 707 485 741 lacernis?
518 711 567 741 vel
590 709 757 741 mantilia?
790 709 913 740 tritoeve
936 718 1068 750 mappae,
1088 718 1126 740 uc
1140 709 1271 746 chartea,
1301 708 1474 749 Thebaicae,
1504 709 1676 740 caricoeve?

208 753 374 793 Nusquam
386 752 496 792 globus
509 762 682 794 prunorum
696 762 733 783 ac
747 755 945 784 cottanorum
965 752 1108 783 conditus
1124 752 1247 784 turbine
1262 755 1404 784 inverso?
1435 753 1510 784 Non
1525 751 1676 794 ellychnia

826 844 942 856 ‘eece‘
947 844 1065 856 ‘oneo

208 917 366 950 mismata
381 917 415 948 in
433 921 508 948 arte
531 920 729 950 eumn—24
755 917 856 949 Caesis
869 917 951 958 pilea
968 921 1060 958 διψία
1075 918 1193 951 Parm.
1240 920 1338 951 Caesis
1350 919 1434 960 pilea
1447 923 1520 952 suta
1532 920 1674 952 Venett.

207 961 309 993 Rom.
325 959 430 992 Aldd.
447 960 557 992 Colin.
575 961 711 1002 Gryph.
726 960 834 993 Basil.
849 960 965 992 Plant.
981 963 1046 992 διο.
1079 961 1194 994 Scissis
1207 963 1292 1003 pilea
1313 966 1385 994 suta
1412 963 1491 995 Nic.
1518 962 1676 995 Heinsius

208 1003 387 1036 Gronovio
404 1004 479 1035 loco
507 1003 658 1036 laudato.
702 1003 805 1035 Hanc
831 1013 967 1045 quoque
983 1004 1256 1036 emendationem
1275 1006 1372 1046 quasi
1397 1015 1491 1038 suam
1517 1006 1678 1039 venditat

206 1046 531 1078 Marklandus.—25
556 1045 720 1078 Heinsius
747 1046 899 1078 ibidem:
931 1047 1102 1078 sordidoeve
1123 1051 1340 1088 mappae.—27
1365 1051 1374 1067 ⁴
1390 1049 1483 1080 Reor
1509 1049 1675 1090 scriptum

206 1088 325 1127 fuisse,
340 1088 466 1122 ravenn·
478 1099 541 1132 pro
556 1089 695 1131 rubenti,
705 1093 809 1132 atque
823 1090 901 1121 hinc
915 1094 1034 1122 natum
1049 1090 1176 1122 ruenti:
1200 1090 1321 1123 Heins-
1339 1091 1510 1123 ibim—28
1533 1090 1676 1124 Omittit

875 1185 910 1219 N
913 1184 1019 1219 0¹1*AE

208 1253 354 1284 Roman.
374 1251 599 1283 Problemata
613 1254 669 1283 30.

249 1306 293 1335 24
319 1302 434 1335 Scissis
448 1301 580 1343 [Caesis]
592 1302 675 1343 pilea
684 1305 755 1333 suta
765 1302 803 1333 de
818 1303 915 1334 lacer-

205 1353 272 1394 nis]
298 1353 399 1385 Pilea
413 1353 505 1384 inter
521 1362 664 1384 munera
678 1353 913 1386 Saturnalitia.

207 1404 365 1436 Martial.
381 1403 441 1437 lib.
458 1412 536 1435 xlv.
556 1404 622 1445 Ep.
637 1407 713 1437 132.
758 1404 769 1421 ‘
784 1404 821 1435 Si
838 1413 914 1445 pos-

207 1464 279 1487 sem
296 1459 389 1487 totas
405 1464 567 1495 cuperem
588 1455 722 1487 misisse
737 1454 891 1486 lacernas
905 1465 914 1486 ε

208 1506 314 1539 Nunc
342 1510 476 1538 tantum
508 1506 615 1547 capiti
643 1515 786 1538 munera
813 1506 916 1538 mitto

208 1555 293 1589 tuo.'
335 1557 448 1588 Porro
464 1566 507 1588 ex
521 1557 650 1589 attritis
666 1557 810 1588 lacernis
825 1557 916 1597 pilea

206 1607 284 1640 fieri
301 1608 406 1640 solita
433 1607 553 1640 scribit
575 1607 743 1640 Brodaeus
766 1607 915 1640 Miscell.

206 1658 269 1690 lib.
300 1666 338 1689 x.
366 1667 444 1699 cap.
474 1660 529 1689 30.
576 1657 738 1689 Ceterum
776 1658 916 1690 lacerna

207 1712 285 1741 erat
300 1717 409 1750 genus
427 1707 532 1740 vestis
554 1707 660 1739 virilis
671 1706 867 1747 fimbriam,
879 1710 914 1739 et

206 1758 283 1791 fere
293 1758 462 1794 militaris,
471 1768 546 1800 quae
558 1757 613 1790 et‘
626 1758 780 1799 chlamys
792 1758 802 1772 '
815 1759 912 1790 Grae-

206 1819 248 1842 ce
264 1813 420 1849 vocatur,
433 1809 539 1849 dicta,
555 1812 592 1840 nt
606 1809 655 1840 ait
671 1809 806 1848 Festus,
824 1810 913 1851 quod

205 1859 320 1892 minor
335 1859 464 1900 capitio
479 1859 538 1891 sit.
583 1860 695 1891 Erant
712 1859 803 1901 apud
820 1864 914 1892 vete-

205 1920 263 1944 res
288 1911 437 1944 lacernae
462 1910 562 1952 albae,
575 1921 718 1953 quarum
745 1921 824 1943 usus
839 1916 913 1944 erat

204 1961 244 1994 in
259 1962 478 2003 spectaculis,
493 1967 530 1995 et
546 1967 635 2003 togae
653 1962 911 2004 superimpone-

192 2012 335 2045 -bantur
364 2012 408 2045 ad
441 2013 594 2045 arcenda
627 2012 758 2054 frigora
776 2024 783 2043 :
815 2018 913 2045 erant

205 2063 395 2101 coccineae,
410 2067 510 2095 erant
532 2064 712 2095 militares.
757 2063 915 2096 Nobilio·

207 2125 265 2147 res
281 2119 397 2147 autem
413 2125 452 2146 ac
467 2115 667 2146 illustriores
682 2124 750 2146 nou
771 2114 915 2147 uteban-

207 2170 266 2198 tur
280 2166 426 2198 lacernis
441 2165 508 2197 nisi
532 2165 648 2207 pluvio
671 2170 839 2207 tempore,
855 2170 916 2197 aut

204 2216 243 2248 in
258 2216 477 2258 spectaculis.
520 2216 612 2248 Vide
627 2216 787 2258 Bayfium
801 2216 844 2248 de
862 2217 913 2249 Re

207 2268 394 2300 Vestiaria.

249 2322 291 2351 25
314 2319 482 2351 Lar-idme
495 2318 630 2360 mappoe]
650 2318 797 2360 Mappas
812 2322 848 2350 et
863 2317 913 2349 in-

207 2374 263 2402 ter
275 2370 378 2402 xenia
394 2370 617 2401 Saturnalitia
631 2372 827 2401 numeratas
844 2372 912 2400 tra-

206 2419 263 2451 dit
278 2420 449 2452 Martialis
472 2420 532 2452 lib.
549 2428 618 2453 vn.
635 2420 700 2461 Ep.
711 2422 765 2451 52.
809 2419 820 2438 ‘
834 2418 923 2451 oin:

207 2470 267 2502 nia
279 2470 401 2502 misisti
417 2470 497 2502 mihi
506 2471 756 2510 Saturnalibus,
771 2469 917 2511 Umber,

207 2519 370 2560 Munera,
384 2521 603 2553 contulerant
625 2531 700 2563 quae
728 2520 793 2552 tibi
818 2521 915 2562 quin-

208 2580 275 2613 que
296 2569 371 2603 dies
385 2580 395 2609 ς
419 2570 582 2603 Bissenos
598 2571 765 2614 triplices,
779 2575 817 2603 et
832 2571 912 2603 den-

209 2622 370 2664 tiscalpia
385 2621 505 2653 decem
521 2632 528 2653 :
555 2622 621 2654 His
637 2632 751 2654 comes
767 2621 914 2654 accessit

209 2673 366 2716 spongia,
380 2682 520 2714 mappa,
533 2673 658 2715 calyx?

253 2727 296 2756 26
321 2723 466 2765 charte]
491 2723 579 2755 Nam
605 2728 640 2756 et
661 2724 713 2756 11ae
737 2724 829 2757 inter
843 2734 914 2756 mu·

214 2784 296 2808 nera
310 2774 548 2808 Saturnalitia.
571 2774 743 2808 Martialis
760 2775 819 2808 lib.
835 2783 911 2808 xiv.

972 1251 1040 1291 Ep.
1067 1253 1119 1283 10.
1164 1251 1174 1269 ‘
1195 1251 1272 1283 Non
1303 1256 1384 1284 sunt
1412 1261 1566 1292 munera,
1596 1261 1673 1294 quie

972 1306 1088 1342 putas,
1102 1302 1230 1343 puella,
1241 1302 1328 1333 Cum
1337 1301 1443 1334 donat
1456 1311 1580 1333 vacuas
1595 1301 1675 1342 poe-

973 1356 1010 1384 ta
1022 1352 1180 1384 chartas:
1206 1351 1420 1393 nebaicoeve]
1443 1353 1515 1385 Per
1534 1353 1676 1386 Thebai-

969 1412 1026 1434 cas
1044 1401 1207 1442 intelligit
1219 1403 1405 1444 palmarum
1418 1402 1552 1434 fructus
1567 1414 1575 1432 ε
1600 1412 1676 1434 nam

970 1454 1094 1494 palmae
1119 1454 1152 1484 in
1174 1453 1326 1494 AEgypto
1351 1453 1495 1493 nobiles,
1510 1457 1550 1484 ut
1575 1453 1674 1486 disci-

968 1513 1044 1535 mus
1075 1514 1118 1535 ex
1149 1503 1284 1536 Isidoro
1314 1502 1470 1545 aliisque.
1527 1503 1674 1537 Quidam

965 1555 1116 1596 jungunt
1134 1555 1330 1586 Thebaicaeve
1346 1563 1422 1586 cum
1434 1554 1562 1586 charte.
1598 1554 1675 1586 The-

970 1605 1079 1645 baioae,
1094 1615 1137 1637 ex
1153 1605 1317 1646 AEgypto,
1332 1604 1432 1646 cujus
1446 1603 1563 1636 Thebe
1579 1604 1675 1646 oppi-

970 1656 1050 1688 dum
1077 1656 1203 1688 nobile.
1229 1655 1368 1697 Cariam]
1391 1655 1510 1687 Genus
1534 1653 1605 1695 fici,
1630 1664 1675 1686 ex

969 1707 1074 1740 Caria
1096 1707 1193 1738 allati
1218 1706 1378 1748 primum.
1422 1705 1525 1737 Unde
1551 1714 1675 1737 nornen

968 1757 1164 1798 generalius
1181 1756 1327 1788 sumitur
1348 1765 1410 1797 pro
1433 1755 1612 1797 quibusvis
1635 1755 1674 1787 fi-

969 1809 1032 1840 cis.
1065 1808 1152 1839 Vide
1177 1807 1314 1840 Saturn.
1335 1806 1558 1839 Decembres.
1574 1806 1674 1838 Fico·

970 1868 1051 1890 vero
1066 1857 1173 1889 fuisse
1186 1859 1278 1890 inter
1294 1867 1435 1890 munera
1448 1858 1674 1891 Saturnalitia

969 1914 1068 1951 patet
1084 1919 1127 1940 ex
1143 1910 1299 1941 Martiali
1312 1909 1373 1942 lib.
1388 1918 1439 1941 ιν.
1453 1909 1518 1950 Ep.
1531 1911 1586 1940 40.
1601 1909 1611 1926 ‘
1627 1909 1673 1941 Et

968 1959 1053 1992 ficus
1070 1959 1209 2000 Libycae
1226 1960 1342 2000 gelata
1359 1958 1485 1991 testae.’

1009 2013 1051 2042 2⁷
1077 2010 1212 2042 Turbine
1233 2011 1339 2043 ruenti
1354 2010 1532 2042 Prasiorum
1550 2009 1674 2052 globus,

966 2064 1059 2102 atque
1085 2061 1296 2102 cot-tonorum]
1331 2060 1451 2094 Turbo
1482 2069 1596 2098 ruens,
1625 2061 1674 2093 ait

968 2112 1135 2152 Crucens,
1147 2116 1201 2144 est
1216 2112 1384 2151 inversus,
1395 2111 1454 2152 qui
1469 2115 1572 2142 metae
1585 2109 1673 2152 fign-

967 2172 1039 2194 ram
1057 2162 1178 2203 refert,
1201 2166 1238 2195 et
1253 2171 1316 2203 pro
1331 2171 1374 2194 ea
1393 2170 1489 2202 saepe
1511 2161 1668 2202 ponitur:

967 2213 1059 2245 unde
1086 2212 1222 2244 Plinius
1243 2212 1303 2244 lib.
1319 2220 1361 2244 ιι.
1379 2210 1522 2252 figuram
1542 2211 1671 2244 umbra

968 2268 1083 2304 terrae,
1097 2263 1146 2295 ait
1161 2272 1237 2294 esse
1258 2261 1405 2294 similem
1427 2264 1530 2293 metae
1544 2271 1585 2294 ao
1599 2265 1670 2294 tur-

966 2315 1038 2347 bini
1051 2315 1200 2355 inverso,
1215 2313 1353 2357 quando
1361 2321 1525 2346 mucrone
1539 2315 1672 2346 tantum

968 2367 1118 2407 ingruat.
1163 2367 1290 2408 Itaque
1315 2366 1468 2398 ‘metam
1483 2364 1495 2379 '
1517 2364 1672 2406 appellat

968 2418 1138 2450 Martialis
1150 2425 1237 2449 xm.
1250 2416 1351 2458 Epig.
1361 2419 1415 2448 28.
1425 2424 1526 2458 quem
1539 2414 1671 2447 Statius

967 2468 977 2486 ‘
995 2468 1167 2500 turbinem
1180 2467 1189 2482 '
1210 2470 1329 2500 vocat:
1363 2466 1478 2498 ‘Haec
1507 2464 1572 2498 tibi
1593 2474 1669 2506 quae

968 2524 1062 2552 torta
1075 2522 1244 2552 venerunt
1258 2517 1398 2551 condita
1412 2521 1516 2549 neta.
1545 2514 1583 2547 Si
1597 2524 1668 2547 ma-

964 2572 1041 2613 ¹jora
1063 2569 1181 2603 forent
1202 2575 1355 2611 cottana,
1370 2568 1456 2601 ficus
1479 2565 1577 2599 erat-³
1622 2566 1669 2599 Et

966 2621 1032 2654 hoc
1046 2623 1128 2664 quia
1141 2622 1174 2654 in
1186 2621 1324 2654 vasculo
1333 2618 1480 2652 turbinis
1493 2627 1555 2649 seu
1565 2621 1669 2650 metae

967 2673 1111 2705 formam
1135 2672 1306 2706 referente
1321 2668 1515 2712 hujusmodi
1532 2667 1668 2706 fructus

969 2724 1204 2764 servabantur,
1240 2729 1277 2755 et
1312 2721 1402 2753 inter
1444 2717 1668 2752 Saturnalitia

967 2775 1070 2809 xenia
1084 2774 1318 2807 mittebantur.
1340 2772 1467 2806 Potest
1481 2769 1587 2804 etiam
1597 2773 1666 2804 tur.-

1797 100 1800 111 .,
1782 0 1800 86 :maffl

1786 1054 1800 1140 nith-,as
1792 1019 1800 1039 ι,
1796 999 1798 1001 .
1792 972 1800 980 r
1790 934 1800 959 ιι·
1792 904 1800 915 .·

1792 1250 1800 1267 Α

1772 1675 1800 1986 ’ἶὶψὲψῆκκηείὲψιῑψ
1783 1636 1800 1667 nst
1782 1558 1800 1627 1-424..
1779 1353 1800 1547 mmm.
1781 1270 1800 1339 2¹:⁴⁴1..-
1784 1185 1800 1251 1¹³4.-
1786 1145 1800 1172 .¹.=.

1775 2002 1800 2059 ..e-—
