1800 3060
241 187 328 230 286

473 293 684 348 Pompeii
704 294 987 346 comitantur,
1009 300 1054 337 et
1075 294 1294 338 Catones:

742 199 782 228 P.
816 198 1006 230 PAPiNli
1040 199 1207 230 STATu

1622 298 1706 340 115

471 364 560 404 Seu
581 375 741 415 magna
759 376 889 405 sacer
909 367 953 404 et
973 365 1193 418 superbus
1212 367 1370 408 umbra

469 430 636 472 Nescis
653 430 881 481 Tartaron,
902 435 947 472 et
961 432 1117 484 procul
1136 436 1369 475 nocentum

467 497 615 540 Audis
635 499 837 549 verbera,
858 498 1168 554 pallidumque
1189 500 1286 543 visa

471 566 636 608 Matris
657 566 865 621 lampade
884 567 1074 621 respicis
1096 567 1338 620 Neronem,

469 632 612 675 Adsis
632 633 830 687 lucidus3
862 639 923 685 et,
944 640 1134 678 vocante
1155 635 1298 687 Polla,

1620 639 1706 682 120

472 701 643 753 Unum,
665 714 837 757 quaeso,
857 701 975 744 diem
997 703 1122 745 Deos
1143 704 1351 746 silentum

237 847 310 877 epos
324 836 436 868 nobile.
484 837 531 868 Tu
550 846 650 875 sacer,
671 840 702 870 et
727 838 877 879 superbus
898 838 1023 879 ingenti
1046 840 1169 881 umbra,
1191 841 1293 874 nescis
1310 840 1493 884 Inseros,et
1507 851 1524 874 e
1538 841 1707 883 longinquo

236 881 327 912 audis
337 890 459 912 reorum
467 880 615 922 flagella,
630 884 660 912 et
673 881 775 913 cernis
790 882 948 913 Neronem
957 883 1129 924 pallentem
1142 888 1268 925 aspectu
1275 884 1351 924 face
1364 895 1430 917 suoe
1440 885 1593 927 pareatis.
1640 886 1707 917 Ad·

235 924 343 956 venia
358 923 520 964 fulgidus,
532 927 563 955 et
579 924 672 956 Polla
697 927 728 957 te
751 925 937 966 appellante,
959 925 1118 968 impetres,
1140 937 1206 970 oro,
1230 937 1326 960 mm
1339 927 1422 961 diem
1436 938 1457 960 u
1470 928 1548 962 Diis
1561 928 1707 968 inferuis.

846 1020 867 1033 0

236 1086 477 1119 Markl.—-116
499 1085 547 1118 Tu
569 1095 686 1126 niagno
700 1094 788 1118 sacer
807 1084 889 1119 edd.
912 1090 999 1118 vett.
1044 1086 1055 1104 ⁴
1071 1086 1198 1119 Sensus
1223 1090 1262 1120 et
1283 1088 1497 1123 constructio
1527 1088 1702 1130 postulat:

237 1131 303 1163 Seu
317 1139 431 1170 magna
442 1138 548 1161 sacer.-
568 1129 633 1160 hoe
650 1133 689 1160 ut
703 1128 876 1170 percipias
897 1138 1039 1161 necesse
1059 1134 1114 1162 est
1128 1137 1167 1162 ut
1183 1140 1340 1164 recurras
1358 1131 1403 1164 ad
1418 1142 1470 1166 vs.
1479 1135 1556 1166 107.
1578 1132 1708 1175 qnippe

235 1174 341 1216 longa.
354 1177 411 1206 est
420 1172 596 1215 periodus,
607 1181 673 1204 nec
687 1171 806 1210 finitur
815 1176 896 1205 ante
907 1182 1043 1207 versum
1059 1173 1145 1207 12⁰:
1155 1174 1389 1208 MarkL—llo
1398 1174 1442 1209 In
1455 1175 1576 1210 codiee
1591 1185 1709 1210 mnu-

899 1281 1047 1316 NOTAE

280 1348 343 1379 115
367 1347 524 1389 Pompeii,
540 1349 571 1379 et
590 1345 741 1387 catones]
765 1345 863 1380 Quos
879 1346 948 1379 sci·

235 1398 320 1432 licet
334 1399 521 1432 laudavisti
535 1398 646 1440 Epico
663 1397 830 1430 carmine.

278 1451 345 1481 116
368 1447 481 1490 Sacer]
526 1448 705 1481 Heroibus
741 1448 834 1480 enim
866 1455 948 1490 post

233 1503 381 1532 mortem
398 1510 497 1533 sacra
511 1499 654 1541 fiebant,
666 1498 759 1531 unde
776 1499 842 1541 ipsi
858 1499 949 1532 sacri

237 1554 350 1582 erant.

279 1603 343 1632 117
365 1600 478 1633 Nescis
495 1598 668 1640 Tartaron]
697 1599 875 1641 Tartarus,
898 1600 948 1632 lo·

235 1661 295 1685 cus
309 1652 368 1684 ubi
383 1652 574 1694 puniuntur
589 1655 765 1684 nocentes.

289 1706 352 1736 118
381 1703 534 1745 Verbera]
579 1703 759 1734 Furiarum
800 1702 946 1736 scilicet.

235 1755 456 1796 Pallidumque
470 1753 538 1785 visa
552 1753 674 1785 Matris
689 1754 832 1794 lampade
846 1753 945 1794 respi-

232 1807 280 1839 cis
294 1806 466 1847 Neronem]
491 1806 638 1838 Veteres
654 1805 846 1837 credebant
869 1815 948 1846 par-

233 1857 363 1890 ricidas
385 1864 428 1890 ac
443 1856 644 1889 matricidas
662 1856 842 1888 Furiarum
862 1856 947 1888 faci-

234 1907 301 1940 bus
317 1907 503 1949 exagitari,
520 1917 560 1938 ac
577 1907 709 1947 vexari,
722 1911 762 1938 ut
784 1906 827 1938 de
842 1906 947 1938 Ores-

234 1963 286 1999 te,
309 1963 347 1992 et
372 1958 573 1990 Aicmaeone
600 1957 763 1990 refertur.
807 1958 855 1990 Et
874 1958 948 1999 ipse

235 2010 335 2042 Nero
351 2007 601 2048 confitebatur,
623 2011 662 2040 ut
677 2008 726 2040 ait
746 2008 948 2048 Suetonius,

235 2058 411 2100 exagitari
436 2068 473 2090 se
490 2062 648 2090 materna
671 2058 803 2099 specie,
827 2057 948 2090 verbe·

236 2109 332 2141 ribus
346 2108 541 2148 Furiarum,
562 2117 602 2140 ac
620 2107 720 2140 taedis
737 2108 948 2141 ardentibus.

281 2162 346 2191 12⁰
368 2158 466 2191 Adsis
481 2158 622 2196 lucidus;
645 2162 689 2199 et,
704 2163 831 2191 vocante
845 2159 950 2200 Pollu,

240 2211 359 2251 Unum,
372 2220 488 2252 quoeso,
513 2210 596 2242 diem
614 2209 702 2241 Deos
715 2209 863 2241 silentum
880 2210 949 2241 Ex-

235 2261 319 2303 ores]
343 2262 393 2294 Ut
407 2262 502 2293 locus
517 2260 574 2292 hic
586 2260 815 2302 intelligatur,
825 2265 948 2292 notan-

235 2312 319 2344 dum
348 2316 487 2344 veteres
516 2321 716 2353 persuasum
742 2311 884 2352 habere,
910 2315 950 2343 ut

234 2362 308 2403 jam
325 2362 516 2394 monuimus
533 2361 695 2403 Epicedii
718 2362 752 2394 in
769 2362 948 2395 Glauciam

237 2422 288 2444 vs.
304 2414 378 2444 223.
401 2412 538 2444 umbras
554 2419 768 2444 mortuorum
782 2417 888 2445 noctu
900 2412 950 2444 di·

234 2462 357 2504 vagari
373 2462 407 2493 in
423 2463 537 2503 terris,
564 2464 710 2495 maxime
734 2473 865 2505 eorum,
890 2464 951 2506 qui

235 2513 386 2546 violenta
401 2518 514 2546 morte
530 2514 781 2557 immerhaqne,
806 2519 845 2547 et
867 2520 949 2547 ante

237 2563 344 2606 diem,
357 2564 506 2596 extincti
523 2570 685 2611 erant,bet
700 2566 735 2598 in
748 2566 874 2598 somnis
888 2576 950 2608 ap·

243 2625 381 2658 parere,
396 2615 520 2647 amicis
541 2616 692 2658 quidem,
718 2622 757 2649 ut
783 2627 842 2649 eos
865 2617 947 2649 allo-

239 2667 329 2710 quiis
342 2667 548 2707 solarentur,
564 2671 603 2698 nt
626 2677 730 2709 supra
744 2668 787 2699 de
801 2668 949 2701 Glaucia

238 2722 278 2751 et
294 2718 437 2751 Phileto
452 2718 575 2750 retulit
597 2718 631 2750 iu
652 2719 826 2760 Epicediis
850 2720 884 2751 in
909 2729 947 2751 n-

242 2773 414 2813 trumque,
437 2773 498 2805 aut
523 2769 553 2802 si
577 2770 753 2803 nescirent
777 2774 948 2811 mortuos,

1004 1357 1100 1380 snam
1115 1348 1315 1381 nuntiarent
1329 1351 1488 1389 mortem,
1503 1346 1710 1381 vindictam-

1003 1408 1083 1441 que,
1109 1402 1147 1431 et
1161 1398 1201 1441 si,
1224 1399 1306 1441 quid
1332 1399 1402 1432 tale
1422 1399 1708 1441 praescriberent,

1002 1453 1042 1481 ut
1057 1448 1209 1482 refertur
1221 1449 1313 1492 apud
1323 1450 1501 1483 Valerium
1516 1450 1707 1484 Maximum

1002 1499 1063 1532 lib.
1081 1509 1107 1533 1.
1120 1510 1198 1542 cap.
1214 1500 1259 1533 de
1275 1501 1437 1542 Somniis,
1461 1502 1631 1544 Exemplo
1656 1503 1709 1535 ul·

1003 1551 1100 1583 timo.
1143 1551 1300 1583 Tandem
1317 1551 1361 1583 de
1377 1552 1633 1585 imminentibus
1649 1563 1710 1596 pe-

1001 1601 1128 1643 riculis,
1152 1601 1273 1634 aliisve
1299 1601 1402 1634 rebus
1426 1602 1471 1634 ad
1493 1602 1711 1645 dirigendam

1002 1651 1107 1684 vitam
1136 1651 1375 1694 spectantibus
1401 1657 1514 1686 certos
1538 1653 1711 1696 facerent,

1000 1708 1040 1735 ut
1055 1703 1200 1735 habetur
1215 1703 1390 1745 Lacrymis
1415 1703 1604 1738 Hetrusci:
1625 1705 1637 1724 ‘
1649 1705 1709 1738 In-

1000 1754 1044 1786 de
1067 1755 1157 1786 viam
1175 1764 1321 1795 morum,
1344 1755 1527 1798 longaeque
1551 1755 1711 1789 examina

1000 1806 1096 1847 vitae,
1117 1804 1321 1848 Affatusque
1350 1806 1440 1848 pios,
1465 1807 1708 1850 monituraque

1001 1856 1132 1888 somnia
1145 1855 1307 1898 poscam.’
1348 1855 1531 1898 Apparere
1547 1866 1630 1889 vero
1644 1857 1709 1889 ini-

1002 1907 1112 1946 micis,
1134 1911 1175 1939 ut
1198 1917 1257 1939 eos
1271 1907 1502 1949 exagitarent,
1523 1912 1710 1948 terrerent,

1002 1968 1043 1990 ac
1058 1958 1322 1999 insequerentur
1338 1957 1505 1998 sangnine
1521 1967 1595 1991 suo.
1638 1958 1708 1992 Pa-

1002 2009 1116 2051 pinius
1129 2008 1238 2040 Theb.
1254 2017 1312 2040 111.
1333 2008 1344 2026 ‘
1355 2009 1407 2040 Te
1421 2009 1531 2040 series
1546 2008 1709 2042 orbarum

1002 2059 1122 2092 excisa
1137 2058 1314 2092 domorum
1327 2059 1535 2092 Planctibus
1549 2059 1710 2098 assiduis.

1001 2115 1038 2142 te
1068 2110 1148 2142 diro
1176 2110 1317 2142 horrore
1346 2111 1503 2143 volantes
1531 2110 1707 2153 Quinqua-

1002 2161 1099 2202 ginta
1114 2161 1236 2193 animae
1259 2161 1387 2193 circum
1410 2165 1600 2204 noctesque
1621 2160 1710 2193 dies-

1002 2221 1068 2254 que
1085 2210 1274 2244 Assiiient!
1316 2211 1430 2244 Porro
1445 2211 1532 2243 dicit
1555 2212 1642 2248 adsis
1662 2212 1709 2243 lu-

1001 2263 1108 2294 cidus:
1135 2262 1188 2294 Ad
1215 2261 1307 2304 quod
1343 2261 1620 2303 intelligendum,
1650 2261 1709 2294 ob·

1003 2312 1210 2344 servandum
1226 2317 1280 2344 est
1306 2312 1417 2345 adhuc
1441 2316 1482 2344 nt
1504 2313 1578 2354 Jam
1602 2313 1709 2344 etiam

1002 2364 1193 2395 monuimus
1218 2363 1262 2394 ad
1287 2362 1496 2395 Soteriorum
1513 2363 1639 2396 Gallici
1659 2373 1708 2396 vs.

1003 2417 1057 2447 86.
1079 2413 1268 2446 credidisse
1299 2417 1437 2445 veteres
1463 2422 1522 2444 eos
1551 2413 1610 2455 qui
1639 2422 1708 2446 non

1002 2475 1063 2497 sua
1077 2469 1201 2505 morte,
1214 2463 1275 2496 sed
1291 2464 1383 2496 tristi
1395 2464 1508 2506 aliquo
1522 2473 1603 2496 casn
1618 2465 1710 2506 peri-

1002 2516 1122 2556 issent,
1150 2514 1343 2547 simulacris
1365 2514 1436 2546 suis
1461 2513 1612 2547 retinere
1628 2519 1709 2556 post

1001 2570 1148 2598 mortem
1165 2569 1265 2596 notas
1291 2567 1328 2596 et
1358 2563 1503 2605 vestigia
1527 2565 1708 2598 vulnerum

1002 2616 1124 2659 quibus
1139 2614 1220 2647 caesi
1243 2624 1284 2647 ac
1299 2613 1488 2647 deformati
1510 2613 1651 2647 fuerant
1672 2615 1709 2647 in

1002 2666 1089 2699 vita.
1134 2665 1214 2697 Hoc
1237 2664 1344 2706 igitur
1368 2663 1470 2697 modo
1495 2664 1537 2696 iis
1562 2675 1708 2707 appare-

1003 2716 1090 2749 bant
1119 2714 1307 2755 interdum,
1335 2724 1420 2757 quos
1446 2724 1587 2747 movere
1615 2716 1708 2748 vole-

1003 2768 1101 2810 bant,
1112 2771 1152 2800 ut
1169 2770 1270 2809 patet
1285 2765 1420 2800 AEneid.
1436 2774 1480 2802 rx.
1501 2770 1513 2786 ·
1525 2765 1570 2800 In
1584 2765 1708 2800 somnis
