1800 3060
163 212 192 252 8
757 218 1032 250 PRAEFATlo.

164 318 284 357 esset
319 313 641 364 insumendum,
663 313 796 355 aliam
816 313 976 356 desuo
1001 314 1177 367 benigni
1197 313 1528 368 impingebant3
1563 316 1620 357 de

162 395 296 425 sensu
318 380 478 431 securi,
498 381 632 422 modo
653 394 706 421 ne
726 381 963 422 violaretur
993 386 1200 431 metrum,
1229 387 1274 423 et
1304 383 1620 437 exemplarium

163 463 342 492 suorum
363 453 588 491 venustas.
649 449 756 490 Hoc
790 454 936 490 autem
958 449 1094 490 semel
1116 449 1332 500 admisso,
1362 463 1485 504 saepe
1504 451 1622 492 acci-

164 518 229 559 dit
265 521 316 559 ut
352 517 525 571 reliqua
557 529 661 571 pars
701 530 857 559 versus
888 517 1158 558 immutanda
1191 522 1331 568 esset,
1357 522 1409 559 ut
1440 531 1621 560 sensum

163 585 411 626 inductitiae
452 584 558 625 voci
598 587 911 636 congruentem
948 584 1153 626 haberet:
1194 597 1282 638 quo
1322 589 1471 639 pacto,
1506 598 1623 627 error

162 665 277 694 unus
316 651 650 706 Interpolatoris
682 651 752 693 vel
787 651 977 693 Librarii
1007 664 1162 693 ansam
1193 652 1316 693 dedit
1345 651 1518 693 duobus
1551 652 1622 693 vel

163 720 307 761 tribus
328 719 515 760 aliorum
535 718 582 758 in
603 718 761 759 eodem
793 731 936 761 versu.
997 718 1123 760 Huic
1158 718 1411 761 Scribarum
1445 719 1623 760 festina-

163 786 288 836 tioni,
317 785 393 828 vel
425 785 791 839 Interpolatorum
812 785 1032 836 audaciae,
1066 786 1222 837 refero,
1241 787 1360 841 quod
1379 786 1503 840 Sylv.
1526 797 1558 827 1.
1577 787 1623 828 2.

164 866 244 907 pro
265 859 362 894 vota
374 866 588 908 precesque
610 853 744 906 vulgo
764 853 922 906 legitur
941 852 1047 894 dona
1061 869 1074 894 :
1110 858 1157 894 et
1192 854 1283 896 tale
1310 853 1481 909 aliquid
1500 853 1621 896 acci·
1654 885 1657 887 -

165 920 284 961 disse
319 921 527 974 suspicor
559 931 590 960 1.
613 920 655 961 3.
676 920 747 961 21.
785 920 860 961 ubi
895 919 1015 961 Anio
1054 920 1218 962 fluvius
1253 920 1417 963 dicitur
1451 918 1620 962 Saxeus.

165 987 290 1029 Hinc
309 987 443 1029 etiam
461 987 583 1029 venit
603 993 770 1041 partem
798 1000 879 1041 pro
908 993 1063 1028 noctem
1079 1003 1095 1032 ‚·
1127 985 1322 1029 Libertas
1346 1000 1429 1042 pro
1455 984 1622 1028 Nobili-

166 1060 229 1094 tas
243 1070 258 1100 ;
278 1053 382 1095 nube
402 1067 481 1109 pro
501 1052 623 1095 laude
637 1070 652 1099 ;
672 1052 822 1108 fateor
842 1067 922 1109 pro
937 1053 1102 1109 pariter
1114 1071 1129 1100 ;
1165 1053 1358 1096 Moribus
1376 1067 1459 1109 pro
1483 1052 1621 1096 Fasci-

166 1121 260 1163 bus:
291 1123 392 1167 hinc
411 1122 589 1163 carmine
608 1135 690 1176 pro
711 1122 905 1167 numium
939 1136 1100 1164 carmen
1129 1136 1212 1177 pro
1241 1121 1408 1167 limine,-
1437 1121 1621 1163 carmina

163 1203 245 1244 pro
266 1197 446 1244 tempora
457 1206 473 1235 ;
503 1189 687 1231 carmina
710 1204 792 1245 pro
813 1204 982 1231 manera
994 1206 1010 1236 ;
1026 1190 1186 1247 jugera
1206 1203 1286 1246 pro
1306 1204 1501 1235 munera,-
1530 1187 1622 1232 vul-

164 1271 264 1299 nera
282 1271 360 1312 pro
373 1271 542 1298 munera
558 1274 574 1303 ;
580 1257 742 1313 funera
766 1272 848 1313 pro
866 1257 1037 1300 vulnera
1053 1274 1068 1303 ;
1088 1257 1257 1299 vulnera
1278 1272 1360 1313 pro
1379 1273 1590 1302 murmura
1605 1275 1622 1305 ‚·

149 1323 313 1379 funera
328 1338 412 1380 pro
416 1323 611 1380 fulmina
630 1342 646 1371 ;
658 1324 826 1380 pulvere
844 1339 924 1380 pro
928 1324 1111 1381 fulgure
1125 1341 1140 1371 ;
1156 1332 1321 1379 pectora
1341 1339 1421 1381 pro
1442 1325 1621 1369 lumina.-

164 1406 265 1446 quae
304 1381 454 1434 omnia
481 1394 585 1435 loca
619 1394 790 1437 restitui
828 1406 887 1435 ex
916 1394 999 1436 hac
1029 1395 1274 1435 certissima
1302 1394 1468 1448 regula,
1499 1394 1621 1449 quod

163 1459 267 1502 hinc
289 1461 472 1502 stabant
501 1474 660 1503 sensus
691 1465 735 1503 et
765 1461 989 1515 elegantia
1018 1466 1059 1502 et
1088 1462 1256 1503 usitata
1275 1463 1479 1512 mutatio,
1497 1462 1620 1505 illinc

163 1527 426 1581 plerumque
447 1528 711 1570 absurditas.
771 1528 952 1583 Quippe
970 1529 1206 1571 notandum
1226 1529 1354 1571 estin
1374 1528 1457 1571 hac
1479 1534 1620 1583 parte,

163 1608 252 1637 non
289 1595 432 1637 solum
464 1595 587 1649 apud
629 1596 836 1646 Statium,
865 1596 944 1638 sed
974 1599 1019 1637 et
1049 1599 1218 1637 ceteros
1247 1609 1401 1638 omnes
1431 1596 1620 1648 Poetas,

164 1675 300 1704 voces
319 1676 504 1714 munera,
524 1662 711 1714 vulnera,
741 1664 922 1714 nomina,
957 1662 1117 1714 limina,
1139 1662 1310 1716 lumina,
1325 1664 1622 1720 flamina‚flu-

164 1729 291 1782 mina,
312 1728 516 1785 fizlgura,
535 1728 746 1785 fulmina,
766 1729 942 1787 funera,
971 1730 1155 1782 numina,
1178 1745 1402 1784 murmura,
1422 1733 1621 1784 carmina,

165 1803 364 1851 tempora,
398 1796 600 1853 germina,
626 1799 836 1854 gramina,
867 1803 913 1842 et
940 1799 1104 1841 similia
1136 1800 1364 1854 trisyllaba
1383 1800 1619 1855 dactylica,

164 1877 286 1919 saepe
317 1865 364 1906 in
385 1865 499 1907 Mss.
521 1865 664 1907 Codd.
684 1880 765 1921 pro
784 1880 833 1908 se
854 1868 1041 1910 invicem
1063 1868 1273 1910 substitui
1287 1881 1298 1910 :
1311 1872 1332 1899 ⁴
1360 1881 1444 1910 nec
1463 1868 1620 1910 dubito

165 1933 269 1986 quin
290 1931 467 1974 AEneid.
491 1943 585 1973 xil.
605 1933 707 1976 518.
726 1934 805 1976 ubi
825 1948 937 1977 nunc
958 1935 1142 1988 legitur:

508 2033 705 2086 piscosae
728 2035 798 2076 cui
820 2035 987 2076 circum
1008 2033 1190 2078 flumina
1209 2034 1363 2076 Lernae

278 2098 367 2141 Ars
388 2100 547 2151 fuerat,
568 2113 825 2156 pauperque
847 2102 1005 2145 domus
1023 2116 1036 2154 ;
1063 2115 1146 2146 nec
1166 2106 1271 2144 nota
1291 2105 1517 2158 potentum

281 2166 483 2217 Munera,

167 2233 383 2288 Virgilius
405 2235 637 2290 scripserit
668 2238 681 2257 ‘
704 2234 880 2278 Limina
896 2235 922 2288 ;’
968 2239 1018 2277 ut
1050 2235 1169 2290 apud
1198 2235 1446 2278 Martialem
1467 2234 1620 2290 Epigr.

170 2311 264 2342 xn.
285 2301 354 2343 18.

283 2369 401 2410 Dum
423 2382 501 2423 per
519 2369 671 2411 limina
695 2375 737 2412 te
759 2371 1074 2425 potentiorum,
1096 2372 1178 2412 &c.

169 2441 211 2477 et
233 2435 525 2478 Claudianum
545 2437 590 2477 in
613 2436 685 2478 Pr.
707 2437 844 2479 Cons.
866 2436 1039 2479 Stilich.
1064 2448 1097 2479 1.
1118 2437 1190 2479 42.

509 2503 646 2546 nullis
665 2505 833 2548 haerere
854 2510 1084 2561 potentum

282 2569 530 2611 Liminibus
549 2585 560 2622 ;

212 2700 232 2729 4
257 2699 266 2715 ‘
286 2699 342 2730 De
365 2698 431 2731 hac
455 2708 491 2730 re
521 2699 598 2731 vide
624 2700 750 2742 Georg.
773 2702 866 2734 Frid.
923 2702 1040 2734 niones
1067 2701 1102 2732 in
1134 2701 1294 2734 nonnulla
1323 2701 1366 2734 P.
1397 2700 1526 2742 ovidii,
1554 2703 1621 2734 ὅτε.

168 2747 494 2789 stephan.stieberi
507 2749 740 2791 ConJectanea
752 2756 787 2784 et
796 2750 868 2794 opi·
921 2753 1010 2785 loca.
1026 2752 1165 2794 Erlang.
1183 2754 1278 2784 1786.
1301 2761 1337 2794 p.
1351 2754 1396 2784 63
1417 2751 1525 2784 Hand.
