1800 3060
232 207 320 251 436

730 219 769 249 Ρ.
803 218 997 249 ΡΑΡΙΝΗ
1029 218 1197 250 STATu

231 314 415 356 Tiburis
431 314 477 355 hi
497 314 641 364 lucos,
664 312 927 369 Anienaque
948 315 1113 368 frigora
1133 322 1332 371 captant.

232 382 300 424 Te
321 395 503 436 quoque
526 383 740 424 clamosae
759 396 963 437 quaenam
985 385 1117 438 plaga
1137 385 1282 426 mitior
1300 385 1398 427 urbi

233 450 494 491 Subtrahit'?
528 450 714 492 aestivos
734 464 824 505 quo
847 451 1019 506 decipis
1041 451 1146 494 a'ere
1167 453 1320 494 soles?

234 517 374 569 Quid,
397 522 500 559 tuus
523 522 623 559 ante
648 531 817 568 omnes,
838 523 919 560 tua
942 531 1052 561 cura
1070 520 1306 573 potissima
1326 519 1505 571 Gallus,

1639 520 1696 562 20

234 585 333 627 Nec
353 598 439 626 nou
461 590 615 626 noster
636 599 773 637 amor,
794 586 996 637 (dubium
1017 600 1247 628 morumne
1269 588 1527 642 probandus

232 652 465 706 Ingeniine
483 651 652 708 bonis‚)
672 653 818 695 Latiis
841 654 1016 696 aestivat
1036 655 1081 695 in
1101 655 1188 696 oris
1204 656 1223 695 ’ἱ

231 721 362 763 Anne
384 721 660 763 metalliferae
682 723 843 777 repetit
863 722 961 777 jam
982 723 1151 764 moenia
1170 723 1308 764 Lunae

230 789 571 844 Tyrrhenasque
589 790 744 831 domos
759 791 779 831 ‘l
811 791 931 845 quod
952 791 991 832 si
1010 791 1092 832 tibi
1112 792 1347 845 proximus
1367 791 1524 842 haeret,

231 857 341 898 Non
362 870 447 910 ego
468 870 586 899 nunc
608 862 757 900 vestro
777 859 931 913 procul
951 872 979 901 a
1000 872 1198 901 semione
1214 858 1398 902 recedo:

1639 862 1698 904 25

232 925 409 967 Certum
429 929 520 967 est:
551 925 655 967 inde
676 939 816 968 sonus
838 928 1034 980 geminas
1054 927 1161 969 mihi
1181 928 1342 969 circuit
1361 940 1503 969 aures.

228 1050 304 1078 runt
319 1047 419 1079 saltus
435 1047 626 1089 Tyburis‚³et
631 1048 764 1088 frigora
778 1049 906 1081 Anieni.
950 1049 995 1080 At
1010 1060 1151 1090 quamam
1167 1054 1215 1082 est
1230 1050 1329 1082 lenior
1342 1049 1441 1091 regio,
1454 1060 1523 1091 quae
1537 1054 1569 1082 te
1582 1050 1696 1082 subdu-

228 1089 273 1120 cit
288 1100 307 1120 α
320 1091 474 1132 strepenti
495 1091 646 1123 civitate?
667 1102 727 1132 quo
742 1102 820 1123 aura
834 1091 965 1132 mitigas
984 1093 1109 1124 oestivos
1131 1095 1268 1125 calores?
1313 1094 1399 1130 Quia
1414 1098 1488 1126 tuus
1503 1094 1628 1133 Gallus,
1642 1097 1697 1124 tua

224 1140 292 1172 proe
305 1134 419 1165 ceteris
433 1133 571 1166 maxima
585 1144 673 1174 cura,
685 1144 804 1167 necnon
818 1138 932 1167 nostrae
946 1135 1197 1178 delicioe‚(aeque
1210 1137 1385 1169 laudandus
1399 1147 1518 1168 monam
1526 1147 1563 1168 oc
1576 1135 1698 1176 ingenii

227 1175 380 1218 dotibus,)
395 1177 584 1217 transigitne
597 1181 738 1209 aestatem
752 1179 786 1209 in
801 1177 919 1211 Latio?
961 1178 1054 1211 Anne
1069 1179 1151 1211 redit
1166 1179 1301 1218 Ianam,
1323 1190 1393 1221 quoe
1405 1181 1475 1220 sert
1486 1189 1652 1217 naor-moro,
1665 1181 1696 1209 et

227 1218 268 1248 ad
281 1220 366 1251 oedes
383 1219 583 1262 Tyrrhenas?
629 1221 721 1257 Quod
732 1221 763 1252 si
774 1231 838 1253 una
852 1222 939 1261 estis,
959 1232 1022 1254 non
1036 1231 1092 1261 ego
1107 1223 1199 1262 longe
1213 1222 1320 1255 obsum
1339 1234 1359 1254 α
1373 1223 1486 1255 vestiis
1498 1222 1698 1255 sermonibus.

229 1261 302 1293 Hoc
315 1266 436 1295 cereum
449 1267 508 1296 est.
555 1264 642 1296 Hinc
659 1263 799 1297 tinniunt
812 1263 890 1296 milui
903 1265 974 1296 duae
990 1275 1093 1298 aures.
1143 1266 1191 1298 Tu
1213 1267 1328 1307 igitur,
1354 1267 1428 1298 dum
1452 1266 1605 1298 terribilis
1617 1265 1698 1304 ,iuba

843 1348 942 1361 eece-e
946 1349 982 1360 00
986 1347 1084 1361 00000

225 1412 392 1445 reducere
424 1414 623 1446 molientem
655 1413 792 1455 Apoph.
820 1416 880 1447 lib.
900 1426 926 1447 1.
951 1425 1027 1457 cap.
1046 1415 1089 1448 1.’
1113 1416 1320 1448 Rmth.—22
1352 1415 1517 1455 Ingeniive
1549 1415 1693 1446 Venett.

224 1456 342 1488 Parm.
359 1457 455 1488 Rom.
478 1456 581 1489 Aldd.
604 1458 712 1490 colin.
728 1458 863 1499 Grypli.
881 1459 987 1492 Basil.
1015 1463 1051 1490 et
1074 1459 1190 1490 Plant.
1213 1458 1382 1498 Ingeniine
1404 1467 1448 1489 ex
1471 1458 1609 1498 iugenio
1633 1467 1693 1488 suo

225 1498 336 1531 edidit
350 1500 676 1533 Marklandus.—26
695 1502 909 1534 Parmensis:
927 1502 1060 1534 Certum
1075 1506 1136 1542 est,
1146 1503 1240 1542 unde,
1252 1504 1306 1543 Ere.
1322 1506 1449 1533 ceterae
1466 1500 1693 1541 onmes,2·n‹1e.

892 1598 1034 1631 No'rAE

226 1670 321 1693 mons
334 1661 425 1693 Latii
441 1661 529 1694 haud
541 1662 644 1704 longe
654 1663 698 1695 ab
711 1662 795 1695 urbe
813 1663 937 1704 Roma,

225 1712 260 1744 in
290 1722 358 1754 quo
389 1717 444 1744 est
474 1711 639 1754 Algidum
678 1713 857 1755 oppidum,
891 1714 934 1745 ab

226 1763 317 1795 aistis
341 1764 460 1805 algore
479 1765 529 1796 sic
545 1764 688 1797 dictum.
727 1765 830 1797 Nunc
846 1764 933 1796 Roca

224 1818 277 1849 del
292 1817 384 1858 Papa
407 1822 548 1848 vocatur
570 1827 614 1849 ex
630 1817 759 1849 veteris
776 1818 862 1849 situs
879 1817 936 1848 de.

223 1867 414 1908 scriptione
431 1868 525 1909 apud
542 1867 817 1901 Volaterranum.
846 1869 932 1900 Item

223 1927 344 1949 nemus
361 1919 393 1949 in
413 1918 526 1959 Latio,
553 1919 666 1959 vulgo,
681 1917 773 1951 Selom
786 1918 847 1951 del’
862 1919 934 1959 Ag-

223 1967 277 1999 lio.
324 1968 511 2000 Horatius:
536 1970 546 1987 ‘
562 1969 776 2011 Quicumque
800 1974 859 2000 aut
875 1979 933 2011 ge-

222 2017 294 2050 lida
318 2018 494 2059 prominet
516 2017 667 2059 Algido!
710 2019 777 2051 Aut
803 2019 935 2052 nacula

221 2070 363 2111 protegit
386 2069 509 2111 umbra]
545 2070 707 2108 Tuscula,
739 2081 760 2103 a
784 2072 934 2105 Tusculo

224 2121 354 2162 oppido
385 2121 489 2160 Latii,
524 2122 666 2153 condito
697 2132 718 2153 a
747 2122 933 2163 Telegono.

223 2171 314 2203 vide
329 2171 462 2204 Tiburt.
479 2181 529 2204 vs.
545 2174 601 2204 83.

268 2225 309 2253 17
336 2222 465 2254 ‘Rbus-is
486 2222 520 2254 hi
539 2223 717 2265 lucanam]
739 2224 850 2256 Tibur
873 2235 933 2267 op-

225 2272 342 2313 pidum
364 2274 470 2314 juxta
495 2273 648 2307 Romam.
693 2274 782 2306 Vide
804 2276 932 2307 Villam

223 2322 359 2355 Tiburt.
387 2333 436 2356 vs.
460 2327 491 2356 1.
536 2324 577 2356 In
609 2325 684 2358 haec
704 2330 820 2358 autem
846 2327 933 2368 loca,

224 2383 368 2415 quorum
395 2375 451 2407 hic
467 2376 675 2408 mentionem
698 2375 787 2409 facit
807 2377 931 2415 Poeta,

226 2424 390 2456 secedere
414 2426 507 2458 soliti
531 2427 678 2459 Romani
700 2428 821 2460 aestivo
845 2434 932 2460 tem-

226 2483 322 2515 pore,
340 2480 377 2506 et
400 2485 462 2516 per
489 2478 710 2519 gravissimos
726 2479 872 2519 calorem,
888 2479 932 2511 ob

223 2525 338 2557 aetem
350 2524 512 2566 frigidum
529 2534 564 2559 et
583 2533 826 2570 temperatum.
850 2529 932 2561 Am·-

224 2575 298 2617 ena]
321 2575 447 2618 Anien,
471 2588 531 2609 seu
555 2578 657 2620 Anio,
681 2578 805 2612 fluvius
828 2579 932 2612 Latii.

228 2627 315 2659 Vide
331 2627 456 2659 Villam
471 2628 607 2661 Tiburt.
624 2640 671 2661 vs.
690 2633 718 2663 1.

269 2680 310 2709 18
335 2678 503 2720 Clamosoe]
540 2679 730 2712 Horatius:
765 2681 776 2698 ‘
797 2680 932 2713 Omitte

223 2729 340 2759 mirari
362 2729 504 2761 Fumum
522 2734 559 2762 et
579 2740 663 2772 opes
680 2732 931 2774 strepitumque

225 2778 365 2811 Romae.¹
415 2779 509 2821 Urbi]
535 2781 663 2814 Romae.
708 2781 766 2814 Sic
789 2781 930 2814 Atheni-

989 1673 1091 1695 enses
1118 1663 1271 1696 Athenas
1286 1662 1456 1695 vocabant
1473 1661 1565 1702 ἄστυ,
1579 1662 1612 1694 id
1630 1667 1698 1704 est,

987 1716 1107 1747 urbem.

1030 1768 1072 1797 23
1097 1764 1306 1804 Metalliferoe
1332 1763 1448 1805 Lunoe]
1481 1765 1591 1802 Luna,
1611 1764 1695 1797 urbs

988 1816 1138 1848 Etruriae
1168 1815 1348 1848 marmoris
1378 1814 1506 1847 fodinis
1536 1821 1630 1856 nota,
1656 1820 1695 1848 ut

983 1866 1059 1908 jam
1074 1865 1234 1898 diximus.

1031 1920 1074 1950 24
1091 1918 1329 1960 Tyrrhenasque
1338 1917 1461 1959 domos]
1475 1918 1661 1958 Etruriam,
1674 1929 1695 1950 a

987 1969 1174 2010 Tyrrhenis
1189 1969 1321 2000 incolis.

1029 2022 1075 2051 26
1114 2020 1246 2052 Certum
1280 2018 1344 2060 est]
1386 2019 1624 2061 Epiphonema
1660 2019 1695 2051 iu

989 2071 1101 2103 omine
1117 2071 1210 2110 laeto,
1226 2075 1264 2102 ut
1279 2069 1427 2112 καρτερόν
1441 2070 1523 2111 ἐστι,
1535 2070 1696 2113 νημερτὲς,

988 2119 1098 2163 κάρτα.
1146 2121 1225 2153 Inde
1249 2131 1344 2154 sonus
1365 2122 1511 2163 geminas
1532 2122 1611 2154 mila·
1631 2122 1696 2154 cir-

988 2172 1054 2203 cuit
1068 2171 1175 2212 aures]
1197 2172 1324 2213 Tangit
1334 2172 1390 2205 hie
1400 2177 1559 2204 veterum
1576 2180 1696 2214 super-

988 2222 1174 2257 stitionem.
1189 2232 1265 2263 quae
1281 2222 1386 2254 etiam
1403 2231 1493 2254 nunc
1509 2223 1617 2264 viget,
1628 2231 1695 2265 qua

990 2273 1161 2314 putabant
1192 2282 1291 2305 aures
1320 2274 1444 2305 tinnire
1469 2277 1505 2305 et
1535 2283 1694 2306 resonare

987 2324 1041 2364 iis,
1057 2323 1101 2355 de
1115 2323 1237 2366 quibus
1254 2324 1332 2355 alibi
1348 2333 1459 2356 sermo
1475 2323 1593 2357 flebat.
1623 2324 1695 2356 Ve-

989 2381 1043 2406 tus
1070 2374 1182 2406 Poeta
1209 2374 1302 2406 inter
1328 2375 1507 2407 catalecta
1533 2374 1692 2416 virgilii:

986 2426 995 2442 ‘
1013 2425 1163 2457 Garrula
1178 2425 1259 2468 quid
1274 2426 1359 2459 totis
1371 2435 1509 2458 resonas
1521 2425 1600 2458 mihi
1612 2434 1692 2457 uoc-

988 2475 1078 2507 tibus
1100 2477 1203 2516 auris,
1220 2476 1364 2517 Nescio,
1379 2486 1481 2518 quem
1503 2475 1587 2508 dicis
1601 2484 1692 2506 nunc

987 2527 1179 2558 meminisse
1196 2528 1275 2559 mei.
1320 2527 1389 2558 Hic
1399 2528 1474 2568 quis
1489 2525 1535 2558 sit
1547 2516 1692 2567 quaeris?

989 2582 1152 2609 resonant
1170 2577 1230 2608 tibi
1248 2577 1407 2610 noctibus
1423 2576 1542 2608 aures?
1575 2576 1621 2607 Et
1639 2575 1694 2607 re-'

987 2633 1108 2660 sonant
1119 2629 1219 2660 totis?
1242 2628 1344 2660 Delia
1356 2633 1391 2660 te
1403 2626 1577 2669 loquitur.'
1598 2627 1693 2658 Aris·

987 2683 1134 2711 taenetus
1149 2678 1208 2711 lib.
1227 2687 1268 2711 11.
1284 2677 1396 2720 Epist.
1413 2680 1467 2710 13.
1511 2678 1578 2709 Οὐκ
1599 2677 1691 2717 ἐβόμ·

985 2732 1035 2766 βει
1059 2741 1108 2761 σοι
1129 2730 1171 2761 τὰ
1194 2728 1270 2769 ὦτα,
1295 2728 1349 2760 ὅτε
1374 2739 1432 2760 σου
1455 2728 1535 2768 μετὰ
1556 2727 1693 2770 δακρύων
1714 2759 1717 2773 a

986 2780 1180 2821 ἐμεμνήμην;
1208 2781 1318 2812 Nonne
1340 2779 1517 2812 tinniebant
1547 2779 1608 2811 mn·
1634 2782 1692 2811 ‹nt-¹
