1800 3060
1483 221 1567 264 251

1511 326 1568 367 10

569 237 845 271 εγιΝΑιιυΜ
878 235 974 266 Lis.
1002 234 1055 266 11.
1085 224 1127 265 5.

130 338 312 388 IncituS‚
330 337 406 377 aut
425 347 551 376 caeco
569 334 709 375 foveae
725 332 941 386 deceptus
961 330 1113 379 hiatu;

128 405 219 450 Sed
237 404 384 446 victus
400 401 592 454 fugiente
610 401 728 442 fera:
760 402 849 441 stat
866 398 1043 440 cardine
1060 398 1213 450 aperto

126 473 293 516 Infelix
311 482 467 519 cavea,
487 474 534 510 et
549 468 716 510 clausis
736 468 900 509 circum
919 466 1111 518 undique
1131 462 1271 518 portis

129 541 231 582 Hoc
250 538 428 580 licuisse
447 536 571 577 nefas
590 534 743 590 pavidi
763 534 950 575 timuere
971 533 1138 574 leones.

124 609 247 651 Tunc
269 604 442 648 cunctis
461 603 657 646 cecidere
670 603 811 657 jubae,
829 601 1070 656 puduitque
1090 599 1270 640 relatum

122 725 187 765 gis,
198 735 258 757 m
272 725 388 756 incitus
398 734 454 766 per
466 723 614 756 venabula
626 723 708 754 saltu
714 721 899 760 formidato,
913 722 967 752 aut
981 720 1206 751 circumventus
1228 719 1338 749 latenti
1353 717 1442 749 hiatu
1449 717 1565 755 [περ.

123 769 177 799 sed
190 768 289 800 victus
302 767 566 806 oserasugiente.
610 765 731 806 Aperta
750 768 795 796 est
808 764 922 802 infelix
935 773 1039 802 cavea,
1052 766 1083 793 et
1098 762 1226 793 attoniti
1247 762 1346 792 leones
1363 760 1395 791 in
1416 759 1565 790 obseratis

123 810 238 842 circum
250 810 383 852 undique
398 809 524 849 foribus
539 815 707 841 'cuneorum
731 817 856 838 suarum
875 815 1025 847 expavere
1047 806 1104 835 hoc
1117 804 1198 846 fieri
1217 804 1375 844 potuisse.-
1396 802 1564 841 tuucjuboe

124 852 260 885 omnibu
272 853 417 891 dianae,
430 862 538 893 eosque
549 851 661 893 puduit
681 859 805 883 cernere
830 853 861 881 te
881 851 1085 890 reportatum,
1109 851 1140 879 el
1162 847 1349 878 demiserunt
1366 848 1447 877 totas
1458 845 1563 886 polpe-

918 944 960 957 Ο,

124 1022 272 1065 Μιηςηυ
291 1022 369 1056 edd.
382 1025 550 1055 vett—12
572 1022 687 1054 Parm.
704 1022 802 1054 Rom.
816 1020 918 1053 Aldd.
935 1020 1044 1053 Colin.
1068 1020 1199 1062 Gryph.
1214 1023 1250 1051 et
1265 1020 1371 1052 Bern.
1396 1022 1426 1050 et
1442 1019 1564 1050 clausae

121 1067 237 1098 dmm
259 1066 392 1106 undique
416 1068 532 1107 portus.
576 1066 587 1082 ‘
601 1065 801 1097 Necessario
821 1065 874 1095 hic
901 1070 1106 1104 reponatur:
1140 1063 1254 1095 clausis
1289 1063 1406 1094 circum
1429 1062 1563 1102 undique

119 1108 231 1150 portis.
274 1107 437 1149 Apertam
459 1107 562 1139 fnisse
577 1106 755 1139 interfecti
772 1106 878 1138 leonis
904 1107 1035 1138 domam
1052 1106 1160 1144 dicit3
1192 1106 1397 1147 reliquorum
1420 1105 1564 1144 clausas,

121 1160 165 1182 ne
187 1151 300 1192 plures
330 1156 547 1192 erumpentes
574 1150 702 1191 pariter
728 1149 962 1191 perderentur.
1008 1149 1109 1181 Hanc
1134 1149 1339 1180 sententiam
1365 1145 1564 1179 offuscatam

121 1202 219 1224 nemo
245 1193 409 1225 hactenus
439 1193 522 1225 vidit
545 1201 623 1224 cum
653 1192 687 1223 in
715 1193 851 1232 vulgata
879 1192 1049 1232 scriptura
1079 1198 1190 1223 tamen
1215 1191 1328 1222 nullus
1349 1190 1396 1222 sit
1418 1189 1562 1222 sensus?

121 1235 236 1268 Barna.
278 1235 345 1267 Sed
378 1236 428 1268 ita
449 1235 521 1276 jam
544 1235 701 1267 ediderat
728 1235 912 1267 Gevartins
939 1243 982 1265 ex
1008 1235 1210 1275 conjectura
1234 1233 1358 1274 Lipsii:
1382 1232 1432 1264 ita
1458 1232 1563 1264 etiam

120 1278 240 1319 legunt
254 1277 409 1310 Raderus
422 1279 464 1309 ad
481 1278 631 1310 Martini.
647 1286 701 1309 tx.
722 1280 776 1309 90.
802 1283 838 1309 et
851 1277 935 1308 Tho.
952 1278 1178 1318 Dempsterus
1192 1276 1235 1307 nd
1252 1276 1310 1307 lib.
1327 1284 1385 1307 ιιι.
1405 1275 1562 1316 Corippi.

51 1352 53 1355 ,
119 1321 130 1339 ⁸
142 1320 301 1360 Abrupta
314 1321 388 1353 haec
398 1321 571 1359 videntur,
585 1324 621 1352 et
631 1320 786 1361 suspicor
796 1320 922 1361 aliquid
938 1318 1071 1358 deesse,
1086 1319 1148 1351 nisi
1160 1317 1376 1351 scribendum
1393 1321 1430 1349 et
1444 1316 1564 1349 distin·

119 1362 288 1403 guendum
310 1363 379 1394 sit:
399 1366 466 1394 *stat
489 1363 615 1394 cardine
636 1366 744 1403 operto
759 1362 878 1401 Infelix
899 1372 1002 1402 cavea,
1015 1363 1144 1394 occlusis
1165 1362 1282 1393 circum
1302 1361 1438 1401 undique
1460 1361 1563 1401 portia

119 1405 193 1438 Hoc
205 1406 329 1438 licuisse
351 1406 439 1444 nefas
460 1405 572 1447 putido
583 1414 728 1445 gemuere
751 1404 874 1437 leones!
898 1405 1109 1437 Markl.——13
1133 1405 1255 1436 Venet.
1275 1407 1302 1435 1.
1331 1404 1443 1434 Parm-
1463 1403 1560 1435 Rom.

118 1447 256 1480 Venett.
269 1451 301 1480 2.
315 1451 346 1479 3.
359 1450 392 1479 4.
407 1448 653 1480 Brix.Vicent.
671 1446 774 1479 Aldd.
787 1447 897 1480 Colin.
913 1447 1046 1488 Gryph.
1062 1447 1166 1478 Basil.
1180 1448 1282 1478 Bern.
1296 1446 1439 1478 Gevart.
1456 1445 1562 1477 Gras-

117 1498 183 1522 ser.
199 1489 339 1523 Amstel.
357 1491 508 1523 GronoV.
530 1490 649 1522 Barth.
663 1491 773 1522 Veen.
798 1496 834 1522 et
859 1490 987 1531 Delph.
1005 1490 1114 1531 putidi
1135 1490 1266 1521 timuere
1280 1490 1390 1520 leones.
1432 1487 1442 1505 ‘
1458 1488 1561 1520 Hanc

117 1533 295 1564 lectionem
313 1533 388 1564 falsi
411 1533 524 1574 arguit
549 1542 667 1564 sensus
689 1532 893 1564 communis:
917 1542 1016 1563 nemo
1038 1534 1126 1564 enim
1150 1532 1271 1564 timere
1295 1534 1408 1572 potest
1433 1530 1561 1572 aliquid

118 1575 253 1607 licuisse
265 1586 276 1614 ;
297 1577 427 1617 quippe
439 1576 541 1607 timor
553 1575 662 1607 locum
677 1575 782 1607 habet
797 1574 854 1606 ubi
869 1575 904 1606 in
921 1575 1054 1606 incerto
1066 1585 1119 1606 res
1136 1580 1228 1614 sunt,
1241 1584 1308 1605 non
1321 1574 1378 1604 ubi
1391 1573 1562 1614 praeteriit

117 1617 208 1658 quod
225 1617 419 1656 timuimus3
449 1623 527 1649 tnnc
542 1617 631 1648 enim
658 1617 813 1649 succedit
830 1618 936 1656 dnlor,
952 1618 1004 1649 vel
1029 1618 1239 1658 desperatio,
1256 1617 1310 1648 vel
1335 1616 1413 1648 talis
1438 1616 1560 1657 aliquis

117 1658 272 1692 affectus.
315 1661 353 1692 Si
376 1660 479 1700 igitur
494 1669 556 1701 pro
569 1660 699 1692 timuere
723 1661 847 1691 licuisse
869 1660 1064 1700 scripsisset
1087 1661 1210 1691 doluere
1234 1660 1369 1697 ueniae,
1394 1663 1491 1690 recte
1507 1667 1561 1690 se-

117 1701 266 1734 cundnm
290 1708 444 1734 naturam
474 1702 689 1743 scripsisset3
718 1708 756 1734 nt
784 1702 874 1744 apud
906 1703 1031 1734 Lucan.
1057 1711 1109 1734 rx.
1131 1705 1225 1734 10⁵5.
1278 1700 1512 1733 Proculdubio
1540 1711 1561 1733 a

116 1745 227 1777 Statio
241 1743 332 1777 fuit:
355 1745 428 1777 Hoc
452 1745 577 1776 licuisse
599 1744 688 1783 nesus
699 1745 806 1786 putidi
824 1755 970 1785 gemuere
985 1746 1095 1777 leones.
1138 1744 1248 1776 Theb.
1263 1753 1290 1775 1.
1305 1747 1379 1776 814.
1396 1752 1462 1775 vu.
1484 1746 1559 1776 821.

115 1791 153 1819 et
166 1786 229 1819 Sil.
243 1787 323 1820 Ital.
339 1796 382 1819 11.
403 1790 479 1819 225.
522 1787 590 1819 Sed
613 1797 677 1819 nec
698 1787 807 1819 adhuc
831 1793 926 1819 recte
951 1787 1055 1819 habet
1082 1797 1223 1819 sensus:
1247 1796 1314 1818 nou
1330 1786 1422 1818 enim
1442 1786 1559 1817 leones

115 1838 275 1870 gemuere
289 1830 353 1861 hoc
375 1830 524 1869 licuisse,
542 1829 708 1867 absolute,
724 1829 783 1862 sed
798 1841 807 1862 ε
829 1830 902 1861 Hoc
917 1830 1041 1862 licuisse
1054 1831 1142 1869 nefa
1153 1830 1267 1870 pavido
1283 1838 1427 1869 gemuere
1448 1829 1559 1860 hones.

113 1871 151 1904 si
171 1873 256 1903 alins
271 1878 308 1904 et
323 1871 444 1903 sortior
468 1873 522 1903 leo
537 1872 599 1904 hoc
621 1871 751 1903 facinus
773 1878 1022 1914 perpetrasset,
1039 1873 1123 1903 nihil
1138 1872 1224 1903 adeo
1239 1871 1422 1903 dolendum
1444 1869 1535 1902 foret
1547 1881 1558 1902 ε

114 1923 191 1946 cnm
214 1923 295 1946 vero
315 1914 427 1956 pavido
451 1914 566 1955 tigridi
579 1914 694 1956 (quein
720 1924 823 1956 snpra
838 1919 941 1946 vocat
959 1915 1065 1953 serm
1081 1913 1276 1955 fugientem)
1300 1919 1434 1946 tantum
1449 1913 1558 1950 licuit,

115 1956 181 1990 boc
194 1957 330 1999 quidem
344 1957 546 1999 gemendum
568 1962 656 1990 erat.
701 1957 850 1999 Compar
871 1959 1044 1990 sententia
1066 1957 1158 1999 apud
1174 1956 1297 1990 claud.
1323 1956 1360 1988 in
1381 1955 1498 1989 Rufin.
1514 1964 1558 1988 ιι.

767 2032 908 2066 NOTAE

155 2108 197 2139 10
218 2105 283 2138 Aac
309 2116 387 2138 eoeco
404 2107 507 2145 soceoe
534 2108 677 2148 deceptus
699 2107 803 2148 hiatu]

112 2157 244 2190 Plinius
273 2157 396 2188 ibidem
410 2167 419 2188 :
449 2157 460 2175 ‘
471 2157 602 2198 capere
631 2167 687 2189 eos
707 2157 804 2190 ardui

112 2211 187 2239 erat
201 2206 369 2248 quondam
384 2207 512 2248 operis,
528 2206 634 2239 foveis
645 2208 803 2241 maxime.

113 2257 313 2299 Principatn
319 2257 454 2289 Claudii
464 2267 562 2290 casus
570 2259 739 2293 rationem
747 2259 804 2292 do-

108 2309 192 2348 cuit,
208 2307 400 2350 pudendm
424 2317 524 2349 paene
546 2309 623 2341 talis
645 2309 727 2342 feras
746 2320 804 2342 no-

109 2359 215 2398 mine,
237 2357 384 2399 pastoris
412 2357 529 2389 Getuli
567 2367 648 2399 sago
685 2363 804 2392 contra

106 2407 294 2449 ingruentis
326 2407 489 2448 impetum
515 2406 651 2448 objecto
666 2418 675 2439 :
710 2409 801 2450 quod

106 2456 336 2501 spectaculum
344 2457 497 2498 protinus
506 2456 541 2488 iu
550 2466 685 2489 arenam
694 2462 801 2490 trans-

107 2510 212 2541 latum
226 2512 290 2548 est,
308 2507 364 2538 vix
378 2506 536 2538 credibili
551 2507 652 2539 modo
668 2512 799 2550 torpes-

108 2564 209 2592 cente
222 2563 320 2591 tanta
333 2558 389 2589 illa
403 2555 554 2596 feritate,
567 2558 719 2599 quamvis
732 2558 799 2589 levi

107 2610 238 2651 injectu
252 2614 372 2651 operto
383 2606 507 2648 capite,
517 2607 564 2638 ita
576 2611 615 2639 ut
630 2607 801 2639 devincia-

108 2665 167 2692 tur
183 2669 253 2691 non
272 2667 484 2701 repugnans:
507 2657 669 2690 videlicet
693 2658 799 2690 omnis

109 2708 161 2740 vis
172 2713 307 2741 constat
322 2709 357 2740 in
373 2708 502 2742 oculis!

153 2761 191 2791 11
218 2757 572 2799 V'oelusfugienleferu]
585 2757 697 2800 Tigris
709 2757 797 2790 enim

857 2106 951 2140 facto
965 2117 1079 2139 morsu
1094 2105 1287 2148 aufugerat.
1320 2106 1456 2138 Cmdine
1468 2115 1558 2147 aper-

856 2157 905 2198 to]
921 2159 931 2175 ‘
947 2158 1059 2190 Cardo
1071 2157 1080 2171 '
1095 2157 1329 2198 Metonymice
1344 2166 1407 2197 pro
1422 2162 1534 2197 porta.

900 2211 941 2240 12
962 2207 1084 2246 Infelix
1104 2206 1212 2247 cavea]
1234 2207 1276 2238 In
1291 2205 1556 2246 Amphitheatro

857 2263 955 2290 erant
985 2268 1100 2290 caveae
1126 2257 1287 2298 lapideae,
1322 2255 1445 2297 quibus
1470 2255 1555 2290 fere

856 2308 1129 2341 includebantur.
1160 2306 1299 2338 Eaedem
1313 2306 1421 2347 portis
1434 2305 1556 2339 ferreis

856 2364 916 2391 aut
939 2359 1061 2400 ligneis
1090 2357 1367 2397 obstruebantur,
1394 2366 1438 2389 ne
1466 2356 1552 2390 ferae

854 2409 1027 2440 exilireut.
1071 2408 1158 2438 Sunt
1194 2411 1231 2438 et
1266 2415 1379 2438 caveae
1415 2406 1554 2441 avium:

854 2459 934 2500 quin
955 2459 1057 2490 etiam
1072 2462 1145 2489 tota
1159 2466 1239 2488 area
1252 2456 1286 2487 in
1302 2457 1552 2497 amphitheatro

855 2507 1008 2540 ‘cavea'
1046 2506 1238 2538 dicebatur.
1281 2506 1419 2548 Infelix]
1462 2508 1552 2541 Quia
1576 2502 1584 2505 ”

853 2559 1011 2591 amiserat
1025 2567 1121 2588 suum
1136 2557 1281 2589 leonem.

896 2610 936 2639 13
973 2607 1045 2638 Hoc
1080 2606 1205 2637 licuisse
1239 2606 1342 2646 nefas]
1387 2606 1549 2639 Potuisse

850 2657 985 2689 scilicet
999 2655 1112 2687 occidi
1125 2656 1260 2687 leonem
1276 2666 1296 2687 a
1312 2655 1448 2697 tigride.

895 2709 935 2739 14
960 2706 1106 2738 Cecidere
1124 2704 1228 2745 5111>ae]
1264 2705 1402 2737 Pudore
1430 2705 1549 2738 videli-

851 2761 920 2789 cet·
