1800 3060
251 234 337 277 250
745 246 787 275 P.
818 244 1007 276 rammi
1042 244 1209 275 srArit

610 416 654 446 v.
716 403 838 446 nno*
873 404 1208 446 MANSUE'rthss
1243 415 1347 446 lMP.

250 502 292 534 In
311 501 496 533 Domitiani
514 502 735 544 Imperatoris
757 503 915 545 gratiam,
936 504 1069 536 leonem
1087 502 1370 545 mansuefactum,
1388 502 1521 546 tigridis
1538 512 1647 536 morsu
1665 504 1699 536 111

293 555 394 577 arena
409 545 560 577 occisum
577 545 691 578 deflet.

253 632 390 684 Qum
411 633 491 674 tibi
511 637 734 675 constrata
749 646 1053 675 mansuescere
1072 633 1238 688 profuit
1252 633 1318 675 ira
1334 634 1353 674 ‘l

250 699 374 751 Quid
393 702 556 751 scelus,
573 701 875 756 humanasque
896 702 1040 743 animo
1059 701 1292 743 dediscere
1308 701 1471 751 caedeS‚

250 768 580 823 Imperiumque
600 770 712 823 pati,
732 774 777 810 et
793 769 973 810 domino
993 783 1144 824 parere
1164 770 1350 811 minori?

250 835 387 888 Quid,
406 836 523 890 quod
543 837 660 878 abire
681 836 826 888 domo,
844 850 1080 891 rursusque
1099 837 1145 878 in
1167 837 1360 879 claustra
1378 837 1542 880 reverti
1673 888 1676 890 Α

249 904 429 955 Suetus,
451 911 497 946 et
517 917 544 946 a
559 908 691 959 capta
697 904 791 958 jam
810 909 970 959 sponte
989 904 1193 947 recedere
1208 905 1374 959 praeda,
1438 944 1442 948 .
1669 906 1698 947 5

246 972 535 1026 Insertasque
557 986 712 1014 manus
731 973 839 1014 laxo
861 973 1081 1014 dimittere
1102 973 1284 1014 morsu?

251 1039 451 1091 Occidis,
470 1041 660 1082 altarum
682 1043 879 1082 vastator
899 1053 1019 1082 saeve
1040 1040 1242 1091 ferarum,

250 1107 354 1149 Non
370 1121 496 1161 grege
518 1107 739 1162 Massylo,
762 1120 982 1161 curvaque
999 1107 1205 1161 indagine
1226 1106 1420 1159 clausus,

249 1175 359 1219 Non
373 1175 614 1218 formidato
635 1188 771 1230 supra
789 1176 1013 1218 venabula
1030 1175 1148 1218 saltu

293 1303 380 1339 Quid
403 1304 462 1336 tibi
482 1305 602 1345 prosilit
626 1304 763 1336 cicurori
785 1305 923 1346 deposito
939 1304 1073 1343 surore?
1097 1303 1181 1341 Quid
1203 1305 1358 1336 dediscere
1379 1304 1544 1343 saevitiam,
1557 1306 1587 1336 ei
1602 1304 1698 1336 caedes

244 1345 408 1385 humanas,
414 1348 503 1385 ferre
515 1348 644 1386 jugum,
658 1351 689 1379 et
703 1348 824 1389 obsequi
838 1348 981 1380 debiliori
995 1346 1143 1380 domino?
1167 1347 1252 1383 Quid
1266 1347 1326 1379 tibi
1335 1348 1458 1389 profuit
1469 1347 1622 1384 docilitas,
1637 1356 1698 1387 qua

247 1389 365 1420 solebas
379 1390 484 1429 egredi
500 1400 516 1421 e
528 1400 633 1428 cat-ea,
646 1391 816 1431 iterumque
827 1392 859 1422 in
874 1401 942 1422 eum
956 1391 1070 1427 redire.
1085 1394 1114 1421 et
1122 1391 1192 1429 jam
1206 1391 1288 1421 ultro
1302 1391 1472 1431 relinquere
1485 1393 1607 1430 captam
1618 1398 1698 1430 proe·

247 1432 332 1471 dom,
347 1436 377 1464 et
392 1437 498 1474 operto
512 1443 564 1464 ore
579 1432 737 1465 dimittere
759 1434 913 1465 immissus
937 1437 1069 1465 monus?
1091 1433 1185 1464 Per-is
1206 1443 1354 1472 generose
1378 1433 1544 1465 debellator
1554 1439 1698 1472 procera·

247 1483 315 1505 rum
331 1475 513 1517 bestiarum,
539 1486 599 1508 non
614 1476 754 1518 obseptus
766 1477 966 1508 multitudine
987 1480 1166 1508 venatorum
1187 1477 1406 1518 Massytorum,
1428 1475 1618 1516 etfleaeuosis
1629 1474 1697 1514 pla-

851 1571 1090 1583 eeeeeeeeeeee

288 1637 309 1668 7
330 1638 454 1671 Venet.
477 1641 506 1671 1.
523 1639 622 1672 Rom.
639 1638 743 1671 Aldd.
761 1638 872 1671 Colin.
889 1639 1023 1681 Gryph.
1044 1639 1149 1670 Basil.
1164 1639 1268 1671 Bet-n.
1282 1639 1425 1671 Gevart.
1441 1638 1599 1671 Grasser.
1614 1637 1696 1670 Am-

246 1681 324 1711 stel.
342 1681 495 1713 Gronov.
509 1683 619 1714 Veen.
647 1683 768 1714 Barth.
786 1687 822 1714 et
838 1682 963 1723 Delph.
986 1685 1125 1713 vastator
1151 1683 1238 1713 docte
1255 1682 1413 1720 ferorum.
1457 1682 1466 1698 ‘
1480 1681 1606 1713 Mirum
1623 1681 1695 1721 epi-

247 1723 364 1754 theton
382 1724 471 1756 istud
486 1726 573 1757 docte
595 1729 756 1757 vastator:
782 1731 922 1766 putares
938 1726 1068 1756 leonem
1084 1725 1173 1756 hunc
1190 1725 1324 1756 solitum
1340 1734 1416 1756 esse
1431 1723 1520 1756 feras
1534 1723 1695 1765 frangere

245 1766 431 1798 secundum
449 1772 567 1800 artem.
613 1768 705 1800 Olim
730 1768 960 1808 conjeceram,
981 1771 1120 1799 vastator
1135 1771 1247 1803 lor-ve.-
1267 1769 1355 1809 quod
1370 1768 1414 1799 de
1428 1766 1584 1799 leonibus
1605 1766 1696 1798 hanc

244 1817 362 1840 vocem
379 1811 533 1851 usurpari
557 1821 599 1841 ex
615 1811 728 1843 multis
752 1810 928 1852 poetarum
953 1812 1035 1842 locis
1051 1810 1322 1842 observaveram.
1366 1810 1435 1842 Sed
1457 1809 1547 1841 aliud
1570 1819 1623 1840 me
1637 1808 1697 1840 do-

243 1852 317 1883 cuit
327 1852 535 1892 Parmensis,
545 1863 622 1894 quae
634 1854 757 1885 habet:
772 1857 911 1885 vastator
924 1854 1180 1893 caedeserarum5
1198 1853 1285 1884 unde
1299 1853 1392 1884 nullo
1407 1853 1547 1893 negotio
1558 1851 1696 1884 elicitur

243 1903 325 1925 vera
341 1896 445 1927 lectio
459 1906 468 1927 z
500 1900 640 1927 vastator
648 1896 894 1934 soeceserorum:
912 1902 948 1928 et
961 1897 1024 1928 hoc
1038 1896 1190 1927 leonibus
1206 1896 1611 1927 convenientissimumet
1627 1895 1694 1925 usi-

243 1938 446 1970 tatissimum
461 1940 647 1979 epitheton.
666 1940 761 1979 Virg.
778 1939 904 1978 Georg.
933 1948 974 1970 11.
992 1942 1064 1971 151.
1089 1939 1217 1971 Noster
1241 1938 1350 1970 Theb.
1370 1947 1421 1970 rx.
1438 1941 1489 1969 15.
1508 1937 1628 1969 Manil.
1642 1945 1694 1969 lv-

245 1979 287 2011 de
302 1979 434 2022 Africa,
448 1981 550 2014 Ovid.
563 1982 651 2014 Met.
668 1990 719 2014 ιν.
739 1984 810 2014 102.
826 1987 862 2014 et
874 1982 1027 2014 Martial.
1045 1983 1146 2023 Epig.
1159 1990 1202 2013 11.
1218 1980 1282 2014 753
1307 1981 1491 2013 Morka—8
1508 1980 1582 2012 Non
1593 1989 1691 2020 grege

912 2068 1054 2100 NOTAE

284 2144 299 2175 1
315 2142 444 2174 Forsan
457 2145 493 2174 et
505 2146 604 2175 extat
613 2143 832 2184 Epigramma
844 2143 939 2175 Mar-

239 2191 332 2224 tialis
347 2192 407 2224 lib.
431 2192 474 2224 de
497 2193 711 2233 Spectaculis
733 2196 785 2226 18.
809 2193 853 2225 de
876 2194 939 2224 hoc

237 2242 354 2274 Leone
374 2248 552 2274 mansueto
568 2253 588 2274 a
602 2243 740 2283 Tigride
755 2242 915 2276 confecto
928 2254 938 2275 z

236 2293 247 2310 ‘
263 2293 430 2325 Lambere
458 2293 568 2325 securi
595 2294 751 2326 dextram
775 2299 941 2326 consueta

237 2344 392 2384 magistri
404 2345 530 2385 Tigris,
543 2345 585 2375 ab
598 2345 761 2386 Hyrcano
771 2345 876 2385 gloria
890 2355 940 2376 ra·

239 2404 275 2425 ra
286 2395 386 2435 jugo,
402 2396 498 2426 Saeva
514 2394 624 2426 ferum
641 2395 760 2427 rabido
772 2395 939 2427 laceravit

237 2443 342 2475 dente
366 2445 520 2476 leonem:
549 2445 617 2477 Res
642 2455 742 2484 nova,
768 2455 834 2476 non
860 2445 937 2476 ullis

236 2495 378 2535 cognita
403 2496 625 2536 temporibus.
670 2495 763 2527 Ausa
787 2500 839 2528 est
867 2496 937 2527 tale

236 2546 334 2584 1111111,
347 2546 450 2587 sylvis
467 2547 546 2577 dum
564 2547 650 2577 vixit
665 2546 699 2577 in
715 2546 812 2578 altis:
836 2547 935 2577 Post-

236 2606 336 2638 quam
351 2596 440 2627 inter
456 2605 515 2627 nos
531 2601 585 2627 cst
609 2596 684 2637 pius
707 2595 856 2628 feritatis
877 2595 935 2627 ha-

235 2647 319 2679 bet-⁵

279 2701 295 2734 ε
320 2697 518 2738 Mansuetus]
542 2696 673 2729 Plinius
688 2697 746 2730 lib.
757 2707 840 2730 v111.
857 2707 933 2739 cap.

234 2751 286 2781 16.
310 2748 384 2781 haec
406 2749 477 2782 ait:
512 2748 522 2766 ‘
537 2748 674 2781 Primus
696 2754 808 2782 autem
829 2749 933 2782 homi-

993 2152 1072 2174 num
1101 2143 1236 2175 leonem
1268 2152 1372 2175 manu
1403 2146 1552 2175 tractare
1577 2142 1691 2183 ausus',

993 2198 1030 2225 et
1045 2194 1227 2225 ostendere
1242 2192 1524 2234 mansuefactum,
1536 2193 1660 2226 Hanno
1672 2204 1691 2225 e

993 2244 1188 2277 clarissimis
1203 2245 1387 2276 Poenorum
1403 2244 1572 2276 traditur:
1598 2243 1693 2276 dam-

993 2302 1160 2338 natusque
1196 2296 1254 2327 illo
1290 2299 1503 2337 argumento,
1533 2295 1692 2336 quoniam

993 2348 1078 2378 nihil
1093 2357 1159 2378 non
1173 2355 1392 2387 persuasurus
1402 2345 1453 2377 vir
1468 2349 1536 2378 tam
1549 2344 1691 2376 artificis

993 2397 1122 2438 ingenii
1135 2397 1327 2438 videbatur,
1339 2402 1375 2428 et
1385 2396 1472 2428 male
1483 2396 1577 2428 credi
1589 2395 1690 2427 liber-

994 2452 1046 2479 tas
1062 2448 1105 2489 ei,
1121 2448 1176 2479 cui
1199 2448 1232 2478 iu
1257 2452 1386 2479 tantum
1406 2447 1566 2478 cessisset
1585 2445 1689 2477 etiam

991 2496 1134 2530 feritas.’
1169 2499 1225 2530 De
1237 2498 1382 2530 historia
1397 2498 1504 2531 leonis
1516 2495 1594 2529 vide
1609 2505 1692 2527 eun-

988 2548 1066 2580 dem
1082 2548 1230 2579 Plinium
1249 2548 1388 2580 ibidem.

1031 2600 1050 2630 3
1074 2598 1208 2629 Domino
1223 2597 1352 2638 minori]
1369 2597 1522 2639 Homini,
1536 2606 1603 2630 nou
1617 2600 1686 2629 tam

988 2647 1070 2680 forti
1083 2658 1124 2680 ac
1138 2647 1272 2680 audaci.

1030 2700 1051 2730 8
1072 2698 1227 2740 Massylo]
1250 2698 1391 2740 Massyli
1419 2697 1538 2739 populi
1559 2696 1686 2731 Africae

988 2748 1219 2782 occidentales
1234 2748 1368 2782 leonum
1382 2753 1572 2781 venatores.
