1800 3060
216 202 303 246 208
694 215 733 246 P.
768 215 958 247 PAP1N11
993 215 1159 247 s'rA'rn

214 309 437 364 Quodque
458 308 650 360 Arabes,
670 310 930 365 Phariique,
953 311 1276 365 Palaestinique
1297 311 1508 366 liquores,

214 377 432 418 Arsuram
453 377 599 419 lavere
621 391 793 419 comam
811 391 821 419 ε
855 379 984 432 cupit
1003 379 1153 419 omnia
1174 378 1286 419 ferre

219 445 454 498 Prodigus,
475 448 520 486 et
541 449 658 487 totos
678 445 847 488 Melior
868 446 1139 487 succendere
1159 459 1337 495 census,

214 513 430 554 Desertas
451 525 621 554 exosus
642 527 777 566 opes:
811 514 888 555 sed
907 526 991 554 non
1012 514 1136 567 capit
1155 514 1270 566 ignis

212 579 417 630 Invidus,
439 584 576 634 atque
596 586 735 622 arctae
753 583 916 624 desunt
935 581 980 622 in
1001 594 1179 622 munera
1197 581 1408 623 flammae.
1596 581 1682 623 165

211 707 291 736 cum,
316 700 396 741 quod
417 700 498 731 dona
522 699 642 730 Indicae
666 698 781 738 herboe,
806 700 942 740 quodque
965 699 1048 730 succi
1063 699 1218 740 Arabum,
1234 700 1410 741 Phariique
1431 699 1556 742 (palam
1576 703 1636 739 est,
1651 703 1681 731 et

211 741 294 783 eidi)
317 743 484 773 abluerunt
502 744 682 774 cremandos
705 723 842 783 capillos.
888 743 1048 782 Prodigus
1064 741 1182 774 Melior
1196 743 1260 774 vult
1277 743 1404 782 injicere
1418 744 1533 782 omnia,
1546 746 1578 774 et
1592 752 1682 774 urere

210 787 294 816 totas
300 785 486 826 facultates,
499 789 660 817 atersatus
673 785 800 817 orbatas
814 785 955 816 divitias.
1001 785 1064 816 Sed
1078 785 1194 817 invida>
1201 785 1342 826 fiammoe
1355 795 1416 817 non
1430 786 1556 827 capiunt
1572 795 1637 826 eae,
1651 788 1682 817 et

828 869 1066 882 WMOO

213 937 272 966 161
301 934 479 975 Phariique
494 933 508 976 (
518 935 621 975 palam
637 937 683 965 est
699 933 840 975 vidique)
861 934 994 974 liquores
1009 933 1114 966 Aldd.
1132 934 1243 966 Colin.
1260 934 1394 976 Gryph.
1408 934 1516 965 Basil.
1535 934 1679 966 Gevart.

212 980 279 1009 &c.
326 977 498 1017 Phariique
514 978 639 1018 (palam
656 977 719 1017 est>
736 977 858 1018 vidique
873 977 1006 1018 liquores
1021 977 1124 1009 Cruc.
1140 982 1177 1009 et
1191 977 1318 1009 Caelius
1341 977 1563 1018 Rhodiginus.
1608 976 1680 1009 Pro

211 1020 337 1060 vidique
351 1020 408 1051 alii
425 1020 546 1060 ubique.
589 1019 742 1052 Joannes
767 1020 937 1051 Seldenus
959 1025 1093 1051 nostras
1116 1020 1150 1050 in
1177 1021 1371 1061 Prolegom.
1387 1020 1532 1061 Syntag.
1547 1019 1590 1051 de
1606 1019 1682 1051 Diis

212 1063 309 1103 Syris
325 1072 361 1103 p.
373 1065 405 1094 7.
429 1062 600 1094 correxit:
627 1062 804 1103 Phariique
822 1063 1049 1103 Palaestinique
1062 1063 1216 1103 liquorem
1232 1072 1334 1104 quam
1350 1063 1600 1095 correctionem
1616 1062 1682 1094 sibi

212 1105 297 1145 ipsis
326 1105 502 1136 vindicare
530 1109 754 1136 tentaverunt
782 1105 924 1136 Salmas,
944 1105 986 1136 ad
1015 1105 1120 1136 Soliu.
1138 1105 1295 1137 Exercit.
1321 1115 1354 1146 p.
1367 1107 1443 1137 400.
1458 1111 1493 1136 et
1507 1105 1628 1137 Barth.
1645 1105 1681 1136 in

212 1148 407 1179 Comment-
423 1147 475 1179 Cf.
491 1157 526 1180 ν.
542 1148 638 1188 Sylv
656 1151 687 1179 1.
702 1150 767 1178 212
771 1150 887 1180 .-—163
912 1147 1186 1188 Lindenbrogius
1211 1148 1244 1179 in
1274 1157 1365 1179 varr.
1389 1148 1484 1179 lectt.
1505 1148 1594 1179 citat
1612 1157 1681 1178 sue-

210 1191 341 1222 cendere
365 1193 591 1222 sensus.—-164
615 1191 767 1222 Deserta-s
793 1194 906 1222 exutus
940 1191 1069 1222 Venet.
1094 1193 1127 1223 1.
1155 1191 1254 1223 Rom.
1273 1196 1310 1223 et
1334 1195 1402 1223 vet.
1424 1189 1682 1231 Lindenhrogii,

872 1277 1015 1310 NOTAE

972 1342 1112 1384 vidique]
1134 1342 1302 1375 Seldenus
1323 1342 1430 1383 legit:
1459 1341 1681 1381 Palaestinique

972 1393 1116 1433 liquores,
1132 1402 1194 1433 per
1209 1402 1292 1434 quos
1315 1392 1557 1433 opobalsamon
1580 1390 1680 1422 intel-

253 1345 315 1374 161
339 1342 461 1374 Arabes
487 1342 636 1384 liquores]
659 1343 729 1374 Per
751 1342 918 1375 Arabicas

211 1393 360 1435 liquores
376 1393 487 1425 innuit
503 1394 657 1433 Myrrhae
680 1398 827 1435 guttam,
842 1404 918 1435 quae

210 1448 332 1484 sponte
349 1444 469 1484 stillat,
485 1449 521 1476 et
544 1444 663 1476 eodem
685 1446 834 1485 nomine,
850 1455 917 1486 quo

211 1494 326 1534 arbor,
357 1495 366 1512 ‘
386 1495 523 1536 myrrha
554 1494 707 1528 Arabica
728 1495 736 1509 ¹
765 1500 919 1535 vocatur,

210 1546 279 1576 sive
305 1545 441 1584 στακτὴ,
465 1545 499 1576 id
525 1549 591 1582 est,
613 1550 722 1586 gutta,
746 1555 806 1577 seu
831 1545 919 1577 stillo

210 1596 374 1636 Myrrhae.
419 1595 572 1637 Myrrhae
600 1601 715 1628 utitem
734 1596 841 1628 virtus
863 1599 919 1628 est

209 1646 370 1687 maxima,
383 1650 422 1678 ut
443 1655 590 1687 corpora
605 1650 720 1678 servet
743 1646 917 1686 incorrup-

210 1701 260 1728 ta.
296 1697 360 1728 Est
374 1701 410 1728 et
427 1696 646 1737 proverbium
655 1695 762 1733 ‘'OMW
771 1694 920 1736 Ἀραβίαν

211 1747 415 1786 ἀποπνεῦσαι,
447 1746 556 1777 Totam
591 1746 712 1786 spirare
743 1746 919 1777 Arabiam:

212 1797 305 1828 Hinc
332 1796 512 1827 Lucretius
535 1795 743 1827 ‘Arabiam'
771 1805 833 1837 pro
860 1805 919 1827 un-

210 1847 345 1888 guentis
364 1846 520 1878 Arabicis
531 1847 659 1887 posuit,
671 1851 708 1878 et
724 1846 844 1878 Festus
858 1845 918 1878 ad-

210 1897 308 1928 ducit
338 1895 571 1937 proverbium,
596 1896 771 1928 ‘Arabice
798 1896 915 1927 olere.¹

209 1948 267 1978 De
299 1946 442 1987 Myrrha
471 1945 551 1977 vide
581 1945 731 1978 Plinium
758 1945 818 1977 lib.
850 1954 916 1982 ΧΠ,

210 2006 290 2037 cap.
307 1999 359 2028 15.
375 2001 411 2027 et
428 1998 480 2027 16.
499 1996 614 2027 Pharii
629 1995 778 2036 liquores]
799 1996 916 2027 Pharii

210 2057 271 2078 seu
287 2046 438 2088 AEgyptii
450 2047 613 2087 liquores,
627 2045 798 2085 Αἰγύπτιον
810 2046 916 2087 μῦρον,

210 2098 399 2140 AEgyptium
425 2101 617 2137 unguentum
646 2102 712 2137 est,
739 2098 830 2139 quod
858 2097 916 2128 de-

209 2149 333 2181 scribit
357 2148 612 2189 Theophrastus
641 2148 676 2179 in
706 2147 823 2179 libello
847 2146 916 2189 περὶ

209 2198 348 2240 Ὀσμῶν,
362 2199 400 2230 de
415 2197 583 2238 Odorlbus,
596 2197 646 2228 his
663 2197 796 2229 verbis:
821 2197 864 2229 Τὸ
881 2197 915 2230 δὲ

209 2248 381 2289 Αἰγύπτιον
399 2249 495 2290 μῦρον
515 2248 550 2279 ἐκ
564 2247 724 2280 πλειόνων·
751 2249 786 2280 ἐκ
809 2261 846 2280 τε
859 2250 916 2280 τοῦ

210 2299 413 2340 κινναμώμου,
435 2299 489 2331 scal
512 2299 547 2331 ἐκ
569 2300 626 2337 τῆς
648 2297 794 2341 σμύρνης,
813 2299 865 2331 καὶ
886 2300 917 2340 ἐξ

210 2351 328 2383 ἄλλων·
348 2349 395 2382 ἔτι
407 2349 440 2382 δὲ
455 2351 491 2382 ἐκ
505 2350 656 2383 πλειόνων
675 2350 795 2382 τούτων
808 2350 846 2382 τὸ
862 2363 916 2390 με-

210 2404 351 2444 γαλεῖον.
410 2404 600 2444 AEgyptium
635 2406 840 2443 unguentum,
877 2412 918 2434 ea:

207 2454 360 2496 pluribus,
375 2463 416 2485 ex
434 2454 626 2485 cinnamomo
647 2453 764 2484 scilicet
778 2456 809 2484 et
835 2463 919 2494 myr-

210 2505 282 2543 rha,
297 2507 388 2544 atque
400 2503 492 2535 aliz's:
514 2507 606 2543 atque
617 2503 718 2534 adhuc
729 2503 918 2544 expluribus

210 2554 373 2596 conficitur
383 2554 564 2593 megaleum.
608 2554 706 2585 Inter
722 2554 786 2585 hoc
801 2558 916 2584 autem

211 2609 437 2646 unguentum,
464 2608 501 2635 et
525 2603 675 2645 στακτὴν,
707 2613 768 2635 sen
790 2607 918 2644 guttam

212 2655 410 2696 Arabicam,
430 2658 526 2686 tanta
553 2653 697 2686 affinitas
723 2659 788 2695 est,
802 2659 841 2686 ut
856 2654 919 2686 Di—

212 2705 346 2746 dymus,
382 2704 474 2746 apud
506 2703 723 2745 Athenaeum,
754 2704 822 2737 duo
858 2705 919 2736 illa

213 2755 414 2788 confundat.
461 2754 686 2796 Paloeslinique
711 2755 842 2796 [Palam
861 2758 920 2796 est,

972 1444 1058 1484 ligit.
1106 1443 1192 1476 Quae
1218 1443 1321 1475 lectio
1347 1442 1540 1475 confirmari
1565 1445 1681 1482 potest

972 1495 1036 1526 hoc
1063 1495 1137 1525 loco
1166 1494 1312 1526 Pietatis
1338 1492 1562 1525 Abascantii:
1587 1492 1598 1509 ‘
1614 1493 1677 1523 Pa·

972 1545 1097 1577 laestini
1123 1545 1222 1576 simul
1263 1543 1477 1585 Hebraeique
1507 1542 1680 1584 liquores!

972 1596 1040 1627 Sed
1058 1596 1199 1636 vulgata
1226 1595 1328 1627 lectio
1351 1595 1480 1636 optime
1502 1593 1579 1626 huic
1603 1594 1679 1625 loco

974 1646 1146 1678 convenit.
1185 1645 1272 1677 Nam
1284 1644 1396 1676 Poeta
1412 1654 1477 1676 non
1493 1645 1602 1675 solum
1618 1653 1679 1675 suo

973 1696 1168 1727 testimonio
1191 1695 1381 1735 confirmat,
1394 1695 1453 1727 sed
1478 1695 1583 1726 totius
1598 1694 1679 1726 civi·

974 1746 1070 1785 tatis,
1086 1745 1176 1787 quod
1197 1745 1323 1776 Melior
1346 1750 1416 1777 tam
1437 1744 1592 1786 pretiosa
1606 1754 1680 1775 mu·

973 1806 1057 1828 nera
1073 1796 1281 1837 impenderit
1307 1796 1494 1835 sepulturae
1511 1794 1619 1826 servi.
1643 1794 1679 1825 id

973 1846 1062 1888 quod
1088 1847 1147 1878 alii
1178 1855 1244 1878 non
1273 1845 1338 1877 sibi
1363 1845 1465 1877 facile
1494 1844 1678 1885 persuade-

971 1902 1060 1929 rent.
1103 1897 1230 1941 Similis
1245 1896 1340 1928 locus
1363 1895 1531 1938 Epicedio
1548 1895 1678 1927 Pileti:

971 1947 981 1964 ‘
995 1946 1063 1978 Sed
1077 1955 1142 1978 nec
1157 1947 1290 1978 servilis
1308 1946 1444 1978 ademto
1462 1946 1573 1987 Ignis:
1597 1945 1678 1977 odo-

972 1998 1095 2030 riferos
1119 1999 1278 2030 exhausit
1301 1997 1438 2030 flamma
1461 1997 1611 2037 Sabaeos,
1632 1998 1678 2030 Et

971 2049 1116 2081 Cilicum
1145 2058 1283 2089 messes,
1311 2047 1518 2089 Phariaeque
1540 2054 1678 2079 exemta

970 2099 1102 2130 volucri
1123 2098 1303 2138 Cinnama,
1316 2101 1352 2130 et
1375 2097 1516 2140 Assyrio
1538 2106 1677 2129 manan-

971 2153 1022 2181 tes
1035 2149 1189 2190 gramiue
1204 2147 1352 2181 succos.'

1014 2202 1076 2231 162
1100 2201 1255 2231 Arsurum
1283 2200 1387 2231 lavere
1414 2196 1547 2238 comam]
1583 2197 1677 2229 Hinc

969 2248 1129 2280 discimus
1151 2259 1282 2281 comam
1297 2253 1508 2281 mortuorum
1526 2247 1608 2288 ungi
1623 2256 1677 2278 so-

970 2299 1066 2331 litam
1093 2299 1254 2340 pretiosis
1280 2299 1476 2341 ungueutis,
1494 2304 1676 2339 antequam

972 2350 1268 2382 comburerentur.

1017 2403 1079 2432 164
1102 2400 1194 2441 Ignis
1223 2398 1368 2439 Invidus]
1391 2397 1555 2430 Invidere
1584 2396 1676 2429 enim

971 2451 1109 2482 videtur
1123 2450 1210 2491 ignis
1235 2449 1358 2491 pietati
1382 2447 1538 2480 Melioris
1553 2447 1587 2478 in
1604 2456 1676 2479 ser-

971 2510 1063 2540 vum,
1090 2510 1168 2531 cum
1198 2508 1266 2531 non
1290 2498 1373 2530 velit
1398 2506 1524 2539 capere
1549 2496 1676 2537 omnia,

971 2561 1048 2593 quae
1066 2550 1179 2590 injicit
1195 2549 1332 2581 Melior.

1014 2604 1075 2634 165
1099 2600 1140 2632 Iu
1165 2598 1308 2640 munera]
1344 2596 1557 2638 Recipienda
1582 2595 1676 2628 scili-

971 2658 1041 2692 cet,
1067 2655 1103 2683 et
1128 2651 1242 2692 tangit
1265 2649 1378 2681 Poeta
1403 2658 1531 2681 morem
1554 2648 1628 2690 jam
1654 2658 1676 2680 a

971 2703 1071 2735 nobis
1093 2701 1219 2742 saepius
1236 2704 1390 2732 notatum
1406 2699 1579 2741 injiciendi
1602 2707 1674 2731 mu-

971 2762 1056 2787 nera
1071 2751 1105 2784 in
1121 2761 1220 2793 rogos
1235 2755 1458 2784 mortuorum.
