1800 3060
556 213 834 246 summm
869 212 961 245 ms.
984 213 1039 246 11.
1066 203 1107 246 7.

1470 205 1554 248 281

333 311 392 354 Et
409 311 530 354 docti
547 311 669 353 furor
688 309 852 352 arduus
873 309 1066 360 Lucreti,

329 379 388 421 Et
402 379 478 433 qui
496 392 578 433 per
594 379 706 421 freta
724 376 845 420 ducit
862 377 1164 430 ArgonautaS,

328 447 389 488 Et
408 447 483 501 qui
501 459 689 501 corpora
706 446 848 500 prima
865 446 1161 500 transfigurat.

333 513 454 566 Quin
472 514 613 570 majus
629 515 814 569 loquor:
846 514 949 569 ipsa
963 519 1007 557 te
1028 515 1203 556 Latinis

102 644 219 678 eruam
231 644 385 686 Lucretii,
399 645 507 694 cestui

103 698 181 721 nova
200 698 338 730 corpora.

707 781 785 795 0000
790 782 826 795 00

529 644 596 685 egit
610 644 811 684 Argonautas
823 653 881 685 per
894 644 1007 684 maria,
1021 646 1052 676 et
1065 643 1121 685 qui
1134 644 1220 677 dixit
1236 648 1372 676 mutam
1379 646 1502 684 formas
1518 647 1550 679 in

382 687 468 724 Qun·
487 688 560 729 plus
582 687 661 719 dieo.
706 687 782 729 Ipsa
805 687 915 719 AEneia
939 690 1026 719 eum
1047 687 1260 729 Pher-catium,
1286 699 1378 730 quam
1403 690 1552 722 Itonion&

829 782 947 795 000000

101 851 193 882 cent.
206 847 304 881 Brix.
319 846 424 881 Aldd.
439 847 549 882 Colin.
572 848 705 892 Gryph.
727 850 834 884 Basil.
849 853 916 885 ὅτε.
941 849 1138 884 emendavit
1159 849 1398 892 Marklaudus,
1413 850 1552 884 ducit.—

761 944 905 978 NOTAE

99 1007 231 1040 notavit
250 1008 390 1041 Persius
408 1007 482 1041 Sat.
504 1008 515 1026 ‘
527 1008 596 1042 Cor
616 1009 722 1051 jubet
735 1009 798 1043 hoc

98 1057 201 1095 Enni,
216 1062 393 1101 postquam
409 1059 592 1092 destertuit
604 1068 680 1092 esse
694 1060 799 1092 Mao-

98 1107 197 1141 nides
219 1109 369 1143 Quintus
389 1119 523 1151 pavone
551 1120 594 1142 ex
623 1111 797 1153 Pythago·

99 1159 194 1192 mo:
234 1160 329 1192 Mun
349 1161 453 1202 ndis]
474 1161 566 1194 Quia
594 1162 724 1194 Ennius
748 1162 797 1194 iu·

100 1209 214 1241 cultus
235 1214 289 1242 est
311 1219 438 1251 genere
457 1211 608 1254 dicendi,
628 1211 797 1254 ‘eumque

100 1259 192 1292 sicut
216 1269 330 1293 sacros
357 1265 531 1293 vetustate
556 1262 652 1295 lucos
677 1262 798 1295 adora·

98 1320 196 1344 mus:
218 1311 254 1344 iu
276 1310 400 1354 quibus
426 1312 579 1353 grandia,
599 1317 636 1345 et
657 1312 798 1355 antiqua

98 1361 222 1394 robora
240 1361 315 1404 jam
331 1371 398 1395 non
419 1362 547 1394 habeut
571 1367 703 1396 tautam
719 1373 797 1404 spe·

99 1412 200 1454 ciem,
222 1417 382 1455 quautam
409 1413 634 1454 religionem:
656 1419 696 1446 ut
711 1414 798 1447 dicit

99 1463 342 1497 Quintilianus.
386 1464 528 1506 Ferocis]
552 1464 644 1499 Quia
669 1465 798 1497 Ennius

99 1513 229 1547 militiae
257 1524 381 1547 nomen
417 1514 578 1555 dederat,
616 1525 656 1547 ac
683 1514 798 1548 fuerat

101 1564 278 1605 Centurio,
291 1563 484 1607 famamque
497 1564 595 1598 fortis
615 1571 652 1598 et
665 1568 796 1598 strenui

100 1612 165 1644 viri
179 1613 324 1655 adeptus
336 1613 462 1655 fuerat,
480 1614 508 1646 si
523 1615 692 1648 credimus
712 1617 795 1649 Silio

98 1662 223 1696 Italico
238 1663 297 1696 lib.
312 1673 382 1697 ιιι.

141 1716 186 1746 '16
209 1714 254 1746 Ec
265 1715 450 1754 doctis-uror
460 1717 575 1748 arduus
588 1715 734 1760 Lucreti]
755 1719 795 1751 T.

99 1763 277 1796 Lucretius
292 1765 402 1798 Carus
417 1767 534 1798 Rornae
557 1772 655 1799 uatus
677 1773 730 1800 est
754 1769 793 1800 1..

99 1815 233 1848 Licinio
248 1817 386 1858 Crasso,
400 1823 437 1851 et
451 1819 494 1852 Q.
510 1819 625 1852 Mutio
640 1820 795 1852 Scaevola

99 1867 317 1910 Consulibus,
346 1873 522 1912 ortusque,
551 1874 589 1902 ut
615 1870 794 1912 probabile

99 1921 169 1957 est,
182 1916 311 1950 familia
324 1918 447 1951 illustri
462 1929 503 1952 nc
519 1924 652 1952 vetusta
668 1921 796 1953 Lucre·

99 1967 236 2001 tiorum.
279 1968 463 2002 Probabile
483 1970 586 2002 etiam
610 1975 663 2003 est
689 1981 710 2003 a
736 1981 796 2013 pa-

99 2019 266 2060 rentibus,
310 2020 495 2052 secundum
533 2030 659 2053 morem
695 2022 796 2063 hujus

99 2069 277 2111 temporis,
291 2069 442 2102 Athenas
462 2070 598 2102 missum
610 2070 730 2111 fuisse,
753 2071 796 2103 ad

99 2118 317 2152 imbuendum
331 2119 428 2152 bonis
439 2120 568 2153 artibus
583 2122 742 2160 animum,
760 2127 798 2155 et

99 2169 217 2202 statim
232 2169 340 2211 ipsum
358 2170 400 2202 ad
416 2171 534 2203 hortos
549 2181 587 2203 se
601 2172 797 2205 contulisse.

98 2219 285 2252 Florebant
313 2229 355 2252 eo
381 2225 535 2263 ternpore
564 2221 684 2254 Romae
705 2224 796 2255 cele-

98 2269 177 2302 bres
206 2270 285 2311 viri,
309 2269 492 2313 poetaeque
520 2277 740 2314 praestantes,
757 2278 798 2306 ut

23 2342 35 2347 -
98 2320 295 2362 Memmius,
310 2321 488 2354 Cornelius
505 2323 634 2364 Nepos,
659 2323 797 2356 Cicero-

100 2381 175 2413 nes,
190 2372 243 2404 M.
257 2372 383 2414 Varro,
409 2373 521 2405 Varro
536 2372 716 2410 Atacinus,
731 2374 796 2406 Ca-

100 2423 242 2458 (uluset
258 2422 329 2462 alii,
345 2431 428 2465 quos
444 2422 535 2454 inter
555 2423 679 2455 amicos
691 2423 797 2456 coluit

99 2474 294 2515 Lueretius,
307 2473 497 2517 quibusque
512 2483 613 2507 carus
628 2473 708 2515 fuit,
722 2480 793 2507 tum

49 2514 58 2524 ⁸
99 2524 144 2557 ob
158 2525 244 2558 alias
257 2524 383 2566 ingenii
408 2524 520 2566 dotes,
540 2534 618 2557 cum
634 2525 679 2557 ob
696 2535 793 2557 aure-

99 2584 157 2607 um
180 2575 264 2607 illud
288 2575 449 2607 orationis
475 2573 620 2607 flumen:
644 2580 681 2608 et
702 2576 793 2618 quod

102 2625 249 2657 omnium
264 2625 448 2658 Poetarum
472 2635 541 2657 suae
565 2626 677 2658 aetatis
700 2632 794 2658 esset

101 2676 329 2719 gravissimus,
351 2682 388 2710 et
408 2679 542 2720 judicio
558 2678 707 2711 Cornelii
724 2678 794 2710 Ne·

102 2726 192 2768 potis
214 2731 252 2760 et
271 2728 324 2761 M.
351 2729 526 2762 Ciceronis
550 2728 795 2770 praestantissi-

100 2785 187 2810 mus.
230 2777 399 2811 Maximus
415 2784 510 2811 certe
526 2778 675 2820 futurus,
688 2779 714 2811 si
727 2788 795 2811 ma·

854 1011 1016 1044 tutiorem
1032 1015 1170 1044 aetatem
1191 1020 1267 1044 cum
1289 1009 1436 1042 sanitate
1456 1018 1553 1041 men-

853 1061 897 1093 tis
912 1063 1085 1103 attingere
1102 1061 1285 1103 potuisset,
1299 1060 1359 1092 sed
1383 1060 1418 1092 in
1440 1060 1552 1091 media

852 1116 957 1144 aetate
973 1112 1145 1144 extinctus
1161 1116 1227 1149 est,
1241 1116 1278 1143 et
1286 1110 1425 1154 juvenis
1439 1110 1476 1142 in
1493 1110 1552 1143 de-

851 1162 1012 1194 mentiam
1030 1162 1151 1194 incidit
1178 1161 1305 1204 philtro
1329 1160 1479 1204 praebito
1508 1161 1551 1192 ab

851 1221 959 1244 uxore
996 1212 1139 1253 Lucilia,
1176 1216 1215 1244 ut
1237 1212 1376 1255 qnidam
1413 1217 1552 1254 putant.

853 1263 938 1295 Cum
956 1268 1069 1295 autem
1088 1263 1228 1295 morbus
1253 1263 1304 1295 illi
1327 1262 1480 1295 dilucida
1501 1262 1551 1296 in-

853 1313 998 1344 tervalla
1020 1313 1244 1355 relinqueret,
1270 1313 1347 1345 haec
1372 1322 1438 1345 non
1469 1322 1551 1354 neg-

851 1363 951 1404 lexit,
959 1368 996 1395 et
1009 1363 1191 1396 scribendo
1202 1362 1302 1404 operi
1314 1362 1357 1394 de
1370 1371 1482 1394 rerum
1495 1371 1552 1395 na-

852 1418 931 1446 tura
946 1414 1094 1446 animum
1109 1413 1288 1456 applicuit.
1331 1413 1484 1445 Tandem
1509 1422 1551 1445 eo

851 1474 953 1506 paene
985 1463 1158 1501 confecto,
1202 1467 1239 1496 et
1286 1463 1552 1505 ingravescente

850 1515 980 1556 morbo,
994 1515 1058 1547 sibi
1075 1524 1193 1547 manus
1209 1514 1339 1555 attulit,
1363 1523 1452 1546 auno
1466 1518 1552 1546 aeta-

850 1565 894 1597 tis
908 1569 963 1599 44.
1010 1567 1115 1598 Furor·
1127 1563 1259 1605 arduas]
1281 1565 1373 1598 Quia
1386 1563 1431 1596 de
1453 1567 1552 1596 natu·

848 1616 976 1648 talibus
997 1616 1113 1656 rebus,
1125 1615 1236 1658 iisque
1252 1614 1368 1646 arduis
1380 1618 1417 1646 et
1430 1613 1552 1646 diflici-

848 1666 936 1699 libus
950 1666 1090 1707 scripsit
1110 1665 1263 1698 carmine
1286 1665 1439 1706 heroico,
1453 1674 1550 1697 secu-

848 1720 904 1749 tus
920 1717 1163 1758 Empedoclem
1177 1721 1216 1749 et
1230 1715 1429 1758 Epicurum.

891 1771 934 1801 77
959 1769 1004 1799 Ee
1019 1768 1072 1809 qui
1089 1776 1147 1808 per
1159 1767 1251 1805 freta
1274 1766 1360 1798 ducit
1379 1765 1548 1806 Argonau-

848 1819 912 1860 tas]
934 1818 970 1850 Is
986 1824 1054 1857 est,
1066 1818 1111 1850 P.
1119 1816 1300 1849 Terentius
1311 1816 1436 1858 Varro,
1448 1815 1553 1848 ‘Ata-

848 1869 961 1901 cinus’
984 1869 1095 1901 dictus
1111 1878 1132 1899 a
1153 1867 1228 1900 vico
1244 1866 1356 1899 Atace
1379 1866 1415 1899 in
1438 1866 1553 1899 Gallia

851 1919 1080 1959 Narbonensi,
1107 1919 1142 1950 iu
1159 1927 1227 1960 quo
1241 1922 1342 1949 natus
1357 1922 1425 1958 est,
1454 1917 1550 1959 cujus

848 1971 1078 2003 meminerunt
1092 1968 1313 2010 Propertius,
1332 1972 1371 2000 et
1387 1967 1547 2000 Ovidius.

850 2021 935 2054 eum
951 2020 1166 2062 pervenisset
1176 2018 1219 2051 ad
1234 2028 1360 2051 anuum
1373 2018 1484 2050 aetatis
1497 2019 1550 2050 25.

848 2072 998 2112 linguam
1014 2071 1175 2103 Graecam
1198 2078 1329 2101 summo
1352 2069 1476 2100 ardore
1498 2068 1550 2100 di·

850 2121 949 2162 dicit,
966 2121 1211 2162 transtulitque
1221 2124 1371 2162 quatuor
1384 2119 1489 2151 libros
1504 2119 1552 2151 A·

850 2171 991 2214 pollonii
1014 2170 1152 2211 Rhodii,
1171 2171 1206 2202 in
1229 2179 1326 2202 suum
1351 2179 1489 2202 carmen
1505 2170 1550 2202 de

850 2222 1080 2264 Argonautis3
1117 2220 1210 2252 unde
1242 2220 1477 2254 Quintilianus
1502 2220 1552 2253 ait

851 2274 952 2306 ‘enm
977 2273 1083 2305 fuisse
1107 2272 1332 2313 interpretem
1353 2271 1467 2312 operis
1491 2272 1551 2304 ali-

850 2323 930 2355 eni.'
973 2323 1097 2354 Potest
1111 2326 1148 2353 et
1163 2321 1323 2352 Valerius
1342 2321 1484 2354 Flaccus
1498 2323 1550 2354 in.

849 2373 971 2415 telligi,
992 2373 1051 2414 qui
1066 2376 1172 2403 aetate
1194 2371 1300 2403 Statii
1319 2371 1454 2412 claruit,
1474 2373 1549 2415 qui-

850 2434 916 2466 que
953 2423 1064 2455 simile
1100 2425 1338 2463 argumentum
1374 2423 1549 2455 tractavit.

848 2475 987 2507 Dicitur
1016 2477 1132 2505 autem
1154 2472 1208 2504 hic
1231 2472 1343 2504 Varro
1368 2482 1431 2514 per
1458 2473 1550 2506 freta

847 2525 988 2557 duxisse
1019 2522 1250 2563 Argonautas,
1274 2522 1377 2565 quod,
1399 2532 1441 2554 ea
1471 2533 1549 2565 quae

846 2575 1048 2609 describunt
1062 2571 1201 2613 Poetae,
1211 2571 1327 2604 facere
1342 2572 1513 2606 dicuutur.

889 2628 932 2657 78
959 2625 1001 2656 Et
1026 2624 1080 2665 qui
1099 2633 1229 2664 corpora
1249 2624 1354 2664 prima
1377 2624 1549 2665 transfigu-

847 2676 915 2716 rat]
938 2674 1115 2714 Ovidium,
1129 2674 1275 2716 ejusque
1290 2675 1550 2715 Metamorpho-

849 2737 903 2759 ses
928 2726 1052 2759 innuit.
1095 2725 1187 2757 Vide
1217 2725 1335 2767 Epith.
1356 2724 1476 2758 Stellae
1493 2735 1546 2759 νε.

849 2780 925 2810 260.
