1800 3060
238 172 324 215 330

735 185 775 214 P.
808 184 997 214 PAPINM
1034 183 1200 214 STATH

238 278 288 320 Si
309 278 531 333 quondam
549 289 709 331 magno
733 277 928 319 Phoenix
948 277 1216 319 reverendus
1233 277 1405 320 Achilli

241 345 389 388 Littus
410 346 466 387 ad
491 346 696 396 Iliacum,
718 345 1071 401 Thymbraeaque
1088 345 1306 399 Pergama
1325 347 1446 388 venit

241 413 453 465 Imbellis,
475 413 735 469 tumidoque
757 414 863 455 nihil
875 414 1051 469 juratus
1072 412 1260 464 Atridae,

240 482 331 525 Cur
346 483 477 524 nobis
495 483 683 536 ignavus
705 482 854 523 arnor?
886 482 963 523 sed
987 487 1167 536 pectore
1186 481 1276 524 fido

241 551 480 606 Nusquam
503 552 657 601 abero,
677 551 914 605 longisque
934 563 1093 605 sequar
1115 555 1189 592 tua
1211 551 1404 592 carbasa
1423 551 1556 592 votis.

1614 550 1699 594 100

241 619 321 671 Isi,
344 619 590 661 Phoroneis
613 620 836 674 quondam
858 621 1084 662 stabulata
1105 621 1187 662 sub
1213 620 1363 671 antris,

239 742 294 775 Sic
308 743 461 784 quondam
477 742 627 782 Phoem‘x,
649 752 739 784 quem
761 743 873 783 ingens
888 742 1024 775 Achilles
1039 743 1255 783 venerabatur,
1274 743 1433 785 profectus
1448 747 1493 776 ese
1514 745 1556 775 ad
1570 743 1702 775 Iliacam

236 785 350 826 ripam,
365 790 396 818 et
414 787 568 826 Pergama
586 786 780 828 Thymbraea,
795 797 855 818 non
871 786 1010 824 bellator,
1025 797 1080 818 nec
1094 790 1282 818 sacramento
1296 787 1453 827 obligatus
1465 786 1547 818 irato
1561 787 1699 818 Atridoe.

241 830 309 860 Cur
323 832 430 861 nostra
443 829 584 861 amicitia
599 830 715 869 ignara
729 832 794 861 est?
817 831 882 860 Sed
897 838 1015 869 semper
1028 831 1120 861 adero
1135 830 1206 872 fido
1221 830 1323 868 corde,
1338 835 1369 862 et
1381 839 1549 871 persequar
1564 833 1618 861 tua
1634 828 1702 859 tela

243 873 347 913 longis
358 873 448 905 cotis.
495 872 555 913 lsi,
577 883 645 913 qm
659 873 812 914 quondam
826 872 984 903 incolat-rei
997 872 1118 905 stabula
1132 882 1335 904 cavernarum
1353 873 1606 909 Phor-ontearum,
1621 880 1703 903 nunc

849 956 868 968 O
872 956 1085 969 θηθθθθθθόθ

235 1016 330 1054 gerat
353 1013 458 1046 Adria
482 1015 678 1046 morem—96
699 1013 753 1045 Sic
777 1014 931 1054 quondam
956 1012 1059 1045 Aldd.
1088 1011 1200 1044 Colin.
1226 1012 1359 1053 Gryph.
1385 1011 1446 1044 Sto.
1490 1010 1530 1042 Si
1550 1011 1703 1051 qum-dam

239 1057 357 1090 Parm.
374 1062 410 1088 et
428 1057 524 1088 Rom.
546 1056 635 1098 quod
653 1057 826 1088 revocavit
842 1056 1057 1088 Mamm—98
1080 1055 1172 1088 Ante
1197 1055 1437 1087 Marklandum
1462 1054 1565 1095 plena
1587 1053 1703 1092 στιγμὴ

241 1100 352 1141 posita
368 1105 441 1131 erat
462 1105 538 1140 post
554 1109 671 1131 vocem
687 1101 840 1137 Atriam,-
862 1109 929 1140 quo
957 1103 1059 1139 pacto
1083 1099 1255 1130 sententia
1280 1108 1370 1130 nova
1385 1097 1531 1138 abrupte
1547 1096 1703 1127 ordieba-

238 1147 297 1175 tur
311 1143 352 1175 ab
368 1143 445 1178 illis,
470 1143 535 1174 Cur
551 1142 650 1181 nobis,
663 1144 826 1184 lgm—100
852 1143 1018 1183 Nunquam
1030 1142 1124 1173 abero
1137 1142 1262 1174 Venet.
1278 1144 1309 1173 1.
1326 1147 1363 1173 et
1379 1141 1600 1172 Parm.—101
1626 1138 1703 1170 Ine-

238 1186 390 1217 nienclati
408 1185 509 1218 codd.
524 1185 696 1218 Calderini
713 1185 813 1217 modo
829 1184 904 1226 Ipsa
920 1184 1021 1216 modo
1044 1185 1109 1226 Ipsi
1125 1183 1304 1225 proferunt
1318 1194 1327 1223 ;
1352 1184 1407 1215 ille
1422 1182 1618 1214 emendavit
1634 1182 1703 1220 Isi,-

239 1229 440 1261 Bernartius
469 1229 564 1261 dedit
588 1229 679 1270 Ipsi,·
702 1229 800 1261 Rom.
829 1228 930 1260 Aldd.
950 1228 1057 1261 Colin.
1074 1228 1208 1270 Gryph.
1226 1227 1386 1260 Grasser.
1403 1226 1547 1259 Gevart.
1563 1227 1628 1256 διο.
1646 1225 1706 1258 lui.

899 1314 1045 1348 NOTAE

236 1381 274 1413 in
308 1385 424 1414 metu:
459 1381 529 1416 Qui
556 1381 664 1424 major
695 1380 855 1413 absentes
887 1379 946 1412 ha-

238 1429 324 1463 bet!

281 1484 325 1514 96
349 1481 500 1523 Phoenix]
529 1482 703 1524 Magister
728 1491 874 1520 morum,
905 1490 945 1513 ac

237 1534 405 1567 educator
428 1533 583 1566 Achiuis.
628 1533 718 1567 Vide
743 1532 886 1575 Epiced.
908 1532 944 1564 in

237 1585 418 1618 Glauciam
437 1595 484 1616 vs.
499 1588 554 1617 91.

280 1638 322 1668 97
347 1635 496 1676 Iliacam]
525 1635 724 1676 Trojanum.
771 1633 945 1676 Pergama]

236 1686 387 1728 Trojam.
433 1685 634 1728 Thymbroea]
648 1685 706 1717 Sic
718 1685 812 1717 dicta
827 1696 847 1717 a
859 1690 944 1717 tem-

236 1736 295 1778 plo
318 1736 490 1778 Apollinis
515 1735 707 1778 Thymbraei
729 1745 837 1778 prope
860 1736 943 1767 Tro-

233 1796 320 1829 Jam.

279 1840 324 1871 98
346 1836 499 1878 Imbellis]
521 1836 561 1868 td
579 1840 645 1877 est,
658 1837 715 1878 qui
732 1846 799 1868 non
815 1841 944 1869 tracta-

237 1893 292 1921 ret
307 1889 446 1928 bellum,
472 1888 629 1919 immunis
657 1898 677 1919 a
703 1888 805 1920 bello.
852 1888 945 1920 Nihil

229 1939 378 1981 juratus]
398 1939 497 1971 Solus
523 1939 611 1970 enirn
628 1938 776 1970 Phoenix
803 1948 870 1970 non
887 1939 943 1981 ju-

238 1995 388 2029 raverat,
406 1995 444 2022 ut
463 1990 571 2021 ceteri
589 1989 766 2030 principes
780 1989 943 2028 Graeciae,

239 2051 324 2085 quos
338 2040 555 2082 Thucydides
573 2041 622 2072 ait
645 2046 780 2072 secutos
806 2049 881 2071 esse
897 2038 943 2071 A-

237 2101 494 2135 gamemnonem
520 2101 587 2122 non
620 2095 688 2122 tam
718 2090 944 2132 jurejurando

237 2142 410 2181 addictos,
422 2151 488 2183 quo
504 2141 648 2182 obligati
665 2146 764 2172 erant
780 2141 943 2183 Tyndaro

240 2193 331 2235 patri
354 2192 513 2230 Helenae,
545 2201 647 2233 quam
678 2190 943 2232 Agamemnonis

239 2243 394 2286 potentia
422 2241 610 2284 ac,opibus
635 2246 756 2275 motos.
800 2242 945 2275 Jurave-

240 2299 319 2326 rant
332 2294 422 2325 enim
439 2302 567 2333 omnes,
590 2302 626 2324 se
642 2293 890 2332 vindicaturos,
915 2293 942 2324 si

240 2346 460 2386 contingeret
481 2345 652 2376 Helenam
671 2344 757 2386 rapi.
802 2343 944 2384 Atm'dae]

238 2396 486 2438 Agamemnoni
497 2396 607 2436 Atrei,
617 2400 736 2436 seu,ut
748 2395 944 2436 aliivolunt,

241 2447 429 2481 Plisthenis
444 2447 525 2488 filio,
546 2447 606 2478 sed
623 2447 665 2479 ab
689 2446 799 2479 Atreo
823 2447 945 2478 educa-

242 2503 291 2538 to,
311 2498 459 2539 hincque
484 2497 607 2529 Atrida
625 2501 758 2529 vocato.
801 2496 947 2537 Tumida]

239 2549 282 2582 Id
308 2555 376 2590 est,
401 2549 454 2580 vel
480 2548 648 2590 superbo;
673 2548 750 2579 talis
779 2547 868 2580 enim
884 2547 944 2579 de-

239 2599 393 2641 pingitur
408 2599 451 2631 ab
468 2598 634 2637 Homero,
655 2608 732 2630 cum
759 2599 874 2640 rapuit
898 2598 944 2630 A·

238 2650 333 2681 chiili
350 2649 503 2681 Briseida
517 2659 527 2688 ;
551 2649 603 2680 vel
617 2649 772 2690 irat0,ob
787 2649 945 2690 injuriam

238 2699 338 2732 fratri
351 2700 512 2732 Menelao
527 2697 667 2730 factam.

285 2754 343 2785 101
363 2751 422 2793 lsi,
435 2749 506 2792 ssa]
533 2748 616 2782 Isidi
630 2750 844 2784 commendat
859 2749 947 2785 Poe-

1000 1383 1038 1412 ta
1053 1379 1326 1422 proficiscentem
1341 1387 1382 1409 ac
1398 1377 1618 1418 navigantem
1627 1375 1704 1407 Me-

1001 1432 1098 1463 tium.
1156 1431 1222 1462 Isis
1258 1430 1353 1471 prius
1379 1429 1418 1462 10
1449 1428 1554 1467 dicta,
1583 1428 1702 1463 Inachi

999 1479 1080 1522 filia,
1103 1490 1124 1512 a
1144 1480 1233 1518 Jove
1250 1478 1408 1512 adamata
1427 1482 1495 1517 est,
1510 1478 1602 1520 quod
1624 1488 1702 1511 cnm

998 1531 1090 1564 Juuo
1106 1530 1404 1573 deprehendisset,
1429 1530 1487 1562 ille.
1501 1527 1541 1561 Io
1557 1529 1704 1563 mutavit

998 1581 1033 1613 in
1056 1591 1197 1614 vaccam
1211 1592 1221 1622 ς
1244 1591 1320 1613 eam
1336 1580 1439 1623 petiit
1455 1590 1474 1612 a
1491 1579 1582 1613 Jove
1597 1579 1703 1620 Juno,

999 1642 1100 1675 quam
1113 1642 1189 1665 cunr
1205 1641 1331 1674 negare
1346 1641 1414 1664 non
1435 1631 1590 1671 auderet,
1603 1630 1649 1670 ei,
1659 1639 1703 1662 ne

999 1684 1235 1725 suspicaretur
1263 1691 1425 1722 amorem,
1459 1681 1550 1713 dono
1583 1680 1702 1714 dedit:

997 1734 1090 1768 Juno
1114 1744 1196 1766 vero
1222 1733 1318 1774 Argo
1341 1732 1486 1765 tradidit
1510 1731 1703 1764 custodien-

999 1785 1090 1818 dam.
1137 1785 1201 1817 Illo
1218 1789 1334 1816 autem
1351 1794 1372 1815 a
1386 1782 1562 1816 Mercurio
1577 1782 1704 1823 occiso,

997 1836 1019 1870 J
1025 1846 1090 1868 uno
1106 1835 1255 1867 furorem
1278 1835 1434 1866 immittit
1449 1833 1502 1871 Io,
1517 1843 1608 1875 quae,
1626 1839 1703 1874 post
1736 1838 1740 1841 ⁴

999 1887 1111 1919 varios
1127 1896 1238 1927 casus,
1261 1890 1297 1917 et
1313 1884 1469 1917 diversos
1485 1892 1616 1915 errores
1640 1893 1703 1925 per

997 1941 1107 1970 totum
1131 1935 1205 1969 fere
1230 1935 1362 1976 orbem,
1376 1934 1516 1967 tandem
1542 1934 1702 1975 pervenit

996 1987 1030 2019 in
1046 1987 1245 2028 AEgyptum,
1266 1986 1326 2018 ubi
1349 1990 1502 2017 resumta
1517 1984 1621 2026 priori
1636 1983 1704 2016 for-

997 2047 1053 2069 ma
1074 2036 1206 2070 Osiridi
1223 2036 1355 2078 nupsit,
1370 2040 1534 2078 tantaque
1549 2036 1704 2076 cnmjus·

997 2089 1076 2120 titia
1091 2087 1339 2120 administravit
1361 2087 1562 2129 AEgyptum‚
1586 2087 1705 2119 tantis-

998 2149 1065 2181 que
1093 2138 1271 2171 beneficiis
1299 2138 1476 2180 AEgyptios
1507 2137 1635 2179 affecit,
1665 2142 1704 2171 ut

998 2194 1078 2231 post
1091 2194 1239 2222 mortem
1255 2190 1341 2231 ejus,
1357 2189 1448 2220 illam
1463 2194 1500 2220 ut
1516 2189 1624 2220 Deam
1645 2198 1703 2222 co-

999 2241 1139 2280 luerint,
1151 2240 1416 2282 sacerdotesque
1430 2240 1462 2272 ei
1478 2240 1702 2281 instituerint,

998 2301 1083 2334 quos
1105 2293 1115 2310 ‘
1130 2291 1258 2324 Isiacos
1270 2291 1279 2306 ’
1301 2294 1345 2323 de
1361 2292 1496 2324 nomine
1509 2292 1584 2333 ejus
1602 2301 1702 2324 voca-

999 2347 1090 2376 runt.
1134 2343 1222 2375 Vide
1243 2343 1471 2375 Plutarchum
1486 2343 1520 2375 in
1537 2343 1701 2384 peculiari

998 2402 1104 2434 opere
1131 2393 1222 2435 quod
1250 2393 1294 2424 de
1318 2392 1411 2424 Iside
1438 2392 1644 2433 composuit,
1665 2399 1704 2424 et

1000 2444 1184 2486 Apuleium
1213 2443 1427 2476 Milesiorum
1444 2442 1504 2474 lib.
1517 2451 1571 2474 xr.
1616 2443 1701 2474 Pho-

999 2494 1102 2526 roneis
1126 2494 1285 2526 stabulata
1314 2493 1369 2525 sub
1398 2493 1516 2534 antrie]
1549 2493 1640 2526 Quia
1666 2493 1702 2525 in

1001 2553 1136 2576 vaccarn
1166 2548 1297 2574 mutata
1324 2542 1390 2575 fnit
1413 2543 1465 2575 Io.
1510 2543 1702 2584 Phoroneis]

998 2594 1040 2627 Id
1068 2599 1133 2633 est,
1165 2593 1359 2635 Argolicis3
1382 2593 1581 2625 Phoroneus
1597 2594 1704 2635 enim,

999 2653 1077 2690 post
1098 2652 1243 2680 mortem
1271 2648 1377 2688 patris
1401 2647 1532 2689 Inachi,
1558 2657 1701 2690 regnum

1001 2698 1168 2741 Argorum
1183 2698 1304 2730 tenuit.
