1800 3060
275 142 360 186 318

777 158 814 187 P.
848 157 1037 188 PAPINlI
1070 157 1239 191 STA‘rn

276 250 563 305 Baianosque
585 251 726 303 sinus,
746 255 788 294 et
808 252 917 295 foeta
934 255 1190 308 tepentibus
1210 256 1342 300 undis

276 318 451 361 Littora
468 319 704 374 tranquillo
725 322 926 364 certatim
946 323 1111 365 ambite
1131 329 1302 375 natatu,

277 385 541 437 Quaerentes
561 387 636 428 ubi
659 389 779 430 celsa
798 390 921 439 ratis,
942 403 1077 444 quam
1094 392 1303 433 scandere
1323 393 1488 446 gaudet

276 453 457 495 Nobilis
478 453 696 497 Ausoniae
718 455 846 497 Celer
857 457 1168 510 armipotentis
1189 459 1407 509 alumnus.

1679 463 1737 507 20

278 521 380 564 Nec
402 523 644 576 quaerenda
666 523 765 564 diu:
797 524 930 566 modo
949 537 1051 566 nam
1072 529 1191 568 trans
1209 540 1389 581 aequora
1406 530 1533 572 terris

276 588 429 630 Prima
451 590 717 632 Dicarcheis
738 591 951 633 Pharium
971 593 1120 645 gravis
1140 594 1285 635 intulit
1312 608 1503 639 annum:

275 655 428 697 Prima
448 657 663 699 salutavit
684 658 899 712 Capreas,
920 664 965 702 et
982 661 1179 714 margine
1199 661 1360 706 dextro

274 766 428 805 cumdute,
452 776 521 797 cum
534 767 744 807 «emulatione,
758 769 879 809 placido
897 772 1010 802 natatu
1022 770 1125 802 sinum
1148 771 1321 811 Baianum,
1347 775 1379 805 et
1394 773 1479 815 ripas
1503 775 1610 814 plenas
1623 774 1737 807 calidis

274 809 374 848 aquis,
385 813 571 850 scrutantes,
585 810 636 841 ubi
650 811 716 841 alta
727 812 818 842 navis
830 815 890 851 est,
905 823 995 853 quam
1010 813 1143 845 illustris
1157 815 1297 846 alumnus
1319 815 1468 848 benicosoe
1490 818 1597 849 Italioe
1611 819 1734 852 exultat

273 853 484 884 conscendere.
529 853 598 884 Nec
611 853 667 884 diu
681 853 860 894 indaganda
874 859 943 887 est.-
965 857 1068 897 prima
1090 857 1172 888 enim
1197 867 1294 898 nuper
1308 858 1429 891 invexit
1456 863 1544 891 emm
1563 861 1664 892 maria
1678 871 1735 892 an·

272 903 387 926 nonam
412 896 609 938 AEgypstam,
630 906 690 937 qua
713 901 781 929 erat
815 902 956 939 onerum,
989 899 1023 930 in
1045 902 1149 932 terras
1176 900 1427 934 Dicaearchoeas:
1458 902 1563 943 prima
1583 903 1734 935 salutavit

879 981 1019 995 mm
1023 983 1122 995 ‘m‘

274 1045 421 1076 mutavit
433 1044 758 1078 brumandus—19
768 1045 809 1077 In
824 1045 943 1077 iisdem
959 1057 1019 1087 qua
1032 1049 1176 1080 scandere
1189 1050 1316 1088 gaudee.
1340 1050 1350 1067 ‘
1363 1050 1471 1092 Lege:
1489 1060 1581 1091 quam
1589 1053 1735 1083 scandere

271 1089 397 1126 gaudet.
443 1089 552 1120 Miror
567 1088 734 1130 quomodo
763 1089 970 1121 doctissimis
995 1090 1079 1122 illud
1102 1092 1273 1130 vulgatum
1298 1093 1434 1134 placere
1450 1094 1613 1134 potuerit,
1643 1095 1732 1136 quod

275 1140 403 1173 omnes,
419 1141 497 1173 quae
521 1131 612 1173 apud
638 1141 697 1163 nos
715 1137 806 1173 sunt,
822 1132 989 1164 editiones
1017 1139 1179 1176 occupat,
1201 1135 1304 1167 etiam
1323 1135 1506 1169 Aldinam!
1527 1137 1733 1170 Bartae-24

935 1225 1076 1258 NOTAE

317 1294 359 1324 16
384 1292 521 1324 Doridos
544 1293 663 1334 antris]
684 1294 786 1326 Doris
803 1304 890 1326 uxor
907 1294 977 1327 Ne-

272 1343 335 1383 rei,
350 1349 386 1375 et
401 1349 511 1376 mater
532 1345 734 1378 Nereidum.
756 1345 883 1387 Antris]
907 1346 978 1378 Ne-

272 1395 387 1427 reides
403 1396 490 1426 enim
505 1394 708 1437 profundum
726 1396 827 1428 maris
844 1401 977 1438 tenent,

271 1447 308 1478 in
332 1447 502 1488 speluncis
522 1448 715 1480 habitantes
739 1448 829 1489 apud
846 1453 977 1489 patrem

273 1498 440 1537 Nereum,
471 1502 508 1530 et
538 1502 682 1530 matrem
717 1498 860 1530 Dorida.
904 1498 977 1530 Ho-

273 1559 387 1582 merus
404 1550 445 1582 Il.
461 1553 498 1583 Σ.
541 1549 580 1581 A?
595 1550 676 1582 κατὰ
693 1549 800 1586 βένθος
822 1549 899 1582 ἁλὸς
913 1555 978 1587 Νη-

271 1598 372 1640 ρηΐδες
399 1598 490 1638 ἦσαν.
535 1601 615 1637 Quoe
644 1604 734 1632 erant
762 1602 797 1632 in
823 1602 978 1642 profundo

271 1650 379 1683 maris.
424 1650 564 1682 Dicitur
583 1661 739 1692 spumosa,
766 1652 846 1693 quia
870 1661 979 1692 mare,

273 1702 383 1733 ventis
400 1702 579 1743 agitatum,
595 1712 731 1743 spumas
749 1702 890 1734 emittit.

316 1755 356 1784 17
380 1753 582 1793 Baianosque
595 1753 694 1792 sinus,
706 1752 827 1790 etsoeta
845 1753 976 1793 tepenti-

273 1802 329 1834 bus
343 1803 436 1835 undis
450 1803 592 1845 Littera]
613 1803 787 1844 Designat
810 1803 976 1835 Baianum

270 1853 392 1895 sinum,
408 1863 582 1896 aquasque
609 1853 739 1886 calidas
761 1854 850 1885 intra
873 1853 977 1885 Mise-

271 1915 364 1944 num,
379 1910 416 1937 et
432 1906 609 1945 Puteolos,
625 1907 658 1938 in
676 1906 877 1947 Campania.

313 1958 356 1987 20
378 1956 542 1997 Ausoniae]
578 1955 618 1987 Id
649 1961 714 1996 est,
742 1957 868 1998 Italiae,
896 1967 972 1999 quae

271 2006 459 2048 antiquitus
484 2007 493 2024 ‘
506 2006 682 2038 Ausonia’
697 2012 831 2039 vocata.
865 2007 973 2040 Armi-

265 2056 420 2098 potentis]
444 2057 584 2089 Dicitur
599 2058 609 2075 ‘
623 2057 853 2098 armipotens'
870 2058 974 2090 Italia

269 2106 315 2138 ob
344 2108 514 2140 rationem
531 2108 687 2140 omnibus
714 2115 844 2140 notam.
869 2109 976 2151 Celer]

271 2159 402 2191 Metius
418 2159 532 2191 Celer.

313 2211 356 2240 21
384 2208 485 2241 Tram
508 2208 648 2250 oequora]
669 2208 726 2241 Ab
752 2210 901 2251 AEgypto
923 2220 976 2242 ns-

270 2269 349 2301 que.
397 2260 507 2292 Terris
535 2259 737 2300 Dicarcheis]
763 2259 804 2291 Id
821 2264 884 2299 est,
906 2261 976 2292 Pu·

270 2311 430 2343 teolanis.
475 2310 566 2342 Vide
598 2311 839 2343 Surrentinum
873 2311 975 2342 Pollii

269 2372 320 2393 vs.
335 2365 368 2394 3.
412 2361 538 2394 Solitas
560 2366 675 2394 autem
699 2371 804 2393 naves
826 2361 977 2393 Alexan-

270 2411 386 2443 drinas
403 2413 454 2444 nti
469 2412 661 2443 Puteolano
678 2418 793 2452 portu,
810 2412 908 2443 testis
923 2415 977 2442 est

272 2462 397 2494 Cicero
414 2471 475 2502 pro
490 2462 630 2493 Rabirio
653 2462 855 2502 Posfflumo,
876 2462 975 2494 Philo

271 2517 393 2544 contra
420 2512 592 2552 Flaccum,
621 2517 657 2543 et
684 2513 792 2544 Lucas
815 2512 847 2543 in
875 2510 974 2543 Actis

271 2561 361 2603 cap.⁵
378 2564 434 2594 28.
494 2562 732 2602 Praerogativa
764 2572 846 2594 vero
886 2562 975 2593 illius

270 2612 389 2646 classis
411 2615 499 2652 erat,
512 2618 552 2644 ut
575 2614 647 2644 sola
670 2618 807 2654 portum
831 2613 976 2644 intraret

269 2674 348 2696 cum
365 2672 534 2705 supparo:
561 2663 635 2694 aliae
652 2673 756 2694 naves
778 2673 855 2694 cnm
871 2664 975 2694 intra—

271 2719 394 2746 verant
402 2714 565 2756 Capreas,
576 2722 617 2746 ac
629 2713 799 2745 Minervae
811 2714 975 2745 Promon-

1034 1296 1168 1336 tortum,
1180 1298 1256 1329 velo
1265 1297 1480 1338 jubebantur
1495 1307 1570 1330 esse
1593 1302 1733 1330 conten-

1033 1350 1091 1378 tae.
1128 1348 1320 1389 Supparum
1337 1347 1645 1380 Alexandrinarum
1658 1354 1734 1380 erat

1033 1397 1178 1439 insigne.

1075 1452 1117 1480 22
1140 1449 1267 1490 Prima]
1291 1450 1378 1482 Haec
1403 1454 1456 1482 est
1481 1449 1596 1482 classis
1627 1450 1734 1482 Alex-

1031 1500 1184 1540 andrina,
1209 1502 1306 1542 cnjus
1331 1506 1385 1533 tot
1412 1501 1497 1534 locis
1523 1501 1564 1533 fit
1591 1502 1735 1542 mentio,

1032 1549 1129 1581 dicta
1166 1551 1318 1582 Martiali
1354 1553 1520 1592 cataplus.
1565 1552 1735 1593 Pharium]

1032 1600 1073 1631 Id
1090 1605 1156 1639 est,
1173 1601 1384 1643 AEgyptium,
1400 1612 1421 1634 a
1435 1602 1550 1634 Pharo
1564 1602 1732 1644 quondam

1031 1651 1142 1683 insula
1157 1662 1265 1694 prope
1289 1653 1545 1695 Alexandriam,
1558 1663 1649 1686 nunc
1664 1659 1734 1686 ter-

1031 1711 1077 1734 rae
1092 1702 1226 1744 juncta.
1270 1704 1410 1745 Annum]
1445 1704 1564 1736 Annus
1589 1705 1644 1736 hic
1669 1713 1732 1746 pro

1032 1762 1167 1785 annona
1182 1754 1340 1785 sumitur.
1385 1754 1549 1795 Papinius
1566 1755 1732 1787 Thebaid.

1033 1814 1070 1836 v.
1086 1807 1163 1836 710.
1193 1806 1202 1822 ‘
1219 1805 1452 1846 Magnumque
1479 1805 1619 1837 inducat
1645 1815 1733 1836 mes-

1031 1854 1124 1886 sibus
1151 1854 1298 1886 annum.’
1343 1855 1464 1887 Claud.
1481 1855 1524 1886 de
1549 1855 1647 1887 Bello
1663 1855 1734 1887 Gil-

1031 1905 1153 1936 donico
1168 1916 1178 1936 ι
1200 1906 1210 1924 ‘
1228 1905 1421 1937 Pensabam
1446 1904 1608 1936 Pharium
1626 1905 1733 1937 Getu-

1029 1956 1071 1987 lis
1094 1955 1258 1998 messibus
1280 1955 1430 1987 annum.’
1481 1955 1622 1993 Pharius
1649 1965 1732 1996 ergo

1026 2016 1127 2045 annus
1150 2010 1204 2038 est
1219 2016 1354 2039 annona
1371 2016 1415 2038 ex
1431 2006 1584 2048 AEgypto
1606 2006 1732 2039 advec-

1029 2061 1076 2088 ta.
1111 2057 1278 2098 AEgyptus
1294 2057 1384 2088 enim
1401 2061 1533 2088 certum
1553 2065 1731 2088 nnmerum

1029 2105 1193 2139 frumenti
1209 2107 1389 2149 quotannis
1417 2103 1569 2148 pendere
1592 2107 1732 2140 teneba-

1030 2162 1098 2198 tur,
1136 2157 1240 2200 idque
1266 2157 1387 2190 tributi
1427 2158 1578 2198 nomine,
1606 2166 1731 2199 egenae

1031 2208 1126 2249 plebi
1150 2209 1311 2240 Romanae
1337 2208 1570 2244 dividendum,
1599 2217 1642 2239 ex
1665 2217 1733 2249 quo

1028 2259 1064 2290 in
1080 2258 1226 2290 formam
1243 2259 1429 2300 provinciae
1454 2258 1592 2290 redacta
1608 2257 1674 2290 suit
1689 2257 1733 2289 ab

1030 2308 1197 2350 Augusto.
1240 2309 1440 2341 Vocabatur
1462 2314 1498 2340 et
1522 2312 1732 2341 commeatus

1031 2359 1296 2400 Alexandrinus,
1314 2359 1447 2392 Graecis
1461 2357 1640 2400 τορενηκὸς
1659 2356 1731 2388 ard·

1029 2416 1095 2442 λος.
1141 2411 1242 2443 Unde
1264 2411 1298 2442 in
1325 2410 1452 2442 Codice
1467 2411 1478 2429 ‘
1492 2410 1607 2442 Stolns
1628 2408 1734 2440 Alex-

1030 2460 1218 2492 andrinus!
1263 2460 1351 2492 Vide
1381 2460 1528 2492 Plinium
1554 2459 1589 2490 in
1621 2458 1733 2490 Pane-

1031 2511 1163 2552 gyrico,
1184 2515 1221 2542 et
1237 2510 1389 2551 Lipsium
1414 2511 1526 2543 Elect.
1553 2509 1610 2540 lib.
1630 2519 1655 2541 1.
1673 2509 1732 2541 ubi

1030 2561 1133 2592 etiam
1150 2560 1289 2592 adducit
1305 2562 1394 2593 hunc
1408 2569 1541 2592 versum
1558 2559 1709 2600 Papinii.

1070 2614 1112 2643 23
1139 2611 1292 2652 Capreas]
1317 2610 1405 2643 Vide
1435 2620 1540 2651 supra
1578 2609 1732 2641 Hercule

1028 2662 1230 2694 Surrentino
1243 2671 1291 2693 vs.
1304 2664 1380 2693 128.
1405 2661 1487 2692 Erat
1502 2660 1611 2691 insula
1622 2669 1731 2701 prope

1029 2711 1225 2754 Neapolim.
1269 2712 1316 2744 Ee
1330 2711 1472 2751 margine
1482 2710 1611 2752 dextro]
1634 2710 1731 2743 Bene
