1800 3060
522 249 797 282 SthARUM
832 249 929 279 ms.
952 249 1025 279 111.
1053 239 1095 280 3.

97 347 272 402 Quique
290 348 410 386 tener
427 344 562 385 saevis
582 342 824 397 genitorem
845 341 998 396 Scipio
1024 342 1177 384 Poenis

1456 339 1542 381 190

97 412 307 462 Abstulit,
325 416 372 452 et
392 410 507 464 Lydi
526 410 675 464 pietas
695 410 924 450 temeraria
945 407 1100 450 Lausi.

96 479 214 534 Ergo
232 482 275 521 et
292 477 543 519 Thessalici
563 475 728 530 conjux
746 477 934 529 pensare
955 475 1100 516 mariti

98 545 263 596 Funus,
282 548 327 586 et
345 545 558 586 immitem
577 543 723 598 potuit
742 542 878 597 Styga
898 542 1071 584 vincere
1092 543 1282 596 supplex

95 613 340 656 Thracius?
372 612 426 652 ah
447 617 614 665 quanto
632 610 789 652 melius
809 622 888 664 pro
909 614 1035 664 patre
1052 609 1232 651 liceret!

87 720 243 762 fecerunt,
254 722 328 752 darn
341 722 479 761 portaret
493 720 569 751 collo
580 719 765 758 genitorem.
811 718 855 750 Et
870 717 959 756 felix
983 727 1064 758 puer
1079 717 1197 758 Scipio,
1212 718 1265 758 qui
1279 718 1394 759 eripuit
1417 721 1538 759 patrem

95 764 176 796 diris
192 744 514 803 Carthaginiensibus,
528 765 559 793 et
573 761 693 803 Lydius
714 761 846 797 Mnus,
861 760 916 800 φά
939 760 1104 792 temer-mia

1117 762 1235 800 pietate
1258 763 1380 801 patrem
1392 761 1541 792 servavit.

96 805 185 846 Ergo
194 815 274 837 uxor
282 805 383 846 potuit
393 805 540 836 redimere
545 807 679 835 nortem
692 803 833 843 conjugis
845 802 996 842 Thessali,
1006 805 1038 833 et
1046 803 1177 843 supplex
1186 802 1470 844 Thraciusflectere
1484 805 1542 834 dn·

96 857 167 880 run
177 848 305 890 Styga?
325 847 378 880 Ah
389 850 501 888 quanto
506 846 626 886 justius
639 846 694 877 hoc
704 849 782 878 esset
794 855 851 887 pro
862 845 1024 886 genitore.
1021 844 1032 867 7
1052 844 1202 877 Attanae„
1213 855 1273 876 non
1287 845 1386 877 omnis
1399 845 1545 887 rapieris,

696 928 736 940 θ’

99 985 175 1020 dice
190 986 258 1018 Seu
260 987 376 1016 .—190
390 985 511 1025 Quique

101 1028 263 1064 referant·
308 1027 378 1058 Pro
408 1027 515 1058 Poenis
543 1026 695 1058 nonnulli

100 1071 205 1105 Aldd.
228 1069 340 1102 Coun.
361 1069 494 1110 Grypb.
517 1069 621 1100 Basil.
650 1070 716 1100 &m
740 1069 828 1108 Ergo

518 993 615 1024 gener
626 982 705 1016 edd.
721 983 945 1023 Parisienses,
958 992 1033 1015 cum
1050 991 1167 1014 omnes
1184 983 1241 1014 alii
1253 983 1331 1014 libri
1346 985 1432 1015 tener
1447 988 1543 1015 recte

791 1028 940 1058 ιε.-192
968 1026 1056 1064 Ergo
1073 1026 1242 1057 Thessalici
1267 1026 1411 1058 Venett.
1438 1026 1538 1057 Rom.

846 1071 877 1100 et
900 1068 1071 1099 Thessalici
1096 1069 1252 1108 reposuit
1278 1067 1503 1099 Marklandns
1519 1077 1540 1100 e

99 1112 288 1146 Parmensi
290 1114 396 1143 -193
420 1111 549 1152 Phryga
570 1111 691 1142 vincere
706 1109 847 1142 Venett.
869 1110 987 1141 Parm.
1015 1110 1114 1141 Rom.
1137 1109 1242 1142 Aldd.
1272 1110 1381 1142 Colin.
1408 1109 1542 1151 Gryph.

102 1156 208 1188 Basil.
221 1155 337 1187 Plant.
361 1156 426 1185 &c.
468 1154 577 1185 Vetus
604 1153 714 1185 codex
742 1152 851 1193 Lipsii
877 1152 982 1184 habet
1004 1152 1088 1193 Styg
1088 1163 1119 1192 a,
1138 1158 1178 1184 ut
1205 1153 1356 1184 correxit
1376 1153 1543 1191 Cruceus,

103 1197 367 1246 approbantibus
389 1196 540 1228 Gronov.

566 1196 599 1227 in
618 1195 731 1226 Diatr.
745 1204 822 1236 cap.

837 1197 893 1227 33.
908 1194 1028 1226 Barth.
1043 1195 1085 1226 ad
1101 1195 1132 1226 h.
1147 1195 1171 1226 l.
1188 1200 1223 1226 et
1241 1195 1360 1226 Heius.
1378 1194 1421 1226 ad
1437 1194 1542 1226 Ovid.

104 1240 247 1273 Heroid.
263 1239 374 1281 Epist.
389 1247 499 1270 xvm.
514 1240 568 1270 21.
613 1238 699 1269 Vide
709 1237 838 1279 Syllog.
851 1237 962 1278 Epist
971 1237 1066 1270 Tom.
1082 1246 1123 1270 ιι.
1143 1247 1177 1279 p.
1192 1239 1354 1270 29.-194
1378 1237 1494 1269 Parui.
1508 1240 1546 1268 at

683 1317 685 1319 ’
751 1318 891 1351 No'rAE

101 1382 271 1416 sublatum
291 1383 439 1416 humeris
456 1386 586 1425 patrem
613 1391 655 1414 ex
678 1382 793 1413 incen-

102 1433 160 1467 dio
171 1434 317 1476 Trojano
339 1434 515 1466 liberavit.
557 1431 645 1464 Vide
662 1431 792 1464 AEneid.

101 1491 146 1516 11-
178 1482 362 1515 Pausanias
378 1483 412 1515 iu
421 1482 580 1514 Phocicis
594 1485 712 1513 narrat
723 1479 795 1513 fac-

103 1537 175 1565 tum
200 1533 342 1565 duorum
369 1532 513 1564 fratrum
541 1530 794 1569 Catanensium,

103 1583 175 1625 qui,
189 1592 266 1614 cum
290 1592 334 1615 ex
359 1583 460 1615 AEtna
482 1582 646 1614 Catanam
661 1580 797 1612 flamma

104 1633 339 1675 corripuisset,
366 1632 534 1673 fugientes
563 1636 703 1663 matrem
731 1631 800 1671 hic,

105 1687 238 1724 patrem
262 1683 321 1715 ille
343 1682 491 1714 humeris
517 1683 737 1722 sustulerunt,
761 1687 797 1713 et

102 1742 180 1765 cum
195 1733 357 1765 citissime
380 1731 580 1765 festinantes
602 1732 796 1764 incendium

106 1787 219 1815 tamen
234 1788 384 1825 urgeret,
408 1792 519 1824 neque
541 1782 590 1814 illi
612 1787 798 1824 propterea

103 1836 263 1874 parentes
275 1833 501 1872 dimitterent,
514 1831 632 1863 dicunt
643 1832 692 1863 ita
704 1831 798 1863 illum

105 1880 314 1915 flammarum
329 1882 424 1924 qussi
446 1886 631 1913 torrentem
655 1882 691 1912 in
713 1881 798 1913 duas

106 1937 222 1974 partes
238 1933 447 1971 discessisse,
468 1936 507 1963 nt
532 1941 594 1972 per
607 1932 736 1963 medios
748 1931 798 1973 ig-

106 1991 167 2015 nes
187 1992 262 2015 cum
285 1983 368 2024 ipsis
392 1981 588 2024 parentibus
603 1981 800 2013 adolescen-

107 2037 163 2064 tes
176 2032 362 2064 incolumes
376 2032 559 2064 evaserint.
598 2031 697 2073 lique
709 2034 718 2050 ‘
732 2033 779 2073 pii
790 2031 799 2045 ¹

109 2083 335 2124 cognominati
359 2081 510 2114 fuerunt.
554 2082 654 2114 Hanc
667 2083 798 2114 histori-

111 2141 166 2164 am
181 2131 334 2164 referunt
344 2132 446 2163 etiam
457 2131 594 2170 Strabo,
605 2131 755 2164 AElianus
766 2132 801 2164 in

109 2181 215 2213 Varia
229 2181 397 2221 Historia,
414 2181 631 2222 Aristoteles,
644 2181 802 2213 Valerius

110 2231 283 2263 Maximus
296 2231 354 2262 lib.
364 2240 401 2263 v.
414 2240 492 2271 cap.
503 2234 537 2262 4.
579 2231 714 2263 Solinus
725 2241 803 2273 cap.

112 2284 167 2314 11.
192 2285 230 2313 et
249 2281 418 2314 stoboeus.
459 2281 646 2322 Mycena-a]
679 2281 720 2314 ld
737 2287 802 2323 est,

112 2331 265 2371 (ἔτικτες
295 2332 453 2373 Mycenae
476 2332 564 2363 enim
588 2332 668 2364 urbs
693 2332 802 2364 Laco-

111 2381 178 2413 niae
193 2380 378 2422 provincie
392 2380 554 2422 Graeciae,
563 2386 599 2413 et
613 2387 716 2423 caput
728 2392 803 2424 reg-

111 2431 148 2463 ni
163 2430 438 2472 Agamemnonis.

156 2483 218 2513 190
241 2481 362 2522 Quique
387 2483 476 2512 tene·-
510 2481 601 2513 saecis
633 2481 805 2521 genitorem

113 2530 219 2571 Scipio
242 2531 350 2562 Poenis
368 2530 525 2571 Abstulit]
547 2531 716 2572 Intelligit
733 2531 806 2563 Sci-

114 2581 263 2622 pionem,
277 2585 396 2622 postea
417 2580 613 2613 Africanum
634 2591 655 2613 a
668 2582 808 2614 devicta

116 2630 233 2664 Africa
253 2632 398 2673 dictum,
420 2633 477 2675 qui
502 2638 633 2674 patrem
659 2634 809 2666 servavit

116 2680 151 2712 in
180 2682 252 2713 acie
281 2683 456 2714 commissa
484 2683 528 2715 ad
554 2683 721 2723 Ticinum,
748 2693 809 2715 seu

117 2728 288 2771 Trebiam,
307 2730 501 2773 (utrumque
515 2731 604 2764 enim
627 2732 811 2773 proditur,)

120 2787 196 2811 cum
210 2779 282 2822 ipse
291 2780 469 2814 admodum
484 2791 570 2824 puer
583 2786 687 2823 esset,
701 2788 734 2814 et
752 2792 810 2824 pa-

848 1386 902 1414 ter
917 1381 960 1413 ab
971 1380 1126 1413 hostibus
1141 1380 1427 1414 circumdaretur.
1468 1381 1547 1414 Sili·

847 1442 886 1463 us
900 1442 909 1464 ι
927 1434 937 1450 ‘
952 1432 1039 1463 Tum
1054 1436 1155 1473 rapta
1169 1441 1316 1473 propere
1328 1432 1423 1464 duris
1433 1440 1476 1464 ex
1491 1442 1547 1464 os·

848 1482 937 1514 sibus
951 1482 1063 1522 hasta,
1079 1482 1235 1514 Innixum
1263 1483 1396 1515 cervice
1418 1481 1548 1524 ferens,

847 1534 1054 1574 humeroque
1074 1538 1251 1575 parentem
1271 1533 1428 1566 Emicat!
1472 1533 1545 1566 Pli-

850 1584 946 1615 nius:
970 1585 979 1602 ‘
996 1582 1182 1615 Africanus
1198 1584 1242 1615 de
1257 1588 1354 1624 patre
1370 1583 1477 1616 noluit
1492 1594 1549 1616 ac·

850 1634 967 1675 cipere
988 1643 1146 1666 coronam
1166 1633 1334 1666 civicam!
1377 1633 1468 1665 Vide
1492 1633 1548 1665 Li-

850 1686 940 1717 vium
956 1685 1015 1716 lib.
1031 1693 1112 1717 xxx.
1127 1694 1204 1725 cap.
1220 1686 1274 1717 46.
1295 1689 1331 1715 et
1352 1683 1433 1715 Val.
1445 1683 1546 1715 Max-

849 1735 952 1766 imum
974 1734 1034 1766 lib.
1050 1743 1087 1766 v.
1109 1734 1153 1766 de
1175 1735 1307 1775 pietate
1323 1734 1356 1765 in
1372 1738 1547 1775 parentes.

849 1784 973 1825 Poenis]
991 1784 1031 1815 ld
1047 1789 1114 1824 est,
1128 1778 1549 1825 Carthaginiensibus.“qui

852 1835 1054 1867 Phoenicnm
1076 1835 1188 1866 coloni
1212 1840 1322 1875 erant,
1335 1838 1371 1866 et
1385 1834 1478 1866 Poeni
1491 1841 1550 1866 vo-

849 1885 1026 1917 cabantur.

894 1937 955 1967 191
978 1933 1060 1976 Lydi
1092 1933 1195 1975 pietas
1231 1933 1400 1966 temeraria
1433 1932 1551 1974 Lausi]

853 1987 994 2026 Lausus,
1006 1985 1097 2016 filius
1112 1984 1279 2016 Mezentii
1296 1984 1387 2025 regis
1400 1984 1550 2016 Thusco·

852 2036 1007 2077 rum,qui
1022 2045 1042 2066 a
1064 2034 1168 2076 Lydis
1183 2034 1346 2075 originem
1363 2033 1551 2073 ducebant,

853 2090 987 2128 patrem
1003 2085 1037 2116 in
1054 2085 1143 2116 bello
1154 2084 1315 2116 adversus
1327 2084 1465 2116 AEueam
1481 2093 1551 2114 ser-

854 2136 972 2174 vavit;
993 2144 1069 2166 nam
1094 2134 1152 2166 illo
1179 2134 1308 2174 saucio,
1336 2134 1408 2174 ipse
1425 2133 1551 2164 subivit

855 2185 1022 2227 praelium,
1054 2185 1254 2225 occisusque
1283 2187 1336 2214 est
1364 2183 1408 2214 ab
1435 2183 1554 2214 AEnea.

856 2235 1047 2276 Virgilius:
1079 2235 1089 2252 ‘
1103 2235 1179 2267 Quo
1203 2233 1356 2274 periture
1380 2232 1463 2273 ruis,
1483 2241 1553 2264 ma-

847 2287 993 2328 joraque
1017 2284 1143 2315 viribus
1160 2283 1288 2315 audes?
1333 2282 1481 2314 Fallitte
1502 2282 1554 2314 in·

856 2340 994 2367 cautum
1025 2334 1159 2375 pietas.‘
1222 2332 1347 2374 Itaque
1377 2332 1556 2373 temeraria,

856 2385 935 2426 quia
951 2384 1081 2424 majora
1095 2382 1221 2414 viribus
1237 2392 1338 2414 ausus
1354 2387 1421 2423 est,
1443 2386 1480 2414 et
1494 2382 1555 2414 im·

858 2444 920 2475 par
932 2442 1134 2472 congressus
1149 2436 1201 2463 est
1213 2431 1342 2463 AEneae.

900 2486 963 2514 192
987 2484 1074 2522 Ergo
1099 2481 1267 2513 Thessalici
1290 2480 1406 2520 coniux
1425 2491 1559 2522 pensare

857 2532 966 2564 mariti
983 2531 1103 2572 Funus]
1123 2530 1292 2572 Intelligit
1307 2530 1469 2563 Alcesten
1486 2530 1557 2562 Ad-

859 2581 943 2613 meti
966 2580 1146 2613 Thessaliae
1176 2581 1266 2621 regis
1294 2589 1451 2620 uxorem,
1479 2589 1556 2621 quae

860 2641 923 2672 pro
933 2630 1055 2662 marito
1067 2629 1218 2671 graviter
1225 2635 1377 2671 aegrotan
1383 2634 1430 2667 te,
1439 2633 1476 2660 et
1486 2638 1557 2660 mo·

860 2681 981 2719 :itm-0,
997 2679 1155 2711 vicariam
1165 2684 1308 2712 mortem
1321 2679 1459 2711 subivit.
1468 2678 1557 2711 Vide

863 2730 1061 2771 Euripidem
1078 2729 1229 2761 Alceste.

906 2782 968 2813 194
990 2778 1156 2820 straciae]
1187 2779 1348 2820 Orpheus
1372 2787 1392 2810 e
1415 2779 1557 2813 Thracia
