1800 3060
229 208 316 249 444

733 219 771 248 P.
805 216 993 247 PAPINII
1028 216 1194 247 S'rA‘rll

233 316 356 357 Scire
378 315 507 369 petis,
533 314 629 368 jam
650 313 864 355 Sidonios
886 326 1064 355 emensa
1085 314 1259 354 labores

231 383 431 425 Thebais
451 386 605 436 optato
625 382 804 436 collegit
825 383 1013 423 carbasa
1034 386 1162 435 portu
1179 395 1190 422 :

233 451 507 505 Parnasique
533 450 670 505 jugis,
692 451 908 505 sylvaque
930 449 1203 491 Heliconide
1225 449 1353 490 festis

232 519 386 560 Thura
406 518 528 560 dedit
546 518 753 569 flammis,
774 522 818 560 et
837 517 1019 572 virginis
1039 523 1146 559 exta
1167 517 1393 572 juvenoae,

232 585 525 640 Votiferaque
546 598 669 626 meas
691 585 921 639 suspendit
941 586 996 627 ab
1020 586 1176 627 arbore
1201 586 1352 626 vittaS.

233 654 368 696 Nunc
391 667 560 695 vacuos
581 654 723 695 crines
745 654 836 695 alio
859 653 979 696 subit
996 653 1139 695 infula
1157 666 1304 695 nexu:

232 721 368 775 Troja
390 721 583 775 quidem,
603 734 881 776 magnusque
901 721 1011 763 mihi
1032 725 1223 763 tentatur
1244 720 1468 773 Achilles3

232 824 380 864 defuncta
394 835 488 866 opera
503 825 636 857 Sidonia
651 825 808 857 contrahit
823 826 890 857 vela
901 826 934 856 in
944 825 1042 866 petito
1052 829 1158 866 portu,
1174 829 1204 857 et
1219 825 1254 856 in
1269 825 1477 857 cacuminibus
1493 822 1702 858 Parnassssct

232 868 267 899 in
283 878 405 899 nemore
421 869 585 900 Heliconia>
599 869 711 900 obtulit
727 869 833 908 thura,
848 872 878 900 et
893 872 968 900 exta
991 869 1281 908 intactoejuvencoe‚
1305 872 1336 900 et
1355 868 1516 909 suspendit
1533 866 1701 908 promissas

233 911 331 943 vittas
345 911 384 942 ab
398 911 518 944 arbore.
564 913 659 944 Nunc
683 913 749 944 alia
773 912 874 950 infula
899 913 998 943 nectit
1017 921 1132 943 vacuas
1151 921 1235 944 meas
1253 921 1366 944 comas.
1408 911 1504 951 Troja
1517 920 1591 942 sane
1606 912 1636 942 et
1651 909 1700 941 in·

849 1003 968 1015 eeeeee

970 1003 1090 1015 0000„

235 1068 453 1110 Pomifemque
481 1069 595 1101 Parm.
626 1069 728 1101 Rom.
757 1068 863 1102 Aldd.
889 1070 1000 1102 Colin.
1027 1069 1163 1111 Gryph.
1189 1070 1255 1100 διο.
1304 1067 1508 1109 Vociferaque
1531 1076 1574 1099 ex
1598 1066 1701 1098 codd.

234 1113 469 1153 manuscripto
486 1112 641 1144 restituit
655 1113 872 1153 Bernartius,
896 1119 933 1145 et
958 1113 1142 1144 illustravit
1169 1112 1312 1144 Gevart.
1339 1111 1463 1152 Papin.
1486 1111 1582 1142 Lect.
1599 1119 1651 1142 xv.
1668 1111 1702 1141 7.

233 1155 338 1197 idque
354 1156 483 1187 habent
498 1155 577 1186 Sen.
593 1161 631 1187 et
645 1156 771 1187 Venet.
790 1160 819 1188 l.
865 1156 953 1188 Vide
978 1157 1107 1198 Syllog.
1134 1155 1244 1196 Epist.
1268 1155 1365 1186 Tom.
1381 1164 1418 1186 v.
1435 1164 1468 1195 p.
1483 1156 1558 1185 536.
1601 1153 1703 1184 Doni-

235 1197 360 1240 seraque
374 1198 466 1240 conj.
483 1199 748 1231 Barthius.—93
773 1200 896 1231 Venet.
913 1203 944 1232 1.
962 1200 1055 1231 Nunc
1070 1199 1147 1231 alios
1160 1198 1361 1230 crinea—94
1387 1198 1484 1229 Rom.
1501 1202 1538 1228 et
1557 1195 1613 1228 ed.
1630 1199 1702 1227 vet.

900 1290 931 1323 N
939 1290 1044 1323 OTAE

278 1357 320 1386 88
343 1355 504 1399 Sidonios]
524 1356 713 1389 Thebanos.

278 1407 321 1437 89
347 1406 483 1438 Thebais
518 1410 625 1448 optato
657 1407 783 1447 collegit
815 1406 943 1438 carbasa

233 1456 342 1498 portu]
364 1457 485 1489 Innuit
501 1467 538 1489 se
556 1458 742 1489 absolvisse
752 1456 941 1497 Thebaida,

235 1507 438 1548 metaphora
453 1511 566 1540 sumta
594 1518 614 1539 a
632 1508 759 1549 nautis,
782 1508 840 1550 qui
864 1515 941 1539 cum

236 1557 278 1588 ad
309 1563 448 1599 portum
482 1559 705 1599 appulerunt,
734 1559 813 1590 vela
845 1558 942 1590 colli·

236 1612 334 1648 gunt.
371 1608 428 1641 Sic
444 1609 508 1641 sub
523 1609 626 1641 finem
639 1609 853 1641 Thebaidos:
876 1610 885 1626 ‘
898 1609 945 1641 Et

235 1668 312 1690 mea
330 1659 403 1700 jam
419 1660 522 1701 longo
540 1660 669 1692 meruit
695 1660 779 1692 ratis
805 1669 943 1702 aequore

237 1710 399 1751 portum!

279 1765 322 1793 90
348 1762 543 1804 Parnasique
557 1762 663 1804 jugis,
685 1763 835 1805 sylvaque
850 1763 944 1794 Heli-

236 1815 344 1846 conide
354 1815 448 1856 festis
463 1815 567 1848 Thura
575 1816 662 1847 dedit
666 1815 823 1857 flammis,
834 1818 866 1847 et
879 1816 944 1847 vir·

234 1865 322 1904 ginis
348 1868 425 1897 exta
449 1865 608 1907 juvenca]
640 1866 771 1907 Tangit
804 1875 946 1906 morem,

237 1925 304 1956 quo
315 1915 477 1956 artifices,
488 1916 654 1949 absolutis
668 1917 838 1958 operibus,
849 1926 946 1949 sacra

236 1965 355 1998 facere
367 1967 442 1999 Diis
459 1968 629 2007 solebant,
645 1968 678 1999 in
696 1978 839 2010 quorum
856 1973 945 2000 tnte-

237 2017 270 2048 la
299 2022 399 2049 erant
433 2023 541 2059 artes,
568 2028 652 2060 quas
684 2018 944 2060 profitebantur.

236 2067 295 2099 Sic
311 2067 481 2109 Papinius
497 2068 596 2100 thure
612 2078 652 2100 ac
669 2068 863 2101 sacrificata
879 2070 947 2101 vir-

239 2119 319 2161 gine
344 2120 498 2161 juvenca
523 2125 640 2162 grates
667 2121 740 2162 agit
771 2122 881 2153 Musis
911 2126 948 2153 et

240 2171 394 2213 Apollini
418 2171 463 2204 de
488 2172 647 2205 absoluta
669 2173 859 2206 Thebaide.
885 2174 946 2204 Ju-

235 2223 305 2264 gis]
328 2223 420 2257 Quia
434 2223 627 2255 Parnassus
642 2223 793 2255 habebat
809 2223 875 2256 duo
893 2234 948 2256 ca·

240 2276 391 2317 cumina,
405 2279 442 2307 ut
455 2275 537 2308 alibi
551 2276 712 2308 diximus.
737 2276 903 2314 Flammis,
917 2279 947 2307 et

239 2326 377 2367 virginis
391 2329 467 2359 exta
481 2326 641 2368 juvencae]
675 2326 763 2360 Quia
779 2331 862 2358 exta
877 2326 947 2358 vic-

242 2377 335 2409 timae
368 2377 515 2410 flammis
552 2377 751 2410 adolebant.
784 2377 890 2409 Theb.
920 2386 947 2410 1.

239 2428 250 2446 ⁴
269 2428 509 2470 Lustraliaque
537 2433 620 2460 exta
643 2429 748 2460 Lacte
764 2437 853 2460 novo
873 2437 949 2470 per·

242 2477 338 2510 fusus
353 2479 435 2511 edet
449 2479 639 2512 Vulcanius
655 2478 768 2521 iguis!

284 2532 327 2561 92
355 2530 553 2572 Votiseraque
569 2540 653 2562 meas
671 2530 832 2571 suspendit
845 2530 884 2561 ab
896 2540 948 2561 ar-

243 2580 315 2613 bore
336 2580 450 2622 vittas]
475 2580 642 2613 Solebant
666 2582 773 2613 etiam
794 2581 948 2613 homines

244 2631 393 2672 cujusvis
425 2630 555 2662 ordinis
593 2634 629 2662 et
662 2631 758 2671 artis,
792 2631 948 2663 absoluto

244 2691 364 2723 opere,
382 2683 611 2714 instrumenta
626 2691 687 2713 sua
710 2682 801 2721 Diis,
817 2682 851 2714 in
868 2692 948 2724 qno-

245 2742 319 2764 rum
357 2733 466 2764 tutela
499 2736 610 2773 erant,
648 2742 871 2772 consecrare3
899 2734 949 2765 sic

246 2782 366 2816 Poeta:
381 2784 487 2817 vittas
513 2793 590 2816 suas
605 2792 645 2815 ac
667 2784 783 2816 laurus
799 2783 951 2826 Apollini

999 1355 1181 1395 vovebant,
1197 1355 1297 1397 eique
1312 1364 1355 1386 ex
1379 1353 1501 1386 arbore
1516 1351 1704 1394 suspende·

997 1406 1091 1439 bant.
1137 1406 1196 1437 Ita
1222 1411 1259 1438 et
1284 1409 1439 1446 pastores
1465 1403 1599 1435 fistulas
1625 1411 1704 1434 suas

998 1457 1088 1488 Pani
1104 1455 1367 1488 consecrabant.
1411 1454 1565 1487 Tibullus
1587 1453 1646 1485 lib.
1662 1461 1705 1485 n.

997 1508 1051 1540 El.
1074 1511 1106 1541 5.
1151 1508 1161 1525 ‘
1180 1507 1430 1548 Pendebatque
1456 1505 1532 1548 vagi
1557 1504 1702 1546 pastoris

998 1559 1032 1591 in
1062 1558 1184 1590 arbore
1212 1562 1342 1597 votnm,
1365 1555 1513 1588 Garrula
1543 1555 1702 1596 sylvestri

998 1609 1114 1642 fistula
1137 1618 1234 1641 sacra
1260 1607 1362 1640 Deo!
1406 1607 1463 1639 Ita
1482 1612 1518 1639 et
1541 1606 1704 1648 Tragoedi

998 1662 1109 1694 larvas
1134 1670 1212 1693 suas
1237 1659 1388 1697 Baccho,
1414 1658 1549 1691 emeriti
1578 1658 1705 1690 milites

999 1714 1123 1753 Marti,
1140 1712 1350 1754 gladiatores
1371 1710 1456 1743 rude
1483 1710 1600 1742 donati
1614 1710 1706 1742 Her·

1001 1765 1070 1796 culi
1099 1764 1228 1806 gladios
1257 1773 1335 1795 suos
1369 1761 1642 1804 suspendebant,
1666 1763 1706 1792 ut

1000 1815 1179 1856 eleganter
1202 1812 1398 1845 observavit
1415 1811 1568 1845 Joannes
1591 1811 1707 1843 Meur-

999 1866 1069 1897 sius
1081 1866 1142 1898 lib.
1161 1874 1202 1897 ιι.
1233 1864 1411 1896 Mantissae
1427 1873 1499 1895 suae
1521 1862 1565 1895 ad
1581 1863 1705 1894 librum

1001 1916 1045 1948 de
1060 1917 1142 1947 luxu
1160 1916 1400 1947 Romanorum.

1043 1970 1085 1999 93
1113 1963 1358 2004 Vacuoscrines]
1380 1964 1526 2000 Vacuos,
1539 1962 1706 2004 depositis

1000 2018 1135 2051 scilicet
1152 2017 1262 2056 vittis,
1279 2021 1317 2047 et
1343 2015 1387 2047 ab
1413 2015 1537 2046 arbore
1559 2012 1706 2045 votifera

999 2067 1186 2109 suspensis.
1222 2067 1298 2098 Alio
1308 2065 1408 2106 nexu]
1432 2065 1568 2105 Nempe
1579 2065 1623 2096 ob
1636 2073 1708 2096 sus-

1001 2124 1139 2160 ceptam
1157 2129 1178 2150 a
1190 2116 1549 2149 PoetaAchilleidem.
1579 2115 1707 2148 Achill'.

1002 2180 1029 2203 1.
1051 2171 1060 2188 ‘
1076 2171 1130 2202 Da
1142 2168 1256 2201 fontes
1269 2168 1362 2210 mihi,
1375 2166 1649 2207 Phoebe‚novos,
1664 2173 1706 2198 ac

1001 2221 1121 2253 fronde
1137 2219 1288 2252 secunda
1301 2219 1416 2251 Necte
1433 2216 1586 2251 comam!

1044 2276 1087 2306 94
1122 2273 1220 2313 Troja
1247 2274 1384 2314 quidem,
1409 2281 1603 2314 magnasque
1629 2271 1707 2303 naht

1001 2328 1142 2357 tentatur
1170 2324 1323 2366 Achilles]
1356 2323 1397 2356 In
1424 2323 1618 2356 Achilleide
1643 2322 1708 2355 sibi

1002 2375 1217 2417 proponebat
1241 2374 1352 2407 Poeta
1373 2374 1572 2407 describere
1596 2378 1705 2406 totam

1003 2426 1109 2458 vitam
1124 2425 1278 2467 Achillis,
1295 2429 1331 2458 et
1356 2435 1433 2468 quae
1446 2425 1488 2458 ad
1501 2425 1638 2467 Trojam
1652 2433 1708 2455 us-

1003 2486 1070 2518 que
1085 2476 1128 2507 ad
1151 2486 1244 2508 suam
1260 2481 1405 2508 mortem
1421 2480 1591 2518 gesserat,
1603 2478 1642 2507 ut
1656 2475 1708 2507 in·

1002 2526 1078 2558 nuit
1094 2527 1192 2559 initio
1214 2526 1291 2559 libri
1312 2527 1414 2568 primi
1437 2527 1558 2559 Achill.
1601 2527 1612 2544 ‘
1630 2525 1705 2558 Nos

1003 2578 1054 2609 ire
1071 2587 1131 2619 per
1152 2587 1285 2610 omnem
1299 2578 1373 2621 (Sic
1399 2587 1494 2610 arnor
1514 2575 1586 2617 est)
1601 2576 1708 2609 heroa

1004 2630 1102 2669 velis,
1130 2631 1306 2672 Scyroque
1345 2630 1510 2662 latentem
1545 2629 1708 2662 Dulichia

1003 2679 1162 2722 proferre
1177 2681 1282 2720 tuba;
1297 2688 1360 2711 nec
1376 2680 1410 2711 in
1421 2679 1576 2712 Hectore
1593 2683 1705 2712 tracto

1003 2731 1148 2771 Sistere‚
1168 2729 1228 2761 sed
1253 2733 1328 2761 tota
1345 2731 1509 2772 juvenem
1532 2729 1705 2762 deducere

1003 2781 1129 2823 Troja.’
1165 2779 1324 2821 Huiusce
1341 2779 1456 2822 operis
1470 2783 1606 2813 tantum
1620 2779 1704 2813 dnos
