1800 3060
227 194 316 237 274

726 202 768 232 P.
801 200 995 233 PAPlNu
1030 199 1196 233 STATII

459 298 554 342 Aut
574 297 751 340 dulcem
771 310 1004 352 generasse
1023 297 1286 341 Gallionem.

458 366 651 409 Attollat
669 365 828 408 refluos
849 366 894 408 in
911 369 1030 408 astra
1047 366 1193 408 fontes

464 434 604 477 Graio
622 435 818 476 nobilior
838 434 1003 476 Melete
1025 435 1182 477 Baetis.

467 502 636 553 Baetin,
659 502 861 553 Mantua,
881 515 1130 557 provocare
1149 502 1260 545 noli.

464 571 638 613 Natum
658 571 882 627 protinus,
904 574 1042 625 atque
1063 570 1247 613 humum
1267 582 1348 625 per
1367 569 1514 625 ipsam

460 637 615 680 Primo
635 650 856 680 murmure
877 637 1010 680 dulce
1029 638 1282 692 vagientem

463 705 641 748 Blando
658 705 859 761 Calliope
882 705 983 748 sinu
1002 706 1187 761 recepit.

231 836 354 867 lienem.
400 835 507 868 Baetis
521 836 679 869 illustrior
696 836 811 869 Graeco
826 835 945 868 Melete
960 836 1040 868 letet
1051 846 1148 877 usque
1162 836 1197 868 in
1209 835 1314 868 sidem
1327 836 1442 878 refluas
1453 835 1564 867 undas.
1605 833 1703 877 Man-

230 882 287 911 tua
301 878 366 910 noli
380 880 565 912 contendere
579 889 648 912 cum
663 879 764 912 Baeti.
812 880 952 921 Calliope
967 879 1130 911 Lucanum
1143 879 1260 921 recepst
1271 879 1306 911 in
1322 878 1432 911 blando
1445 878 1528 918 εἰναι,
1544 877 1652 909 statim
1667 877 1703 905 ut

228 924 324 954 natus
338 925 398 961 est,
413 925 445 955 et
459 923 602 956 suaviter
615 923 743 963 vagiret
753 922 859 965 prima
873 931 946 954 voce
960 932 1054 964 super
1065 923 1166 964 ipsam
1177 926 1307 955 tem-am.
1353 922 1439 955 Tum
1449 922 1596 964 primm,
1609 919 1706 952 misso

834 1018 1036 1031 ‘mm
1040 1018 1079 1030 Ν

231 1094 311 1127 pag.
326 1087 381 1117 66.
399 1088 436 1117 et
459 1084 508 1117 N.
534 1084 637 1117 Fabr.
662 1084 771 1118 Praef.
798 1085 833 1116 iu
859 1085 982 1117 Senec.
997 1084 1113 1116 Patris
1129 1082 1362 1117 Controvers.'
1380 1083 1584 1116 Barth—35
1606 1082 1617 1100 ‘
1633 1082 1703 1114 Te-

230 1128 385 1161 meritati
398 1127 476 1161 huic
491 1127 621 1170 aliquid
637 1128 767 1170 demas,
793 1129 823 1160 si
847 1128 1081 1171 reponendum
1099 1127 1205 1160 ducas
1218 1127 1311 1161 nolit.
1357 1127 1428 1160 Sed
1443 1135 1523 1159 suns
1537 1134 1610 1158 mos
1623 1125 1703 1158 huic

901 1212 1043 1247 NOTAE

231 1283 386 1312 mentum
413 1287 490 1311 esse
519 1278 593 1311 sine
624 1278 745 1319 calce,’
779 1278 883 1321 quod,
905 1282 944 1310 ut

231 1329 350 1370 credo,
378 1329 560 1361 sententiis
585 1334 742 1362 uteretur
766 1329 942 1370 brevibus,

231 1384 270 1412 et
293 1380 389 1412 nulla
403 1379 588 1413 admodum
617 1380 830 1413 connexione
852 1381 945 1413 inter

232 1441 271 1464 se
296 1431 576 1472 cohaerentibus3
599 1432 689 1474 quod
714 1432 819 1464 etiam
843 1431 879 1463 in
901 1440 944 1464 eo

233 1482 354 1524 culpat
367 1482 786 1525 Quintilianus‚dicendo,
799 1492 876 1515 eum
891 1491 945 1515 re·

233 1543 309 1566 rum
326 1533 482 1575 pondera
507 1534 741 1567 minutissimis
765 1533 944 1567 sententiis

236 1583 413 1624 frangere.

276 1637 319 1666 32
343 1634 477 1666 Dulcem
493 1634 683 1676 Gallionem]
698 1634 869 1675 Intelligit
882 1633 930 1667 Ju

234 1685 330 1718 nium
346 1685 538 1717 Gallionem
551 1684 697 1718 fratrem
708 1686 849 1718 Seuecae
864 1686 946 1717 Cor-

234 1737 443 1770 dubensem:
469 1737 549 1770 huic
562 1738 739 1770 lenitatem
752 1738 786 1769 in
797 1737 945 1770 dicendo

234 1787 359 1820 tribuit
373 1787 608 1821 Quintilianus
621 1798 632 1828 ς
656 1788 735 1820 hinc
751 1788 853 1820 dulcis
867 1797 945 1820 nos-

234 1842 301 1871 tro.
340 1839 534 1870 Proconsul
550 1838 804 1870 administravit
818 1838 945 1870 Achai-

236 1900 290 1921 am
319 1888 384 1922 sub
416 1889 572 1930 Nerone,
604 1894 641 1922 ut
666 1894 763 1931 patet
788 1899 832 1921 ex
862 1888 945 1922 Act.

237 1941 365 1983 Apost.
388 1950 468 1983 cap.
484 1950 573 1973 xv11.
608 1940 722 1983 (facta
749 1942 840 1973 enim
870 1945 947 1973 erat

236 1992 372 2026 Achaia
398 1992 658 2024 Proconsularis
698 1991 875 2033 provincia
905 2002 947 2023 ex

237 2044 316 2084 lege
347 2042 482 2083 Clodia,
519 2046 560 2074 ut
587 2042 710 2074 Cicero
741 2046 864 2074 auctor
893 2046 947 2074 est

237 2093 396 2127 oratione
419 2094 454 2126 in
481 2093 676 2135 Pisonem.)
719 2092 776 2125 Ad
800 2093 946 2126 eundem

239 2145 438 2178 Gallionem
466 2144 642 2185 inscripsit
674 2142 800 2176 frater·
815 2144 951 2176 Seneca

237 2197 362 2229 librum
386 2196 430 2228 de
446 2194 624 2227 Remediis
645 2194 896 2235 Fortuitorum,
909 2204 951 2227 ac

241 2248 389 2280 alterum
405 2245 448 2278 de
460 2245 545 2277 Vita
558 2246 680 2278 Beata.
723 2245 829 2278 Hunc
845 2245 950 2278 etiam

241 2298 339 2330 Nero
354 2295 544 2329 interfecit.

284 2351 326 2380 33
349 2347 481 2390 Refluos
495 2346 619 2389 fontes]
643 2347 735 2382 Quia
757 2357 835 2380 cum
853 2357 949 2380 mare

239 2398 336 2431 fluxu
351 2398 460 2431 intrat
474 2398 508 2430 in
524 2398 652 2440 Baetin,
674 2399 811 2441 cogitur
826 2397 949 2432 fluvius

241 2450 389 2483 refluere
405 2460 524 2483 versus
538 2450 669 2483 fontem
689 2461 800 2484 suum.

285 2503 328 2533 34
361 2501 497 2542 Melete]
533 2502 646 2534 Meles
681 2501 804 2534 fluvius
842 2511 951 2544 prope

244 2553 435 2595 Smyrnam,
455 2552 562 2593 juxta
581 2562 683 2595 quem
706 2557 807 2585 natus
823 2553 953 2585 dicitur

244 2603 429 2645 Homerus,
455 2613 476 2635 a
501 2613 570 2644 quo
602 2603 876 2646 ‘Melesigenes’
898 2608 953 2636 est

244 2657 401 2686 vocatus.
445 2653 568 2695 Boetis]
592 2655 715 2694 Baetis,
742 2660 780 2687 ut
808 2655 859 2687 ait
881 2654 952 2687 Pli-

245 2705 322 2737 nius
336 2704 398 2738 lib.
418 2712 475 2737 m·
491 2713 570 2747 cap.
586 2707 618 2737 1.
634 2705 670 2737 in
685 2705 954 2738 Tarraconensis

245 2756 446 2798 provinciae,
479 2765 560 2798 non,
597 2760 638 2789 ut
675 2756 782 2800 aliqui
819 2757 952 2799 dixere,

999 1278 1163 1311 Mentesa
1191 1278 1334 1321 oppido,
1359 1277 1422 1310 sed
1443 1277 1608 1320 Tugiensi
1625 1286 1706 1310 exo·

998 1330 1090 1361 riens
1105 1331 1193 1362 saltu
1213 1329 1331 1372 (quem
1354 1329 1470 1362 Tader
1492 1328 1630 1368 fluvius,
1645 1327 1706 1370 qni

999 1380 1317 1422 Carthaginiensem
1335 1390 1451 1423 agrum
1473 1380 1575 1422 rigat,
1598 1378 1706 1411 Ilorci

999 1431 1125 1472 refugit
1152 1431 1322 1474 Scipionis
1358 1429 1497 1473 rogum)
1518 1438 1707 1471 versusque

999 1483 1035 1514 in
1067 1483 1251 1523 Occasum,
1281 1482 1459 1515 Oceanum
1489 1479 1707 1514 Atlanticum

999 1533 1213 1576 provinciam
1239 1532 1406 1574 adoptans
1427 1532 1533 1574 petit,
1549 1529 1707 1563 modIcus

999 1585 1125 1626 primo,
1151 1583 1213 1615 sed
1239 1584 1423 1616 multorum
1448 1581 1625 1614 fluminum
1651 1590 1706 1614 ea-

999 1645 1081 1677 pax,
1116 1634 1241 1676 quibus
1270 1635 1346 1676 ipse
1375 1633 1502 1666 famam
1531 1640 1708 1674 aquasque

999 1685 1134 1718 aufert:
1159 1685 1303 1717 Baeticae
1316 1685 1460 1727 primum
1476 1683 1520 1716 ab
1537 1683 1708 1725 Ossigita-

998 1738 1056 1770 nia
1082 1736 1229 1778 infusus,
1257 1745 1390 1769 amoeno
1422 1734 1564 1768 blandus
1595 1734 1707 1776 alveo,

999 1789 1130 1822 crebris
1149 1789 1273 1821 dextra
1290 1789 1446 1830 laevaque
1461 1786 1631 1820 accolitur
1646 1796 1708 1827 op-

1000 1839 1090 1882 pidis
1103 1852 1110 1870 :
1134 1839 1184 1871 ita
1195 1839 1341 1871 mediam
1353 1838 1520 1870 Baeticam
1534 1837 1708 1870 interluit:

1000 1900 1080 1923 mox
1111 1890 1196 1922 mari
1219 1889 1444 1931 propinquus,
1467 1889 1579 1920 lacum
1603 1886 1710 1919 efficit

1001 1951 1175 1983 magnum,
1192 1950 1232 1973 ac
1248 1941 1383 1972 demum
1400 1940 1435 1971 in
1446 1938 1709 1972 Occidentalem

1003 1993 1181 2025 Oceanum
1211 1990 1422 2024 effunditur:
1440 1991 1544 2023 hodie
1566 1995 1710 2023 vocatur

1005 2043 1246 2085 Guadalquivir,
1258 2042 1349 2085 quod
1363 2041 1515 2075 Arabice
1530 2045 1631 2074 sonat
1649 2040 1710 2073 flu-

1001 2104 1082 2127 men
1095 2103 1265 2135 magnum.

1048 2147 1088 2177 35
1115 2144 1266 2185 Mantua]
1285 2143 1431 2176 Mantua
1445 2143 1528 2176 urbs
1543 2143 1710 2186 Italiae,in

1006 2197 1104 2238 cujus
1119 2206 1202 2238 agro
1217 2202 1317 2228 natus
1334 2201 1388 2228 est
1401 2196 1578 2238 Virgilius.
1603 2206 1623 2228 a
1645 2206 1712 2238 quo

1005 2249 1016 2267 ‘
1029 2249 1257 2280 Mantuanus’
1273 2247 1386 2280 dictus
1398 2251 1464 2279 est.
1508 2248 1644 2280 Nomen
1659 2257 1711 2278 re-

1002 2298 1106 2339 tinet,
1127 2303 1163 2330 et
1179 2299 1324 2330 ducatus
1345 2299 1446 2330 titulo
1467 2298 1609 2340 gaudet.
1653 2298 1711 2330 Sic

1002 2349 1114 2382 Poeta
1140 2350 1314 2382 Lucanum
1341 2349 1523 2390 anteponit
1545 2348 1711 2389 Homero,

1005 2399 1062 2442 qui
1081 2409 1144 2441 per
1167 2399 1333 2431 Meletem
1356 2397 1570 2440 designatur,
1585 2403 1621 2430 et
1637 2398 1712 2430 Vir-

1006 2451 1099 2492 gilio,
1126 2450 1184 2491 qui
1214 2459 1276 2491 per
1301 2450 1492 2482 Mantuam.
1535 2449 1713 2482 Prot-ocare

1003 2501 1086 2542 noli]
1109 2501 1240 2543 Supple
1263 2501 1299 2533 in
1322 2505 1509 2543 certamen,
1533 2501 1613 2544 qnia
1641 2502 1713 2533 vin-

1005 2561 1103 2585 ceris.

1049 2606 1091 2635 37
1115 2603 1231 2644 Dulce]
1254 2602 1356 2637 Quod
1373 2605 1451 2636 erat
1472 2612 1585 2641 omen,
1605 2604 1714 2636 Luca-

1005 2664 1086 2687 num
1102 2654 1176 2688 fore
1192 2665 1328 2687 suavem
1349 2655 1498 2697 poetam.

1049 2709 1092 2739 88
1117 2707 1273 2748 Calliope]
1295 2706 1374 2738 Una
1393 2711 1431 2740 et
1453 2707 1572 2750 regina
1593 2707 1712 2740 Musa-

1007 2766 1095 2799 rum,
1109 2762 1145 2790 et
1160 2762 1272 2791 mater
1285 2757 1431 2799 Orphei.
