1800 3060
238 194 324 236 512
737 205 777 234 P.
810 204 1003 235 PAP1N11
1035 204 1199 235 srA'rn

241 299 350 355 Ipsa
369 301 476 342 toris
498 300 654 342 Serum
672 298 899 355 Tyrioque
919 300 1118 343 umbrata
1138 299 1354 343 recumbit
1606 300 1692 343 215

238 367 449 423 Tegmine
468 382 478 410 :
511 367 591 409 sed
612 371 704 409 toto
725 372 951 422 spectatur
971 368 1018 409 in
1036 369 1208 421 agmine
1228 368 1391 423 conjux

240 434 398 487 Solus;
430 435 475 475 in
505 435 622 476 hunc
649 448 818 489 magnae
840 435 1079 477 flectuntur
1098 435 1268 477 lumina
1287 436 1464 487 Romae,

240 500 337 544 Ceu
351 502 539 556 juvenes
559 507 687 544 natos
709 516 914 557 suprema
936 502 991 543 ad
1012 503 1151 545 busta
1169 503 1381 545 ferentem
1398 516 1411 546 ε

240 570 288 611 Is
309 570 433 611 dolor
451 570 492 611 in
513 570 641 611 vultu
658 583 669 620 ;
705 573 874 612 tantum
896 570 1130 625 crinesque
1151 583 1362 624 genaeque

241 637 399 678 Sordis
418 637 593 679 habent.
653 638 785 679 Illam
806 638 1044 692 tranquillo
1065 638 1152 679 fine
1173 638 1382 687 solutam,

242 704 527 759 Felicemque
549 710 738 747 vocant:
767 706 985 761 lacrymas
1006 706 1158 747 fudere
1177 706 1350 747 marito.

241 767 322 815 Est
341 772 470 814 locus
492 777 590 814 ante
609 773 775 824 urbem,
797 787 886 828 qua
905 774 1094 827 primum
1115 773 1303 827 surgitur
1321 772 1476 826 ingens

1608 635 1695 679 220

242 897 339 928 supra
364 889 484 921 excelsa
508 889 648 928 stragula
670 888 781 920 serica.
826 887 889 919 Sed
903 888 984 919 solus
998 888 1130 919 maritus
1142 890 1269 919 notatur
1289 886 1322 918 in
1338 889 1404 918 toto
1418 885 1519 917 turba.
1562 884 1602 916 In
1617 883 1697 933 hange

240 931 380 963 conversi
393 932 492 963 omnis
509 932 617 963 Romae
632 931 724 971 oculi,
745 941 800 963 ceu
819 935 956 972 portaret
970 931 1103 970 juvenes
1118 931 1228 962 liberos
1243 931 1283 962 ad
1295 938 1422 970 rogum:
1445 931 1551 960 tantus
1563 927 1650 958 dolor
1662 936 1697 957 m

233 973 334 1013 facie,
357 978 388 1005 et
410 978 532 1006 tantum
545 976 686 1016 squalent
711 975 812 1005 crines
826 978 856 1006 et
872 973 980 1006 barba.
1028 974 1146 1007 Vocant
1161 974 1247 1005 inam
1262 973 1394 1009 beatam,
1417 973 1495 1012 quod
1509 974 1614 1012 optato
1625 969 1697 1011 fine

241 1018 283 1049 ad
296 1017 429 1059 quietem
440 1018 629 1060 pervenerit,
644 1021 675 1049 et
689 1027 826 1060 sparsere
838 1017 939 1059 fletus
952 1017 987 1049 in
999 1018 1141 1058 gratiam
1153 1016 1228 1049 viri.
1273 1017 1333 1047 Est
1347 1016 1429 1047 locus
1442 1018 1514 1046 unte
1527 1014 1697 1053 civitatem,

851 1111 1086 1124 ΜΙΜΟ

243 1177 402 1209 Correxit
418 1176 626 1209 Gronovius.
671 1177 742 1209 Pro
755 1177 897 1217 germina
912 1176 1108 1209 Parmensis
1124 1176 1264 1209 exhibet
1275 1175 1542 1217 gremium—216
1562 1172 1697 1213 Agmine

244 1229 306 1260 pro
324 1221 471 1259 Tegmine
486 1220 518 1251 in
534 1220 775 1252 eadem—220
800 1221 912 1252 Noctis
931 1220 1042 1252 habent
1067 1220 1146 1252 edd.
1173 1225 1258 1253 vett.
1301 1219 1410 1251 Sardis
1424 1217 1536 1250 habent
1551 1216 1698 1248 debetur

244 1263 576 1295 Marklando.—-22l
601 1264 727 1295 Venet.
761 1267 789 1295 l.
820 1269 855 1294 et
881 1264 999 1295 Parm.
1025 1264 1162 1303 fundere
1190 1263 1325 1300 marito,·
1349 1259 1568 1294 Rom4A1dd.
1585 1259 1696 1291 Colin.

244 1305 376 1347 Gryph.
402 1307 508 1338 Basil.
536 1307 649 1338 Plaut.
664 1309 729 1337 ὅτε.
744 1306 899 1345 fundente
914 1307 1051 1344 marit05
1074 1308 1183 1338 codex
1201 1307 1354 1338 Florent.
1377 1313 1454 1336 cum
1469 1303 1594 1335 Venet.
1615 1304 1648 1334 2.
1661 1305 1700 1333 et

241 1354 311 1380 vet.
337 1349 584 1389 Lindenbrogii
600 1350 716 1388 sudem
742 1349 884 1387 marito5
905 1350 995 1391 quod
1022 1350 1158 1390 recepit
1181 1347 1419 1381 Marklandus.
1463 1345 1626 1378 Barthius
1640 1353 1698 1376 ve-

244 1401 318 1423 rum
333 1402 408 1423 esse
422 1392 470 1423 ait
483 1392 757 1432 jumenta—222
779 1392 868 1423 Edd.
885 1397 970 1424 vett.
993 1402 1052 1433 qua
1077 1392 1213 1432 primum
1225 1392 1366 1423 nascitur
1377 1390 1500 1430 ingens,
1514 1390 1568 1430 &a
1592 1387 1699 1419 Hein-

244 1435 315 1466 sius
336 1435 379 1466 ad
405 1434 509 1466 Ovid.
529 1436 613 1466 Met.
631 1444 683 1467 iv.
700 1438 775 1466 556.
793 1440 831 1466 et
847 1435 1041 1467 Gronovius
1057 1435 1166 1466 Diana
1181 1445 1258 1476 cap.
1275 1437 1328 1466 ³8.
1346 1443 1388 1465 ex
1404 1432 1524 1465 codice
1538 1430 1698 1464 Mediceo

246 1476 451 1518 proferunt:
475 1487 535 1519 qua
558 1478 695 1520 primum
723 1480 866 1518 surgitur
891 1478 1003 1519 iugens
1030 1478 1136 1520 Appia
1143 1488 1156 1516 ,·
1183 1478 1232 1510 ita
1254 1478 1357 1510 etiam
1386 1477 1511 1508 venet.
1542 1477 1574 1507 1.
1617 1472 1698 1505 Hoc

902 1575 936 1608 N
939 1575 1048 1608 OTAE

242 1646 381 1669 crocum
407 1638 565 1671 Cilicium
591 1638 625 1671 in
649 1643 766 1672 monte
789 1639 947 1682 Corycio,

243 1690 342 1731 quus
358 1690 463 1721 herba
486 1689 570 1722 folio
595 1695 740 1732 angusto
757 1691 791 1723 in
807 1692 945 1733 capilla-

243 1739 349 1771 menti
365 1739 513 1781 modum,
538 1741 585 1773 ait
600 1741 734 1773 Plinius
749 1742 823 1774 loco
837 1742 910 1782 jam
926 1752 946 1773 a

243 1791 343 1822 nobis
357 1791 439 1823 alibi
460 1796 591 1824 notato.
636 1791 736 1824 Unde
758 1793 870 1824 Statio
885 1793 945 1824 Co-

242 1843 339 1883 ryciae
349 1853 453 1874 comoe.
486 1843 682 1884 Cinyreaque
697 1843 946 1885 [Cynureiaque]

240 1893 401 1934 germina]
435 1893 475 1924 Id
496 1898 562 1934 est,
585 1894 774 1935 Myrrham,
795 1894 828 1925 in
845 1903 946 1936 quam

243 1948 374 1975 mutata
396 1942 503 1975 fuisse
535 1943 663 1977 dicitur
693 1945 847 1986 Myrrha,
876 1944 947 1976 filia

245 1993 392 2034 Cynarae
409 1994 499 2036 regis
516 1994 632 2036 Cypri.
679 1994 769 2027 Vide
784 1994 945 2027 Ovidium

245 2041 332 2075 Met.
351 2051 390 2074 x.
430 2036 438 2044 '

287 2095 350 2125 215
374 2094 466 2126 Tor-is
490 2092 617 2134 Serum]
651 2093 693 2125 Id
721 2097 786 2134 est,
811 2093 948 2126 Sericis.

245 2143 336 2175 Vide
364 2144 483 2185 Epith.
512 2144 638 2176 Stenae.
702 2144 871 2186 Tyrioque]
904 2145 947 2176 Id

244 2198 311 2232 est,
340 2203 522 2235 purpureo.
567 2194 614 2225 Et
631 2194 741 2235 tangit
756 2204 884 2226 morem
899 2195 948 2226 in·

245 2245 404 2278 volvendi
433 2251 584 2277 mortuos
616 2245 651 2276 in
692 2245 947 2287 pretiosissimis

245 2306 286 2328 ac
316 2297 497 2338 purpureis
523 2296 684 2328 vestibus.
729 2295 818 2327 Vide
844 2295 947 2328 Laer-

245 2348 330 2380 tium
355 2348 387 2379 iu
413 2347 572 2384 Socrate,
596 2347 745 2379 Plinium
766 2347 826 2380 lib.
845 2356 886 2380 11.
901 2348 944 2379 E-

246 2398 326 2439 pist.
342 2397 385 2429 de
401 2397 554 2438 Aurelia,
577 2402 612 2429 et
627 2398 796 2429 Velleium
823 2398 944 2429 Pater-

245 2448 359 2479 culum
383 2448 445 2480 lib.
472 2457 514 2481 11.
558 2448 650 2482 Quin
674 2453 711 2480 et
734 2448 878 2480 mortuis
896 2449 947 2479 in-

236 2499 346 2540 jectae
370 2508 554 2539 purpureae
579 2503 706 2530 vestes.
751 2498 856 2540 Cujus
878 2508 947 2530 mo-

246 2549 292 2580 ris
316 2548 482 2580 rationem
507 2548 607 2580 affert
634 2549 795 2582 Servius:
829 2549 946 2582 ‘Quo-

244 2598 358 2639 niam,’
381 2598 501 2640 inquit,
533 2602 542 2617 ‘
562 2604 772 2631 sumtuosum
799 2604 886 2641 erat,
911 2605 948 2632 et

247 2648 400 2689 crudele,
425 2648 582 2680 victimas
599 2650 652 2680 vel
675 2650 828 2681 homines
844 2650 948 2682 inter-

246 2697 364 2738 ficere,
390 2698 566 2740 sanguinei
595 2699 719 2731 coloris
751 2704 867 2741 coepta
894 2704 948 2732 est

250 2750 354 2784 vestis
378 2751 519 2784 mortuis
542 2750 661 2792 injici.'
705 2751 869 2793 Virgilius
892 2751 949 2785 ΙΕ-

999 1639 1090 1672 neid.
1108 1649 1160 1672 v1.
1182 1640 1193 1658 ‘
1210 1639 1268 1672 Fit
1281 1637 1439 1681 gemitus,
1460 1640 1531 1669 tum
1545 1635 1701 1668 menbra

1001 1696 1076 1723 toro
1091 1689 1218 1722 defleta
1227 1693 1412 1731 reponunt,
1433 1685 1699 1730 Purpureusque

1000 1750 1104 1783 supra
1131 1747 1257 1782 vestes,
1275 1739 1444 1772 velamina
1467 1742 1564 1779 nota,
1590 1735 1701 1777 Conji-

999 1791 1119 1824 ciunt!

1040 1845 1104 1874 219
1124 1842 1258 1874 Tantum
1268 1839 1427 1881 crinesque
1439 1847 1588 1879 gemeque
1599 1836 1701 1868 noctis

999 1893 1128 1934 hahent]
1145 1893 1301 1925 Imitatio
1317 1890 1455 1924 Homeri
1469 1901 1478 1921 z
1491 1886 1551 1920 Τὸν
1564 1889 1590 1920 δ’
1604 1886 1701 1934 ἄχεος

999 1943 1116 1984 νεφέλη
1128 1942 1262 1983 ἐκάλυψε
1277 1941 1417 1981 μέλαινα.
1432 1940 1531 1971 Hunc
1543 1938 1638 1970 nubes
1651 1937 1702 1969 in·

1000 1995 1139 2026 volverat
1153 1997 1224 2025 atra
1238 1992 1365 2024 doloris.

1039 2046 1103 2077 221
1140 2045 1311 2085 lacrymae
1331 2043 1448 2082 fudere
1473 2038 1603 2080 marito]
1640 2037 1699 2071 sie

999 2096 1120 2137 optimi
1148 2096 1233 2127 Mss.
1248 2093 1403 2134 fundente
1430 2090 1543 2123 ηιαήιο
1572 2088 1701 2121 habent

999 2147 1168 2179 editiones
1190 2150 1331 2177 ceterae.
1373 2143 1520 2175 Sensus:
1546 2140 1624 2172 Non
1640 2138 1699 2171 do-

1000 2195 1118 2228 lebant
1147 2196 1254 2227 vicem
1285 2193 1465 2229 Prisciuae.
1494 2200 1559 2223 nec
1583 2190 1700 2231 lugen-

1000 2248 1079 2280 dam
1103 2246 1261 2280 arbitrati
1287 2249 1381 2286 sunt,
1401 2253 1477 2286 quae
1503 2241 1587 2274 felix
1601 2246 1638 2273 et
1651 2241 1700 2273 sic

1001 2298 1136 2340 plorata
1155 2308 1176 2330 a
1197 2297 1359 2339 conjuge:
1383 2293 1445 2326 sed
1470 2293 1579 2333 ipsum
1603 2291 1699 2334 luge-v

998 2350 1094 2390 bant,
1108 2349 1166 2391 qui
1182 2352 1252 2380 tam
1270 2349 1371 2379 beata
1386 2341 1533 2385 conjuge
1549 2341 1700 2384 privatus

999 2404 1100 2432 esset.
1130 2399 1263 2431 Seneca
1283 2397 1332 2430 ad
1359 2394 1560 2436 Polybium:
1596 2390 1698 2424 ‘Non

1002 2459 1120 2482 recuso
1139 2447 1299 2491 quicquid
1315 2448 1538 2488 lacrymarum
1553 2441 1697 2474 fortunae

1001 2510 1085 2532 meae
1101 2498 1281 2541 superfuit,
1292 2503 1362 2530 tuae
1376 2491 1545 2528 fundere!

1042 2554 1105 2584 222
1125 2549 1256 2591 Urbem]
1281 2549 1434 2582 Romam.
1462 2541 1548 2584 Qun]
1571 2539 1615 2574 Id
1628 2544 1698 2583 est,

998 2602 1041 2634 ad
1059 2606 1191 2643 portam
1205 2595 1381 2642 Capenam
1393 2605 1461 2639 qna
1474 2597 1550 2626 erat
1563 2591 1707 2624 initium

999 2652 1074 2684 viae
1100 2650 1237 2693 Appiae.
1273 2650 1415 2690 Festus:
1443 2645 1453 2662 ‘
1471 2642 1612 2676 Initium
1642 2643 1697 2673 est

999 2701 1219 2744 principium,
1239 2698 1299 2731 sed
1322 2697 1404 2728 alias
1426 2703 1493 2737 quo
1508 2692 1588 2736 quid
1612 2690 1695 2723 inci·

1001 2752 1065 2794 pit,
1096 2755 1136 2783 ut
1158 2750 1235 2782 viae
1259 2745 1384 2790 Appia
1410 2748 1510 2787 porta
1533 2739 1694 2785 capena:
