1800 3060
626 214 904 246 SYLVARUM
936 214 1032 245 Lm.
1066 215 1095 245 1.
1118 204 1158 246 l.

171 309 307 353 Hunc
319 322 465 364 neque
479 308 637 351 divisis
658 309 888 364 cepissent
909 308 1128 362 Pergama
1148 310 1298 360 muris,

169 378 215 421 N
219 391 272 420 ec
292 390 418 432 grege
437 378 659 431 permixto
680 376 805 431 pueri
825 377 1110 430 innuptaeque
1131 377 1311 430 puellae,

168 445 275 500 Ipse
294 457 376 486 nec
393 444 577 494 AEneas,
594 457 679 486 nec
699 456 888 497 magnus
909 443 1095 485 duceret
1115 443 1304 486 Hector.

104 547 107 550 >
167 513 312 563 Adde,
331 512 451 567 quod
470 511 545 554 ille
564 524 747 562 nocens,
766 524 1007 565 saevosque
1025 513 1259 566 amplexus
1278 509 1481 555 Achivos
1499 527 1510 566 ;

168 581 304 625 Hunc
324 580 447 622 mitis
467 579 746 622 commendat
764 593 899 634 eques
917 593 928 619 ε
952 580 1086 634 juvat
1108 593 1190 622 ora
1211 582 1324 623 tueri

170 649 322 692 Mixta
338 648 459 690 notis
478 648 600 698 belli,
621 647 931 702 placidamque
951 649 1147 701 gerentia
1166 661 1339 702 pacem.

170 717 271 760 Nec
292 716 408 758 veris
428 715 601 770 majora
619 718 775 770 putes;
806 729 886 771 par
901 716 1043 758 forma
1064 716 1300 771 decorque,

1569 584 1628 626 15

169 843 267 876 Hunc
289 843 469 876 Domitiani
482 853 579 885 neque
597 844 757 884 Pergama
777 844 928 885 cepissent
942 844 1070 884 dejectis
1093 845 1254 882 moenibus.
1269 856 1324 877 nec
1342 846 1436 887 pueri
1450 850 1481 879 et
1496 847 1626 879 intuceoe

162 887 347 927 permixtim
365 888 518 927 virgines,
533 897 590 918 nec
602 889 667 928 ipse
684 888 812 927 AEnem,
834 897 888 918 nec
902 887 1014 926 ingens
1031 887 1152 918 Hector
1164 889 1340 928 potuissent
1354 889 1490 921 trahere.
1536 890 1627 921 Adde

166 931 247 970 qnod
261 930 313 961 ille
330 930 481 969 Manus
495 930 607 961 noxius
621 933 702 969 erat,
715 933 745 961 el
761 930 846 961 intua
858 930 1033 961 continebat
1044 931 1131 962 diros
1143 932 1291 963 Gra-cos.-
1314 932 1395 963 hunc
1405 937 1510 964 autem
1522 933 1630 972 benig-

167 981 226 1003 mn
236 981 326 1013 eques
337 974 539 1004 commendat.
586 973 723 1004 Gratum
738 976 783 1003 est
798 973 914 1004 intueri
932 973 1051 1011 faciem
1066 977 1268 1014 temperatam
1282 975 1386 1014 signis
1395 975 1466 1007 belli
1481 986 1518 1007 uc
1530 976 1627 1016 pacis.

169 1014 239 1047 Nee
249 1016 358 1047 credas
369 1024 472 1047 mam
485 1016 642 1048 excedere.
684 1016 828 1056 AEqimlis
834 1015 942 1054 forma
957 1019 988 1047 et
1004 1020 1160 1056 venustas,
1170 1018 1297 1058 «equalis
1310 1018 1408 1049 honor
1420 1022 1467 1050 est
1479 1018 1515 1050 in
1525 1020 1627 1051 vultu.

168 1175 350 1208 intellectis
366 1176 479 1208 verbis
492 1175 825 1217 superioribus.·-ll
849 1176 959 1209 Codd.
976 1177 1077 1209 Urat.
1095 1177 1244 1209 Vindob.
1260 1182 1296 1209 et
1312 1178 1395 1210 Par.
1411 1187 1489 1210 cnm
1500 1178 1627 1211 venei.

171 1221 204 1250 1.
219 1221 251 1251 2.
266 1221 300 1252 8.
313 1222 348 1252 4.
371 1219 486 1251 Parm.
503 1220 602 1251 Rom.
619 1220 713 1253 Brix.
726 1220 864 1251 Vicent.
878 1222 943 1252 ἃς.
959 1221 1099 1252 discissis
1111 1231 1124 1258 ‚-
1146 1220 1274 1252 Markl.
1288 1221 1379 1262 conj.
1393 1221 1516 1260 dit-isis,
1537 1222 1629 1262 quod

169 1261 328 1302 probavit
354 1262 510 1302 Heynius
535 1262 578 1293 ad
606 1262 702 1303 Virg.
727 1262 804 1294 AEn.
820 1265 950 1294 ιι.234.
974 1269 1011 1294 et
1037 1263 1194 1302 Lenzins,
1218 1264 1340 1295 colluto
1361 1264 1438 1294 loco
1453 1272 1510 1295 ιιι.
1526 1266 1555 1295 1.
1573 1267 1625 1296 16.

169 1304 318 1336 discussis
341 1306 450 1336 codex
468 1305 564 1337 Leid-
578 1310 618 1336 ut
641 1305 730 1346 conj.
755 1305 966 1337 Schraderus
992 1306 1029 1336 in
1047 1307 1137 1338 notis
1151 1307 1309 1338 ineditis:
1332 1307 1455 1338 discisis
1473 1307 1516 1338 V.
1532 1307 1574 1338 D.
1590 1307 1625 1338 iu

169 1346 254 1378 libro
280 1347 439 1389 Gotting.
463 1348 700 1379 ‘Vocabulum
725 1348 900 1389 caepissent,
923 1349 958 1379 in
986 1349 1098 1388 prima
1123 1349 1275 1381 editione
1303 1359 1365 1389 pro
1393 1359 1485 1381 more
1509 1350 1625 1381 saecnli

169 1389 346 1430 seriptum,
367 1391 410 1422 ab
425 1390 616 1422 editoribus
628 1390 852 1431 depravatum
869 1397 919 1422 est
935 1391 969 1422 in
984 1391 1157 1432 coepissene.
1203 1392 1281 1423 Una
1303 1392 1360 1423 illa
1375 1391 1504 1424 famosa
1521 1393 1626 1424 Gras-

169 1431 237 1464 seri
251 1432 357 1464 editio
370 1438 464 1466 recte
478 1434 619 1465 exhibet
629 1435 792 1475 cepissent,
816 1433 906 1475 quod
927 1434 1001 1474 jam
1026 1440 1105 1466 ante
1127 1434 1368 1466 Marklandum
1387 1436 1527 1476 agnovit
1543 1436 1627 1467 Bar·

169 1474 272 1516 thius,
294 1475 444 1508 adducto
469 1476 544 1508 loco
571 1476 667 1517 Virg.
695 1475 771 1508 AEn.
792 1485 846 1508 ix.
861 1479 937 1509 644.
961 1479 971 1494 ‘
990 1476 1066 1508 Nec
1091 1482 1127 1508 te
1150 1478 1260 1519 TroJa
1284 1477 1403 1519 capit!
1427 1478 1625 1510 Hand—12

170 1517 272 1550 cruc.
288 1518 322 1550 in
335 1519 425 1550 notis
440 1529 474 1560 p.
494 1522 548 1551 21.
567 1519 730 1560 permixti.
774 1519 845 1550 Pro
859 1520 1055 1560 inepteque
1069 1520 1124 1551 alii
1143 1524 1317 1561 nupeoeque.
1340 1521 1430 1552 Vide
1444 1521 1555 1553 Theb.
1571 1530 1623 1553 ιν.

170 1562 307 1592 lta—15
332 1561 426 1592 Nunc
444 1562 533 1593 mitis
555 1563 747 1593 commendat
768 1572 858 1602 equos
880 1563 956 1594 cod.
984 1562 1081 1594 Urat.
1110 1563 1120 1580 ⁴
1139 1563 1625 1604 interpunctionem-correxi

170 1608 299 1643 puncto
311 1605 428 1645 (quam
445 1604 620 1644 periodum
637 1603 775 1646 vocant)
791 1610 867 1644 post
880 1615 971 1645 eques
983 1604 1121 1645 posito!
1136 1606 1334 1638 Hanc—16
1346 1607 1462 1638 Codex
1474 1607 1626 1639 Men-seb.

242 1645 250 1652 ‘
271 1655 380 1687 amque
393 1647 565 1687 qum-entia
577 1657 683 1687 pacem
697 1656 739 1677 ex
756 1647 959 1688 compendio
973 1648 1115 1688 fre-ntia.
1154 1649 1200 1680 N.
1217 1649 1338 1680 Heius.
1352 1650 1442 1690 conj.
1461 1650 1625 1691 placitam-

169 1697 228 1728 que
249 1697 284 1728 g.
306 1698 426 1729 pacem.
470 1688 524 1722 ef.
538 1689 635 1732 Virg.
652 1690 726 1722 AEn.
743 1698 769 1723 ι.
782 1692 859 1722 294.
875 1694 913 1722 et
927 1690 1032 1723 Ovid.
1048 1691 1137 1724 Met.
1152 1700 1194 1723 ιι.
1212 1695 1370 1725 158.——1⁷
1394 1692 1510 1724 Parm.
1528 1693 1623 1732 sama

826 1788 969 1821 NOTAE

213 1862 253 1892 u
275 1860 400 1892 Divisis
412 1860 526 1902 nutris]
550 1861 685 1894 Alludit
698 1862 741 1894 ad
761 1861 867 1895 histo-

169 1910 255 1942 riam
284 1911 508 1952 virgilianam
535 1911 579 1943 de
606 1921 697 1953 equo
717 1912 867 1953 Trojano

169 1960 220 1992 sic
236 1965 388 2002 recepto.
403 1961 480 1993 AEn.
503 1971 545 1994 ιι.
567 1963 577 1979 ‘
589 1962 780 1994 Dividimus
796 1973 868 1994 mu-

170 2019 238 2051 ros,
249 2016 287 2043 et
301 2012 426 2043 moeuia
441 2012 620 2053 pandimus
635 2012 750 2045 urbis?

213 2063 254 2093 12
279 2061 376 2093 Pueri
402 2062 602 2104 innuptoeque
632 2063 759 2105 pueuoe]
798 2063 867 2095 Ibi-

170 2110 271 2143 dem:
302 2112 313 2128 ‘
337 2111 474 2144 Circum
497 2112 608 2154 pueri,
647 2113 867 2155 innuptaeque

170 2160 321 2202 puellae.’

214 2213 255 2243 13
277 2211 348 2252 11³oe
361 2221 417 2243 nec
430 2212 556 2252 AEneas,
578 2223 634 2244 nec
655 2223 788 2253 mamus
811 2215 867 2246 dn-

168 2263 253 2294 cer-et
265 2261 402 2302 Hector]
427 2261 549 2294 AEueas
578 2267 615 2294 et
639 2263 786 2302 Hector,
810 2265 866 2296 lie-

170 2310 246 2342 τοδε
267 2309 456 2351 fortissimi,
470 2315 506 2343 et
517 2312 683 2344 notissimi
698 2322 740 2344 ex
755 2312 866 2346 Iliade

169 2366 205 2392 et
220 2360 376 2392 AEneide.

195 2413 253 2444 -14
273 2411 444 2454 Amplexu
465 2411 614 2454 Achivos]
636 2414 752 2455 Equus
776 2414 865 2447 enim

168 2462 336 2504 Trojanus
350 2463 551 2496 continebat
574 2464 607 2496 in
626 2466 702 2497 alvo
721 2466 867 2499 Achivos

168 2521 230 2544 seu
244 2512 395 2553 Graecos,
405 2513 454 2545 sic
468 2513 578 2546 dictos
592 2515 636 2546 ab
649 2515 778 2548 Achaia
789 2526 867 2559 pro·

167 2561 281 2594 vincia
295 2563 455 2596 Graeciae.

213 2615 252 2644 1⁵
273 2614 373 2644 Juvat
390 2623 446 2645 ora
466 2613 547 2646 tueri
561 2615 672 2647 Mixto
684 2618 767 2648 notis
784 2617 867 2655 belli,

164 2662 379 2704 placidamque
389 2663 534 2702 gerentia
546 2666 668 2707 pacem]
688 2666 866 2709 Papinius,

169 2710 309 2744 adulam
335 2723 397 2745 suo
421 2724 516 2746 more
554 2716 766 2757 Domitiano,
792 2719 867 2750 vult

169 2759 287 2795 formae
310 2762 497 2796 Domitiani
511 2774 586 2797 eam
600 2769 864 2808 temperaturam

921 1873 1009 1901 esse,
1023 1869 1062 1896 ut
1078 1865 1112 1896 in
1126 1865 1198 1906 ejus
1217 1865 1311 1897 vultu
1327 1865 1468 1904 bellum,
1491 1871 1527 1899 et
1543 1877 1622 1908 pax,

922 1923 981 1945 seu
998 1915 1111 1955 potius
1128 1920 1250 1955 terror,
1277 1925 1317 1947 ac
1341 1916 1532 1958 benignitas
1552 1919 1624 1950 elu-

921 1970 1054 1996 cerent.
1097 1966 1149 1997 Ea
1164 1970 1278 1997 autem
1299 1971 1352 1998 est
1366 1967 1440 1999 haec
1455 1977 1626 2000 commen-

921 2012 1016 2045 datio
1042 2024 1082 2046 ac
1095 2015 1247 2056 dignitas
1263 2016 1345 2055 oris,
1369 2027 1470 2058 quam
1486 2018 1520 2049 in
1537 2018 1624 2051 duce

923 2062 1001 2095 belli
1014 2064 1158 2106 requirit
1173 2064 1393 2107 Aristoteles,
1407 2068 1576 2110 nimirum,
1586 2075 1626 2102 ut

921 2113 970 2145 ita
984 2114 1031 2146 sit
1044 2120 1162 2154 gratus
1185 2122 1342 2156 aspectu,
1367 2121 1406 2148 ut
1428 2118 1533 2159 etiam
1558 2124 1625 2152 ter·

922 2169 1008 2196 reat.
1053 2165 1153 2198 Quod
1170 2165 1203 2196 in
1220 2166 1340 2197 eodem
1358 2167 1558 2200 Domitiano
1573 2169 1624 2202 fe-

920 2214 1082 2246 licissime
1110 2225 1151 2247 ac
1172 2216 1424 2257 elegantissime
1451 2219 1624 2254 Martialis

919 2266 1091 2305 expressit
1105 2265 1165 2297 lib.
1182 2275 1251 2298 vn.
1267 2267 1387 2307 Epigr.
1402 2271 1434 2300 5.
1451 2269 1495 2300 de
1510 2270 1624 2303 Cattis

921 2323 1044 2354 agens:
1067 2316 1077 2332 ‘
1090 2315 1272 2346 Terrarum
1289 2317 1459 2349 domiuum
1484 2321 1624 2362 propius

920 2364 1016 2396 videt
1028 2366 1101 2405 ille,
1115 2370 1241 2408 tuoque
1253 2367 1421 2400 Terretur
1435 2370 1531 2402 vultu
1546 2371 1626 2404 bar·

920 2414 1038 2454 barus,
1069 2420 1105 2446 et
1129 2414 1277 2448 fruitur-3
1322 2418 1401 2450 Non
1423 2419 1542 2462 itaque
1564 2422 1621 2455 hic

920 2465 1156 2506 intelligendae
1180 2472 1260 2498 sunt
1280 2468 1459 2500 cicatrices
1474 2480 1535 2502 seu
1552 2474 1624 2504 vul-

921 2525 1004 2547 nera
1019 2517 1054 2546 in
1072 2516 1168 2548 vultu
1192 2516 1393 2559 Domitiani,
1419 2521 1476 2561 qni
1501 2523 1622 2563 nequi-

921 2567 998 2598 dem
1015 2566 1140 2598 bellum
1157 2567 1302 2607 viderat,
1327 2575 1365 2600 ut
1381 2575 1479 2610 patet
1495 2582 1538 2603 ex
1554 2572 1621 2604 his-

922 2617 1023 2648 toria.
1067 2617 1142 2649 Nec
1157 2617 1266 2649 minus
1281 2620 1523 2661 intelligendus
1548 2624 1623 2664 pul·

920 2668 971 2698 vis
986 2667 1142 2707 bellicus,
1155 2677 1222 2710 quo
1237 2678 1376 2709 magnos
1392 2670 1497 2703 duces
1513 2682 1533 2704 e
1549 2672 1621 2706 bel-

919 2718 953 2749 lo
974 2716 1160 2750 redeuntes
1189 2728 1391 2760 conspersos
1419 2721 1542 2755 Poetae
1558 2724 1618 2758 de·

920 2767 1085 2810 scribunt,
1100 2773 1140 2802 ut
1155 2768 1294 2811 quidam
1312 2770 1439 2804 volunt.
