1800 3060
215 199 300 241 174
715 206 755 236 Ρ.
790 203 980 235 PAPINH
1017 202 1181 234 srA'ru

446 303 504 345 Et
524 301 672 342 Musae
693 300 846 354 procul
866 300 924 340 ite
941 299 1141 340 feriatae:

445 371 476 412 J
479 370 553 412 ani
573 382 656 411 vos
677 359 986 410 revocabimus
1008 365 1247 407 Kalendis.

445 439 661 480 Saturnus
682 436 790 476 mihi
813 434 1028 488 compede
1049 433 1274 481 exsoluta,

447 505 504 547 Et
524 504 662 545 multo
683 501 894 557 gravidus
915 513 1035 542 mero
1058 500 1320 548 December,
1646 498 1675 538 5

447 573 505 613 Et
525 571 672 612 ridens
691 570 719 611 J
725 582 853 619 ocus,
875 574 922 610 et
944 568 1071 609 Sales
1098 567 1296 622 protervi

445 639 624 690 Adsint‚
648 639 754 680 dum
775 638 914 679 refero
935 637 1051 677 diem
1074 637 1248 678 beatam

447 708 563 750 Laeti
586 707 799 756 Caesaris,
822 705 1078 758 ebriamque
1098 707 1286 745 noctem.
1346 729 1350 734 -

445 774 544 816 Vix
563 773 738 816 Aurora
756 785 899 814 novos
915 772 1126 814 movebat
1145 776 1284 821 ortus,

216 912 271 933 vos
283 900 386 942 prima
400 900 450 931 die
464 899 624 931 Januarii.
669 899 827 930 Saturnus
848 896 979 928 vinculis
1003 896 1165 936 expeditus
1179 898 1210 926 et
1234 894 1401 927 December
1425 894 1567 925 madidus
1579 872 1676 924 multo

218 946 301 980 vino,
316 945 479 983 ridensque
490 944 597 981 docus,
610 952 646 973 ac
657 941 795 982 protervi
810 941 888 971 sales
908 939 1025 978 adsint,
1049 940 1121 970 dum
1136 937 1272 969 describo
1285 938 1366 969 diem
1371 937 1498 975 felicem
1509 936 1677 976 gaudentio

221 986 370 1027 casaris,
392 989 423 1018 et
446 986 643 1017 temulentam
666 983 766 1016 noctis
786 986 920 1024 partem.
972 982 1035 1013 Vix
1058 980 1184 1013 Aurora
1207 980 1374 1013 reducebat
1387 989 1479 1012 novos
1493 983 1592 1020 ortus,
1604 978 1675 1018 jam

826 1078 1066 1091 oaeeaeeumee

1663 1100 1691 1125 5

218 1153 362 1185 Venett.
376 1155 409 1184 2.
423 1155 455 1184 3.
470 1155 501 1184 4.
516 1151 620 1184 Aldd.
636 1150 747 1182 Colin.
761 1150 895 1192 Gryph.
911 1153 979 1182 ὅτε.
1014 1149 1104 1183 Vide
1121 1149 1231 1190 Epist.
1249 1148 1291 1181 ad
1307 1148 1527 1180 Stellam—2
1543 1147 1674 1178 Omnes

221 1196 322 1228 codd.
340 1199 376 1227 et
386 1195 466 1227 edd.
480 1200 567 1226 vett.
591 1194 785 1234 treferium,
809 1195 863 1226 vel
876 1194 1020 1233 seriate;
1044 1193 1219 1225 Domitius
1231 1192 1437 1233 legijussit:
1461 1189 1677 1229 iteseriatum,

221 1238 311 1280 quod
323 1248 392 1270 non
403 1238 574 1279 improbat
586 1238 799 1276 Bernartius3
815 1236 997 1268 Gevartius
1012 1246 1091 1267 vero
1105 1236 1243 1267 damnat
1254 1246 1263 1274 ;
1278 1234 1501 1274 namseriatoe,
1513 1234 1573 1271 ait,
1584 1232 1676 1264 idem

221 1282 290 1322 hic,
313 1281 403 1323 quod
419 1282 428 1298 ‘
442 1281 562 1312 otiosae
578 1279 599 1319 3’
623 1285 661 1311 ut
677 1289 732 1319 ap.
751 1279 852 1311 Auct.
869 1279 1033 1320 Pervigil.
1055 1280 1142 1310 Ven.
1164 1281 1173 1296 ‘
1188 1278 1242 1309 Ite
1259 1278 1429 1319 nymphae,
1443 1276 1555 1318 posuit
1570 1285 1676 1315 arma,

224 1324 367 1355 feriatus
383 1328 436 1355 est
463 1323 652 1355 Ainor.'——8
676 1323 779 1354 Hunc
801 1332 950 1362 versum,
981 1327 1020 1354 ut
1048 1321 1212 1362 spurium,
1238 1321 1350 1352 omitti
1369 1320 1471 1360 jubet
1500 1318 1676 1351 Bai-thius.

221 1366 416 1399 Richardus
428 1367 613 1398 Tomsonus
628 1371 763 1397 nostras
780 1365 814 1396 in
840 1365 889 1397 lit.
906 1365 947 1396 ad
966 1365 1008 1397 P.
1031 1365 1140 1396 Scriv.
1158 1364 1255 1404 legit,
1275 1364 1448 1404 ebriamque
1462 1364 1592 1401 noctem,
1615 1370 1675 1400 pro

220 1420 275 1450 eo,
291 1409 380 1451 quod
395 1410 510 1440 multae
529 1409 608 1440 edd.
622 1414 707 1440 vett.
725 1408 862 1448 liabent,
878 1408 1050 1449 ebriamque
1064 1410 1206 1448 partem;
1230 1417 1328 1448 qnam
1344 1405 1590 1437 correctionem
1607 1403 1676 1443 pri-

221 1462 294 1484 mus
311 1453 345 1483 in
361 1456 561 1483 contextum
579 1452 695 1483 intulit
710 1452 855 1482 Thomas
879 1452 1050 1492 Stephens
1073 1449 1219 1482 Cantab.
1245 1452 1341 1481 1651.
1387 1448 1427 1479 In
1449 1447 1568 1480 codice
1593 1456 1674 1488 quo-

220 1495 299 1527 dam
325 1495 457 1527 invenit
483 1495 576 1526 idem
601 1495 800 1533 Tomsonus,
822 1493 997 1534 ebriamque
1019 1503 1144 1524 moeram
1157 1494 1169 1530 ;'
1191 1493 1307 1525 Parm.
1329 1491 1503 1532 ebriamque
1525 1499 1651 1531 paream
1663 1499 1676 1526 ‚·

222 1539 320 1570 Rom.
342 1537 517 1579 ebriamque
541 1538 654 1579 pando.
699 1536 783 1578 Alii,
806 1537 982 1578 ebriamque
1007 1537 1147 1568 Martem
1155 1546 1168 1574 ;
1190 1535 1367 1578 ebriamque
1391 1544 1522 1576 pacem5
1543 1533 1676 1565 ebrium·

877 1633 1026 1666 NOTAE

218 1686 369 1719 Saturno
385 1691 551 1729 regnante
569 1686 674 1719 fuisse
688 1687 829 1720 dicitur.
863 1687 922 1719 Vi-

221 1738 266 1769 de
284 1739 442 1771 Macrob.
465 1738 605 1770 Saturn.
622 1738 682 1770 lib.
699 1748 725 1771 1.

265 1791 282 1819 1
307 1789 352 1819 Et
380 1797 485 1819 severa
515 1787 640 1828 Pallas]
663 1788 812 1828 Tetrica,
827 1788 923 1819 Mar-

221 1838 294 1870 tiali
310 1838 412 1880 Epig.
427 1838 471 1869 de
488 1837 600 1869 Plinio
614 1848 623 1869 :
655 1839 664 1856 ‘
676 1839 782 1870 Totos
798 1838 860 1869 dat
874 1841 923 1869 te-

223 1888 319 1920 tricae
335 1888 408 1920 dies
431 1887 625 1920 Minervae!

234 1962 239 1966 .
264 1943 285 1970 2
308 1939 360 1971 Ite
377 1938 526 1979 feriatae]
550 1938 640 1970 Vide
653 1937 807 1970 floridam
824 1938 925 1970 Liba-

222 1989 270 2020 nii
284 1988 518 2021 Kalendarum
535 1988 818 2030 descriptionem.

265 2042 285 2071 3
302 2039 381 2071 ..1αηί
392 2049 444 2071 vos
455 2039 665 2070 revocabimus
680 2039 851 2079 Kalendis]
866 2038 926 2071 Al-

223 2091 311 2123 ludit
339 2090 382 2122 ad
413 2090 698 2122 consuetudinem
727 2096 819 2122 artes
843 2090 927 2121 deli-

223 2141 327 2173 bandi
357 2141 465 2182 primo
485 2140 642 2173 ,Ianuarii
663 2140 731 2181 die,
757 2140 814 2182 qui
828 2149 927 2171 sacer

223 2198 300 2225 erat
322 2192 425 2229 Jano,
449 2192 492 2223 de
514 2201 581 2233 quo
605 2190 760 2232 Ovidius,
782 2191 874 2222 Fast.
899 2200 925 2223 ι.

222 2245 354 2276 Tamen
382 2243 521 2284 privata
546 2242 661 2274 studia
682 2241 756 2274 fere
772 2242 927 2282 auspica-

223 2295 349 2327 bantur
363 2293 668 2333 Vulcanalibus,ut
679 2292 780 2324 docet
796 2292 927 2324 Plinius

225 2346 291 2387 Ep.
308 2345 351 2376 de
367 2344 484 2376 Morte
498 2342 680 2375 Avunculi.

266 2398 286 2426 4
312 2394 462 2435 Compede
476 2392 631 2433 exsoluta]
653 2391 851 2424 Macrobius
866 2391 927 2423 Sa·

225 2451 316 2478 turn.
347 2445 408 2476 lib.
433 2454 458 2477 1.
497 2445 590 2475 ‘Cur
613 2447 727 2475 autem
758 2443 927 2475 Saturnus

225 2499 299 2538 ipse
323 2495 358 2527 in
381 2495 603 2536 compedibus
624 2495 767 2535 visatur,
783 2493 926 2525 Verrius

226 2548 367 2579 Flaccus
379 2555 515 2577 causam
528 2555 562 2576 se
575 2545 733 2585 ignorare
743 2543 845 2576 dicit:
871 2552 927 2575 ve-

226 2608 299 2630 rum
322 2595 552 2639 Apollodorus
571 2596 620 2627 ait
648 2594 780 2635 alligari
796 2604 857 2636 per
873 2603 928 2625 an-

226 2658 306 2680 num
328 2647 427 2679 laneo
447 2646 595 2686 vinculo,
619 2650 656 2677 et
679 2646 764 2677 solvi
780 2645 823 2677 ad
839 2645 928 2677 diem

227 2698 293 2729 sibi
304 2697 440 2736 festum,
453 2696 487 2728 id
502 2700 569 2737 est,
585 2705 702 2727 mense
720 2694 930 2727 Decembri!

269 2751 288 2780 5
313 2747 418 2779 Mauo
441 2747 592 2787 gravidus
621 2756 704 2778 mero
741 2745 929 2787 December]

975 1688 1100 1719 Totum
1128 1686 1217 1718 enim
1240 1686 1332 1718 hunc
1353 1694 1502 1717 mensem
1519 1683 1679 1716 traduce-

976 1738 1060 1770 bant
1091 1738 1124 1768 in
1151 1735 1452 1768 comessationibus
1484 1743 1524 1766 ac
1555 1733 1680 1775 epulis,

976 1788 1144 1829 genioque
1160 1785 1402 1827 indulgebant.

1021 1842 1042 1870 6
1066 1839 1110 1870 Et
1133 1838 1241 1869 ridens
1253 1836 1365 1876 Jocus]
1388 1834 1468 1868 Joci
1484 1834 1574 1866 euim
1590 1833 1678 1866 ride·

979 1898 1016 1921 re
1043 1888 1191 1927 debent;
1230 1887 1313 1918 alias
1344 1885 1524 1917 laederent.
1575 1884 1678 1916 Unde

979 1938 1068 1971 infra
1097 1939 1211 1980 ‘jocos
1225 1938 1370 1969 licentes
1381 1936 1390 1950 ’
1421 1935 1521 1967 dixit.

1022 1993 1042 2022 7
1069 1990 1160 2022 Diem
1177 1987 1312 2028 beatam]
1334 1988 1383 2019 Ut
1400 1996 1475 2027 quae
1493 1987 1678 2026 inspecta-

980 2042 1075 2081 culis,
1111 2041 1233 2082 epulis,
1274 2038 1460 2070 missilibus
1502 2037 1681 2068 mittendis

979 2096 1155 2124 transacta
1171 2089 1294 2122 fuerat.

1023 2145 1043 2173 8
1069 2142 1258 2182 Ebriamque
1284 2143 1404 2171 noctem
1431 2136 1592 2180 [partem]
1613 2137 1683 2168 Per

980 2193 1097 2225 ebriam
1114 2195 1249 2233 partem,
1271 2190 1433 2230 intelligit
1455 2190 1545 2220 illam
1569 2188 1681 2220 beatae

980 2243 1069 2274 illius
1092 2242 1160 2273 diei
1189 2240 1259 2272 laeti
1275 2239 1422 2272 Caesaris
1445 2243 1591 2279 partem,
1605 2247 1682 2279 quae

980 2293 1013 2323 in
1030 2292 1138 2332 epulis
1154 2294 1326 2322 transacta
1341 2293 1406 2321 est.
1449 2288 1576 2319 Partes
1589 2287 1682 2318 enim

982 2342 1087 2373 totius
1102 2342 1194 2373 illius
1207 2340 1276 2372 diei
1293 2339 1394 2371 variis
1415 2337 1681 2370 oblectamentis

982 2401 1021 2423 ac
1049 2390 1256 2432 spectaculis
1287 2389 1461 2427 discretae,
1477 2391 1512 2419 et
1539 2387 1682 2428 singulae

982 2452 1001 2474 a
1017 2442 1128 2474 Poeta
1141 2441 1322 2480 diligenter
1335 2444 1371 2471 et
1386 2443 1509 2471 exacte
1525 2438 1678 2479 descrip-

981 2496 1026 2524 tae
1053 2496 1145 2524 sunt.
1190 2491 1274 2522 Post
1298 2490 1393 2521 varia
1415 2494 1530 2520 autem
1546 2492 1682 2529 specta-

981 2543 1059 2574 cula
1075 2551 1114 2573 ac
1135 2541 1399 2579 oblectamenta,
1419 2538 1530 2579 epulae
1547 2537 1682 2578 apposi-

982 2598 1042 2633 tae,
1058 2592 1238 2632 vinumque
1254 2589 1381 2631 largius
1393 2586 1550 2624 affusum,
1564 2593 1602 2618 ut
1615 2592 1681 2619 tes-

983 2648 1076 2675 tatur
1102 2643 1231 2675 Noster
1253 2640 1314 2672 sub
1343 2639 1443 2671 finem
1474 2638 1615 2680 hujusce
1641 2638 1681 2670 li-

983 2693 1076 2725 belli.
