1800 3060
763 178 1040 210 PRAEFA'mo.
1569 171 1627 212 15

180 281 400 321 innumera
418 274 663 331 specimina
682 271 862 316 exliibet
889 273 935 315 in
968 273 1185 327 praeclara
1206 273 1408 315 Diatribe
1429 274 1473 314 in
1494 274 1626 317 Statii

180 347 363 403 sylvas:
412 343 458 384 in
489 355 578 398 quo
610 346 757 383 tamen
786 353 920 395 opere
958 341 1099 382 multa
1136 340 1194 382 ad
1226 340 1462 384 Poetarum
1496 342 1625 386 locos

178 411 429 469 spectantia
447 415 680 460 mutasset,
701 415 773 451 sat
792 409 902 458 scic,
926 407 1159 458 Heinsius,
1194 409 1233 450 si
1266 408 1323 450 ad
1358 410 1477 451 illius
1504 410 1627 466 judi-

179 481 298 524 cium
327 492 400 521 res
427 479 594 520 fuisset
623 475 857 530 exigenda.
917 476 1103 527 Interea,
1123 477 1230 518 inde
1252 490 1299 518 se
1321 477 1454 519 solari
1476 484 1627 532 potest

178 546 446 596 Gronovius,
467 545 585 600 quod
618 543 703 585 hoc
733 542 908 598 (nescio
940 557 995 585 an
1017 543 1161 585 dicam
1182 543 1489 598 infortunium)
1508 558 1627 587 com-

178 627 309 658 mune
326 613 533 656 habuerit
550 625 651 654 cum
670 611 779 654 viris
797 611 845 652 in
866 611 970 652 aliis
994 612 1255 653 eruditionis
1275 612 1477 666 partibus
1495 613 1626 668 longe

180 682 378 725 summis.
436 680 558 722 Hinc
577 680 710 722 etiam
730 691 780 722 se
813 679 928 721 tueri
955 684 1126 733 potest,
1146 680 1267 733 quod
1299 680 1397 721 haec
1425 679 1627 723 Diatribe

178 750 368 805 primum
378 748 478 803 ejus
489 751 723 798 tentamen,
736 752 780 788 et
791 758 906 802 opus
913 747 1110 802 juvenile
1125 747 1207 789 fuit
1220 761 1230 790 ε
1240 747 1437 802 juvenile
1450 749 1628 802 quidem

178 815 306 867 illud,
324 815 404 858 sed
424 814 638 858 Gronovii
661 814 855 868 juvenis,
875 818 918 855 et
948 815 1080 869 quale
1102 827 1195 856 non
1214 814 1455 868 perfectius
1475 815 1628 858 elabo-

179 895 275 926 rare
293 883 516 937 potuerint
534 880 663 923 multi
690 881 768 935 qui
795 880 922 922 hisce
942 880 1083 923 literis
1102 885 1242 922 totam
1263 885 1443 922 aetatem
1458 882 1630 936 impen-

181 950 366 992 derunt:
392 949 524 992 etiam
552 961 721 991 errores
742 948 876 989 istius
897 948 980 990 viri
1001 948 1212 1003 quiddam
1233 948 1447 991 eruditius
1466 950 1630 994 habent

181 1028 312 1071 quam
345 1017 528 1058 aliorum
561 1013 808 1070 διορθώματα.
868 1015 926 1058 Et
955 1015 999 1057 in
1028 1017 1296 1067 universum,
1317 1017 1401 1059 hoc
1422 1017 1550 1071 quasi
1571 1030 1632 1060 ex

181 1083 342 1127 Phoebi
361 1084 536 1138 tripode
555 1083 736 1126 effatum
756 1095 909 1125 sumet
953 1082 1195 1137 Nunquam
1227 1083 1496 1126 interituram
1529 1097 1630 1126 esse

181 1165 329 1194 veram
351 1151 666 1201 Eruditionem,
684 1150 826 1193 donec
848 1150 1066 1192 Gronovii
1086 1150 1239 1205 Opera
1253 1152 1460 1205 legentur.

237 1219 299 1261 At
316 1219 611 1274 periculosum
640 1222 735 1260 erat
765 1230 792 1260 a
822 1222 948 1260 tauto
977 1218 1076 1259 viro
1097 1218 1348 1260 dissentire.
1410 1218 1514 1262 Erat
1534 1220 1632 1274 qui-

183 1287 309 1329 dem:
352 1286 449 1337 sed,
467 1289 516 1328 ut
533 1291 657 1340 puto,
692 1285 853 1327 ducem
881 1285 1099 1327 rationem
1128 1287 1375 1340 sequebar-3
1405 1288 1534 1342 cujus
1553 1289 1632 1338 rei,

182 1358 246 1404 tu,
266 1352 445 1404 Lector,
465 1354 726 1395 constitutus
745 1366 795 1395 es
810 1353 967 1408 judex.
1018 1353 1074 1394 Et
1093 1353 1200 1407 quid
1217 1354 1406 1396 facerem
1421 1355 1441 1395 ‘l
1494 1354 1635 1405 Hinc,

182 1423 234 1463 ut
251 1419 359 1463 mihi
388 1419 634 1470 videbatur,
665 1422 786 1462 stetit
811 1421 1003 1472 veritas3
1048 1421 1186 1470 illinc,
1209 1421 1493 1464 Gronovius:
1523 1434 1636 1464 anne

183 1487 374 1530 difficilis
392 1487 586 1529 electio?
629 1487 857 1530 Gronovio
887 1491 1017 1539 certe,
1045 1489 1330 1542 quantumvis
1350 1501 1523 1542 magno,
1543 1501 1637 1531 ma·

179 1554 251 1609 jor
279 1555 455 1597 veritas.
514 1554 614 1596 Nec
644 1555 839 1609 cuipiam
867 1568 1062 1610 unquam
1093 1555 1237 1597 fraudi
1270 1554 1354 1596 suit
1373 1568 1402 1597 a
1420 1556 1637 1610 quopiam

186 1634 288 1664 cum
305 1623 478 1663 ratione
506 1621 795 1674 dissensisse3
824 1622 1068 1677 praesertim
1087 1622 1134 1663 in
1161 1622 1229 1663 his
1258 1622 1445 1675 studiis3
1475 1623 1520 1664 in
1540 1624 1638 1678 qui-

186 1689 270 1731 bus
288 1701 379 1730 non
398 1688 457 1730 ad
476 1687 705 1730 formulam
743 1690 1037 1743 astringimur,
1056 1695 1102 1732 et
1132 1690 1248 1731 idem
1275 1690 1353 1744 jus
1372 1695 1444 1731 est
1464 1690 1636 1733 Maevio

186 1755 305 1810 quod
321 1755 469 1798 Titio:
501 1756 619 1798 absit
638 1756 771 1798 modo
796 1756 908 1799 livor
942 1763 990 1799 et
1020 1757 1293 1812 petulantia3
1324 1770 1511 1812 quorum
1531 1770 1639 1799 cau-

186 1822 435 1876 sasprocul
454 1822 609 1864 habeo.
671 1822 821 1866 Etiam
855 1825 913 1865 ab
945 1824 1046 1879 ipso
1081 1824 1275 1866 Heinsio
1308 1824 1561 1878 saepissime
1590 1824 1638 1866 in

186 1887 274 1931 hoc
291 1901 426 1943 opere
446 1888 692 1933 dissentio:
722 1904 808 1933 nec
824 1895 968 1933 tamen
979 1895 1213 1946 propterea
1226 1891 1301 1933 vel
1316 1891 1372 1933 de
1392 1891 1469 1932 illo
1489 1891 1636 1946 pejus,

185 1954 259 1997 vel
277 1954 333 1997 de
350 1956 522 2010 meipso
542 1957 700 1998 melius
720 1958 941 1999 existimo.

244 2021 391 2064 Moles
415 2022 549 2078 hujus
576 2023 818 2066 voluminis
843 2025 1016 2067 obstitit
1045 2037 1134 2079 quo
1163 2024 1308 2065 minus
1331 2022 1502 2066 ederem
1522 2037 1638 2079 prae-

186 2088 352 2130 claram
380 2089 495 2132 hanc
525 2090 741 2133 Gronovii
776 2092 1021 2143 Dian-iheu,
1058 2091 1209 2147 (cujus
1238 2092 1510 2145 exemplaria
1539 2092 1639 2146 jam

187 2155 350 2198 rariora
368 2154 506 2210 sunt,)
525 2161 571 2198 et
594 2157 726 2199 simul
754 2158 1026 2213 Papinianas
1052 2157 1290 2199 Lectiones
1308 2157 1338 2199 J
1342 2157 1417 2198 ani
1438 2156 1640 2211 Casperii

188 2219 401 2272 Gevartii,
438 2222 733 2265 cultissimum
764 2238 894 2279 opus,
926 2230 974 2267 et
1007 2224 1205 2266 Eruditis
1234 2224 1344 2265 bene
1373 2229 1550 2266 notum:
1596 2228 1640 2266 et

188 2287 295 2330 licet
318 2287 560 2331 Gevartius
579 2290 623 2331 in
653 2302 699 2332 re
728 2292 886 2334 critica
903 2292 1012 2334 nihil
1032 2291 1167 2333 fuerit
1184 2291 1241 2332 ad
1262 2290 1552 2342 Gronovium,
1573 2291 1639 2333 fe-

187 2354 330 2397 liciter
346 2357 495 2397 tamen
523 2356 570 2397 in
601 2357 686 2399 hoc
717 2371 852 2413 opere
882 2362 1087 2401 versatus
1117 2362 1203 2407 est,
1230 2360 1275 2398 et
1305 2357 1493 2399 Statium
1512 2358 1639 2399 lucu-

185 2421 324 2464 lenter
342 2423 605 2476 explicavit,
626 2429 670 2467 et
688 2439 776 2467 non
796 2438 896 2467 raro
927 2424 1207 2468 emendavit:
1252 2427 1299 2465 ut
1319 2424 1505 2478 proinde
1523 2425 1639 2466 mul·

190 2494 282 2530 tum
313 2489 381 2530 illi
409 2489 600 2534 debeant
638 2493 900 2548 Papinianae
940 2493 1113 2535 Literae.
1172 2491 1344 2533 Barthii
1383 2491 1637 2534 Editionem

190 2555 326 2598 Statii
341 2557 533 2599 nondum
553 2559 667 2602 vidi:
711 2564 883 2615 septem
913 2564 1060 2602 tamen
1090 2558 1161 2600 vel
1182 2562 1287 2600 octo
1303 2558 1639 2601 emendationes

189 2622 313 2677 (quae
350 2623 397 2665 iu
436 2624 552 2668 Edit.
587 2627 765 2669 Varior.
799 2624 1113 2680 occurrebant)
1140 2638 1303 2680 parvas
1338 2625 1536 2679 quidem,
1555 2626 1638 2667 sed

191 2688 477 2741 indubitatas,
497 2692 672 2734 admisi.
730 2694 1000 2744 BemartiuS,
1022 2693 1253 2743 Morellus,
1284 2692 1497 2743 Cruceus‚
1514 2694 1639 2747 quic-
