1800 3060
552 258 832 290 SYLVARUM
866 259 962 290 nin.
995 259 1060 291 iv.
1090 249 1135 290 4.

1490 248 1578 291 435

114 356 259 412 Lydia
277 367 364 409 qua
381 354 557 409 penitus
576 357 780 407 stagnum
799 354 959 395 navale
981 353 1155 395 coercet

115 423 251 478 Ripa,
272 423 625 477 suburbanisque
646 421 810 463 vadum
830 422 1097 476 praetexitur
1117 421 1270 463 hortis.

114 493 216 535 Illic
236 491 458 544 egregium
478 491 706 545 formaque
726 490 979 544 animisque
1001 489 1175 531 videbis

115 559 396 608 Marcellum,
417 563 461 600 et
478 558 603 600 celso
622 558 889 614 praesignem
909 558 1075 599 vertice
1094 569 1269 599 nosces.

117 626 200 668 Cui
221 627 411 680 primum
431 626 565 668 solito
586 626 706 680 vulgi
728 626 783 667 de
803 638 924 668 more
946 626 1152 676 salutem,

1520 626 1576 668 10

117 694 232 736 Mox
249 694 424 736 inclusa
444 693 586 735 modis
606 693 703 736 haec
725 692 906 734 reddere
925 694 1066 735 verba
1085 695 1332 734 memento:

115 762 141 805 J
153 774 221 805 AM
245 767 384 804 terras
405 761 717 816 volucremque
738 761 894 815 polum
911 761 1016 814 fuga
1035 761 1153 803 veris
1176 760 1337 815 aquosi

117 830 282 879 Laxat,
302 834 345 870 et
361 829 519 871 Icariis
539 820 708 871 coelum
727 830 966 871 latratibus
987 829 1103 870 urit:

115 898 270 940 Ardua
282 897 378 951 jam
398 897 547 939 densae
568 901 795 940 rarescunt
814 898 982 940 moenia
1013 896 1190 938 Romae.

118 965 221 1008 Hos
242 965 469 1007 Praeneste
491 977 679 1017 sacrum,
699 979 856 1008 nemus
877 966 960 1007 hos
983 964 1173 1018 glaciale
1196 963 1372 1014 Dianae,

1522 966 1580 1008 15

118 1032 308 1086 Algidus
328 1037 408 1073 aut
426 1032 625 1086 horrens»,
645 1039 723 1076 aut
740 1032 944 1075 Tuscula
963 1032 1150 1088 protegit
1170 1031 1348 1073 umbra:

117 1162 254 1206 Lysim
274 1164 365 1196 uta-⁸

389 1166 513 1206 penitus
536 1168 675 1197 coarctat
698 1165 839 1197 montem
863 1166 975 1204 laeum,
1001 1168 1033 1196 et
1055 1165 1156 1196 amnis
1170 1164 1380 1206 proetenditur
1399 1164 1583 1196 suburbana

119 1207 229 1239 hortis.
284 1207 358 1239 Illic
384 1218 491 1240 cernes
520 1209 704 1241 Marcellum
733 1208 881 1240 eximium
902 1208 1012 1247 sonno
1041 1211 1073 1239 et
1106 1208 1222 1244 animo,
1253 1211 1284 1239 et
1316 1217 1465 1246 agnosces
1491 1206 1581 1238 illum

281 1260 311 1281 m
337 1250 463 1283 sumni
491 1255 627 1285 etatwa.
673 1251 774 1287 Quem

793 1251 930 1292 primum
956 1251 1109 1282 mutabis
1133 1250 1259 1290 vulgari
1282 1258 1378 1281 more.
1423 1250 1506 1281 Mox
1531 1259 1581 1281 re-

118 1294 246 1324 eordan
274 1293 341 1324 Ita-c
373 1294 465 1325 verba
497 1295 531 1325 111
561 1295 641 1326 hunc
666 1295 788 1325 modum
813 1294 842 1325 ei
871 1293 1002 1331 referre.
1046 1294 1211 1325 Discessu-s
1245 1293 1327 1323 veris
1355 1293 1486 1334 pluviosi
1508 1293 1583 1332 jum

117 1335 212 1366 solvil
235 1336 378 1367 tellurem
406 1340 437 1368 et
465 1337 573 1368 coelum
595 1337 737 1376 volubile,
758 1340 790 1368 et
811 1339 909 1368 torret
930 1336 1034 1368 aerem
1056 1336 1188 1367 latranti
1211 1335 1362 1367 canicula.
1405 1336 1477 1367 Alli
1499 1336 1583 1366 muri

119 1379 222 1408 doesae
251 1379 363 1410 Roma
388 1378 459 1417 jam
496 1383 680 1411 vacuantur.

740 1379 812 1411 Hos
846 1382 988 1410 sanctum
1025 1379 1196 1418 Proemte,
1222 1378 1277 1409 hos
1300 1378 1430 1418 frigido
1465 1378 1583 1410 Dianoe

117 1420 216 1462 sylva,
242 1424 299 1452 ml
325 1422 433 1462 rigens
461 1422 610 1463 Algidus,
639 1426 695 1454 aut
724 1422 834 1454 umbro
863 1422 995 1454 Tuscula
1022 1421 1164 1461 defendit
1185 1431 1206 1453 ιι
1237 1422 1351 1454 calore.

1411 1421 1463 1452 111·
1497 1431 1581 1462 quae·

731 1517 971 1530 ”OOO‘OmOO

122 1577 510 1622 Veen.et1>e1ph.—10
535 1582 651 1624 Quoip
653 1583 766 1614 rimam
787 1582 998 1622 Parmensis,
1014 1581 1155 1622 antiquo
1179 1591 1285 1614 more.
1306 1582 1442 1622 primam
1455 1580 1585 1612 habent

120 1621 225 1655 etiam
240 1623 367 1656 Venet.
394 1626 424 1656 1.
445 1630 482 1657 et
506 1626 604 1657 Rom.
606 1626 722 1657 -13‘
734 1626 814 1657 Non
838 1626 1014 1667 sequimur
1034 1625 1223 1656 Adi-ionum
1241 1624 1456 1665 Beliottiuim
1470 1624 1585 1656 lassat

767 1712 910 1745 NOTAE

166 1775 188 1804 6
209 1772 331 1815 Lydia]
353 1774 444 1808 Quia
469 1775 558 1817 Lydi
573 1786 632 1808 seu
659 1776 828 1819 Tyrrheni

123 1831 219 1854 oram
245 1823 494 1858 occidentalem
523 1826 668 1868 Tyberis
698 1828 828 1859 accole·

125 1871 222 1904 bant.
266 1873 356 1904 Vide
386 1875 503 1916 Epith.
533 1875 652 1909 Stellae
678 1886 728 1910 vs.
752 1880 827 1909 190.

124 1921 282 1964 δίας-1111111
295 1924 418 1966 navale]
442 1926 688 1960 Nanmachiam
709 1928 828 1960 Domi-

124 1973 211 2006 uani
223 1974 398 2016 intelligit,
413 1977 511 2018 cujus
523 1982 562 2010 et
577 1978 732 2010 meminit
744 1978 828 2010 Sue·

124 2023 248 2056 tonius.
291 2025 404 2067 Hujus
422 2027 534 2060 adhuc
548 2027 664 2070 aliqua
686 2029 829 2060 credun-

126 2077 186 2105 tur
200 2078 319 2106 extare
336 2077 479 2117 vestigia
505 2084 583 2119 post
596 2079 764 2119 Sylvestri
779 2078 830 2110 fa-

126 2133 221 2165 num,
241 2124 331 2157 inter
346 2125 545 2159 Flaminiam
568 2128 672 2169 viam,
693 2134 730 2160 et
747 2129 831 2160 Pin-

126 2173 261 2206 cianum
273 2175 408 2212 collem,
422 2175 547 2208 vinetis
562 2182 739 2219 cooperta.
762 2179 830 2210 Ve-

127 2228 237 2256 terem
269 2224 512 2258 Naumachiam
542 2226 716 2268 Augustus
751 2238 831 2260 con-

127 2275 255 2308 struxit
269 2275 363 2307 circa
377 2276 538 2317 Tyberim
553 2282 677 2310 cavato
690 2278 776 2318 solo,
792 2283 831 2311 ut

128 2324 289 2358 discimus
304 2335 348 2357 ex
362 2326 384 2359 J
389 2326 456 2357 ulio
471 2327 637 2360 Frontino
659 2328 703 2360 de
719 2328 830 2370 Aquae

129 2375 290 2408 ductibus
305 2375 399 2408 urbis
414 2376 534 2409 Romae
556 2377 619 2410 lib.
635 2388 661 2410 1.
695 2379 783 2411 Erat
796 2379 831 2410 in

129 2425 403 2470 quarta-decima
438 2426 531 2458 urbis
569 2427 720 2469 regione,
756 2438 832 2470 quae

129 2474 403 2516 Transtyberina
431 2482 496 2510 est.
538 2477 583 2508 In
613 2477 654 2508 iis
686 2477 835 2510 Nauma-

131 2524 216 2558 chiis
245 2526 372 2557 navalis
401 2527 509 2568 praelii
548 2528 745 2569 spectacula
775 2527 835 2560 da·

135 2573 274 2608 bantur.

174 2626 196 2656 ἲ
219 2623 357 2664 Vadam]
372 2625 606 2658 Naumachiae.
625 2626 753 2668 Hortis]
768 2627 837 2658 Ve-

135 2673 202 2706 teri
225 2674 448 2707 Naumachia:
473 2676 566 2707 horti
591 2675 697 2707 etiam
724 2676 837 2716 31111111-

136 2723 276 2764 cebant,
290 2730 328 2757 ut
342 2730 492 2758 testatur
509 2726 690 2759 Frontinus
707 2726 838 2758 ibidem

138 2778 176 2806 et
190 2773 326 2807 strabo.

181 2825 223 2855 10
245 2823 345 2856 Solito
352 2826 441 2866 vulgi
449 2827 488 2859 de
496 2836 579 2859 more
586 2826 731 2868 aolidem]
749 2826 839 2868 Ave,

882 1785 943 1808 seu
979 1777 1082 1818 χαῖρε.
1127 1777 1174 1809 Ε1
1203 1776 1338 1818 supple,
1373 1775 1495 1817 Dabis,
1524 1785 1586 1808 seu

882 1826 996 1859 Avere
1005 1827 1107 1868 jube.

926 1880 966 1909 13
990 1877 1105 1909 Icariis
1138 1876 1320 1918 latratibus]
1344 1876 1515 1917 Intelligit
1544 1877 1587 1908 si·

882 1926 944 1958 dus
958 1928 1136 1968 caniculae,
1150 1927 1185 1959 in
1201 1937 1300 1969 quam
1317 1926 1435 1958 Poetis
1446 1937 1590 1959 conver-

883 1986 920 2008 sa
943 1977 1072 2008 dicitur
1094 1976 1201 2008 fuisse
1216 1978 1311 2009 canis
1326 1977 1493 2018 Erigones
1508 1976 1588 2010 finae

883 2025 1000 2059 Icarii.
1043 2027 1134 2058 Vide
1148 2027 1255 2059 Theb.
1271 2036 1322 2059 ιν.
1338 2029 1415 2059 692.
1462 2027 1590 2059 Noster

882 2076 1089 2108 Tiburtino:
1114 2078 1124 2094 ‘
1140 2077 1244 2108 Illum
1260 2087 1325 2108 nec
1350 2076 1463 2108 calido
1486 2077 1588 2109 latra-

884 2126 935 2157 vit
944 2126 1052 2158 Sirius
1063 2127 1182 2158 ostro:
1225 2126 1457 2159 Claudianus:
1474 2127 1483 2143 ⁴
1500 2127 1589 2158 Gra·

885 2176 974 2207 vidis
988 2176 1126 2208 allatrat
1147 2177 1254 2208 Sirius
1276 2175 1374 2207 uvis!
1401 2177 1491 2218 Urit]
1506 2176 1591 2208 Die-

884 2225 949 2257 bus
963 2226 1053 2257 enim
1080 2225 1330 2258 canicularibus
1356 2230 1460 2257 aestus
1483 2226 1590 2258 maxi·

885 2285 960 2307 mus
975 2285 1051 2307 esse
1067 2276 1166 2307 solet.

929 2329 967 2358 15
992 2325 1168 2366 Proenesre]
1190 2325 1369 2357 Praeneste
1395 2325 1476 2358 urbs
1500 2326 1592 2359 Latii

884 2375 975 2407 band
988 2376 1108 2416 procul
1123 2376 1239 2408 Roma.
1261 2375 1408 2417 Sacrum]
1448 2376 1504 2408 Ob
1516 2387 1591 2410 ora·

887 2427 966 2458 cula
1001 2431 1037 2458 et
1070 2431 1193 2459 sortes.
1243 2426 1335 2458 Vide
1372 2426 1591 2460 Tiburtinum

886 2476 1008 2508 Manlii
1034 2486 1085 2508 vs.
1106 2479 1162 2507 80.
1208 2475 1328 2508 Nema
1349 2476 1485 2516 glaciale
1510 2477 1592 2510 Dia-

886 2526 952 2567 πω]
966 2526 1133 2566 Intelligit
1150 2526 1277 2557 Nemus
1290 2525 1466 2558 Aricinum
1480 2537 1591 2568 prope

888 2577 1043 2608 Romam.
1092 2575 1250 2616 Glaciale]
1274 2575 1332 2607 Ob
1358 2574 1519 2616 frigidum
1538 2577 1599 2609 ἃᾶ.

889 2637 974 2659 rem.
1019 2626 1152 2667 Dianoe]
1177 2627 1269 2660 Quia
1296 2627 1359 2658 hoc
1391 2636 1510 2658 nemus
1540 2637 1592 2659 sa-

891 2686 985 2709 crum
1002 2682 1079 2708 erat
1093 2677 1225 2717 Dianae,
1244 2677 1278 2708 in
1292 2687 1359 2719 quo
1382 2678 1414 2708 ei
1438 2676 1592 2709 dicatum

891 2727 1069 2768 templum.
1106 2726 1194 2760 Vide
1212 2727 1357 2760 Hercul.
1372 2726 1526 2760 Suu-ent.
1543 2737 1594 2759 vs.

891 2780 946 2809 55.

936 2830 979 2860 16
999 2827 1138 2868 Algidus
1173 2831 1229 2859 aul
1265 2827 1411 2869 horrens]
1446 2826 1593 2869 Algidus
