1800 3060
211 227 299 270 214
708 239 751 270 P.
783 238 974 270 ΡΑΡΙΝΗ
1007 238 1173 270 STATn

214 333 320 375 Hos
340 335 486 375 manet
506 332 729 375 imbrifero
749 335 924 388 pallens
944 334 1200 377 Autumnus
1219 335 1352 378 hiatu.

214 399 442 455 Quicquid
463 402 626 442 habent
643 408 783 452 ortus,
803 402 930 444 finem
951 403 1099 444 timet:
1131 403 1291 445 ibimus
1312 415 1480 454 omneS,

211 467 384 509 Ibimus
402 482 412 510 :
443 469 673 510 immensis
693 482 849 510 urnam
870 470 1012 523 quatit
1032 470 1203 511 AEacus
1223 471 1356 512 ulnis.

212 534 302 577 Ast
320 536 407 586 hic,
429 549 557 590 quem
579 537 808 590 gemimus,
830 538 953 587 felix,
969 537 1274 592 hominesque,
1296 538 1530 594 Deosque,
1588 538 1676 580 220

213 602 273 644 Et
292 602 455 644 dubios
478 616 611 644 casus
624 606 670 644 et
688 616 823 646 caecae
841 604 1010 645 lubrica
1030 604 1134 647 vitae

212 669 395 724 Effugit,
415 671 622 712 immunis
643 671 724 713 fati
741 685 752 713 :
782 685 870 713 non
889 672 962 713 ille
982 673 1166 726 rogavit,

212 737 320 779 Non
341 738 497 788 timuit,
520 738 717 779 renuitve
737 739 863 780 mori.
924 738 1022 780 Nos
1047 740 1181 781 anxia
1202 739 1374 793 plebes,

212 805 314 847 Nos
333 805 493 854 miseri,
513 805 673 858 quibus
691 805 805 847 unde
825 806 920 847 dies
943 819 1163 860 suprema,
1185 808 1286 860 quis
1308 807 1395 848 aevi

213 871 395 923 Exitus,
413 872 654 924 incertum;
687 873 853 927 quibus
875 873 1012 914 instet
1031 872 1194 914 fulmen
1216 873 1274 914 ab
1294 873 1442 923 astris,

213 939 331 991 Quae
352 940 490 981 nubes
510 939 645 981 fatale
667 944 833 982 sonent.
894 940 973 981 Nil
994 940 1189 982 flecteris
1207 940 1303 982 istis
1318 941 1338 981 ‘t

213 1007 304 1050 Sed
324 1007 505 1050 flectere
525 1008 680 1050 libens.
740 1007 868 1050 Ades
889 1008 976 1050 huc
997 1009 1187 1049 emissus
1208 1007 1266 1049 ab
1289 1011 1386 1049 atro

1587 874 1678 916 225

212 1138 374 1179 imbrifero
399 1140 570 1181 extinguit.
619 1139 775 1180 Quicquid
800 1139 890 1171 habet
912 1139 1114 1181 principium,
1141 1140 1254 1171 meluit
1264 1139 1376 1182 finem.
1422 1137 1541 1170 Ibimus
1563 1136 1679 1177 cuncti,

211 1181 338 1214 ibimus.
383 1184 501 1214 AEacus
523 1186 626 1214 movet
651 1192 763 1213 urnam
787 1183 956 1214 innumeris
981 1183 1110 1214 umbris.
1154 1183 1199 1214 At
1225 1183 1287 1222 hic,
1302 1191 1389 1222 quem
1403 1182 1555 1222 lugemus,
1571 1181 1676 1212 beatu

213 1226 312 1256 munit
326 1225 465 1257 hominee
479 1229 511 1258 et
531 1225 670 1263 numina,
694 1235 842 1266 casusque
864 1225 1009 1264 incestos,
1037 1229 1069 1256 et
1094 1226 1176 1256 tices
1200 1225 1347 1266 ancipitis
1371 1224 1457 1264 vitet,
1478 1223 1674 1264 etz-pereseli-

215 1268 291 1299 Non
306 1268 360 1300 ille
375 1269 505 1310 optavit,
521 1279 581 1299 non
597 1268 719 1307 metuit,
737 1278 791 1299 nec
805 1270 918 1299 meruit
934 1268 1026 1299 nwri.
1071 1268 1140 1299 Nos
1153 1268 1312 1299 solicitum
1320 1268 1444 1306 vulgus,
1457 1276 1512 1298 noe
1524 1266 1675 1306 infelices,

213 1310 325 1351 quibus
339 1311 494 1351 ignotum,
510 1312 642 1351 quando,
665 1314 721 1342 aut
742 1321 798 1351 quo
811 1311 882 1352 fine
904 1311 1085 1342 moriemur.-
1107 1321 1127 1342 a
1142 1310 1249 1351 quibus
1261 1310 1415 1342 suin-ibus
1418 1310 1543 1348 fulmen
1556 1310 1675 1348 impen-

213 1354 298 1391 deae,
313 1363 381 1394 quoe
391 1354 485 1386 nubes
499 1354 668 1396 finduntur
683 1353 718 1384 in
733 1357 872 1385 nostrum
890 1353 1032 1384 exitium.
1079 1354 1175 1385 Nihil
1188 1354 1260 1385 istis
1279 1353 1430 1385 moveris?
1449 1353 1503 1384 sed
1519 1349 1676 1384 movebere

818 1449 878 1461 σου
882 1449 1061 1461 emec-066·

213 1517 252 1544 ut
269 1522 326 1554 ap.
344 1512 446 1545 Lucr.
463 1513 567 1546 Ovid.
584 1514 681 1555 Virg.
705 1514 865 1547 Juvenal.
879 1516 1053 1547 δια-218
1075 1517 1198 1548 venet.
1214 1518 1244 1547 1.
1256 1516 1356 1558 finem
1373 1515 1583 1548 ‹iabiu-219
1607 1512 1672 1544 Co-

213 1555 282 1587 dex
299 1556 366 1589 Ms.
377 1566 477 1598 quem
495 1558 642 1588 contulit
653 1558 696 1589 N.
708 1557 872 1589 Heinsius
889 1557 1024 1590 habuit:
1041 1558 1199 1590 immensis
1212 1569 1322 1590 urnam
1337 1559 1439 1599 quatit
1451 1558 1569 1589 AEucroe
1581 1556 1675 1594 ulnis,

213 1603 306 1630 teste
322 1599 522 1631 Burmanno
538 1599 581 1631 ad
597 1600 672 1631 Val.
690 1600 781 1632 Flac.
807 1609 831 1632 1.
857 1603 932 1632 658.
956 1606 992 1632 et
1016 1602 1065 1632 ita
1091 1602 1208 1633 Parm.
1252 1602 1324 1633 Pro
1344 1602 1428 1632 ulnis
1444 1600 1545 1631 Aldd.
1561 1599 1672 1630 Colin-

215 1641 351 1682 Gryph.
366 1642 472 1674 Basil.
484 1643 597 1674 Plant.
613 1643 717 1674 Bern.
734 1643 885 1675 Gronov.
901 1644 1020 1675 Barth.
1038 1645 1144 1676 Veen.
1161 1651 1195 1676 et
1214 1645 1339 1686 Delph.
1356 1642 1673 1684 habentumbrie.—

213 1687 279 1716 220
305 1685 365 1716 Est
385 1685 437 1717 hic
460 1685 576 1716 Parni.
592 1690 628 1716 et
643 1686 850 1717 Rom—223
876 1686 1004 1717 Omnes
1029 1687 1130 1718 codd.
1158 1693 1194 1719 et
1216 1687 1295 1719 cdd.
1324 1692 1409 1718 vett.
1451 1686 1527 1717 Non
1554 1684 1675 1724 timuit,

212 1727 364 1759 metuitve
379 1728 470 1759 mori.
516 1728 634 1759 Lectio
662 1734 780 1760 nostra
807 1729 954 1760 debetur
980 1729 1025 1762 N.
1043 1730 1184 1761 Heinsio
1199 1731 1231 1760 in
1248 1729 1397 1762 Advers.
1412 1729 1470 1761 lib.
1485 1737 1536 1760 lv.
1551 1736 1626 1768 cap.
1641 1730 1673 1757 ὃ.

214 1779 250 1811 p.
267 1773 343 1802 609.
365 1770 463 1812 cujus
480 1771 635 1803 lectionis
663 1776 768 1803 totam
796 1772 827 1803 ei
857 1771 990 1804 laudem
1014 1773 1149 1814 eripere
1166 1778 1308 1805 conatus
1323 1778 1376 1805 est
1390 1770 1671 1804 Marklandus.—

870 1869 904 1902 N
908 1869 1016 1902 OTAE

253 1934 317 1963 217
341 1931 508 1972 Imbrifero
532 1933 651 1973 pallens
671 1933 850 1966 Autumnus
865 1935 914 1966 hi-

210 1981 282 2023 atu]
301 1981 478 2014 Juvenalis
493 1993 501 2014 :
526 1984 536 2000 ‘
550 1983 828 2026 Autumnnmque
839 1995 914 2025 gra-

210 2042 288 2064 vem
305 2032 462 2064 Libitinae
479 2038 629 2074 qna’stus
646 2033 806 2066 acerbae!

253 2085 318 2114 218
351 2083 509 2124 Quicquid
540 2083 653 2114 habent
681 2083 782 2124 ortus]
820 2083 914 2116 Alias

211 2133 337 2174 habene,
351 2135 411 2165 sed
434 2135 543 2174 male;
567 2139 621 2166 est
643 2135 733 2166 enim
761 2136 913 2176 analogia

208 2184 352 2216 numeri.
395 2184 564 2216 Mol-ellus
593 2185 677 2224 legit
706 2185 807 2218 habet.
851 2187 912 2218 Se-

207 2245 297 2268 neca
312 2236 466 2268 Hercule
481 2237 596 2268 OEtaeo
611 2247 620 2267 τ
641 2239 651 2254 ⁴
668 2238 767 2270 Quod
794 2244 910 2270 natum

208 2291 275 2326 est,
289 2288 418 2327 poterit
433 2287 543 2319 mori.'
585 2287 654 2319 Πᾶν
673 2287 710 2318 τὸ
730 2288 913 2327 γιγνόμενον

209 2335 355 2377 φθαρτόν·
402 2337 501 2369 Omne
533 2341 637 2370 ortum
665 2340 789 2371 occidit.
821 2342 831 2358 ‘
849 2340 910 2372 Cui

207 2387 303 2418 nasci
319 2387 478 2428 contigit,
493 2393 601 2421 restat
617 2390 726 2422 mori.'

250 2440 315 2469 219
338 2439 503 2470 Immensis
524 2449 636 2471 urnam
664 2442 767 2481 quatit
795 2443 912 2474 AEaczoe

210 2487 308 2529 ulnis]
324 2488 446 2519 AEacus
457 2489 567 2529 judex
584 2490 791 2524 Inferorum.
817 2494 911 2524 Nota

210 2543 325 2570 autem
341 2539 606 2580 urnajndicum.
641 2541 730 2573 Vide
744 2542 850 2574 Theb.
861 2552 911 2574 lv.

207 2588 397 2621 Horatius:
421 2591 430 2607 ‘
445 2588 556 2621 Omne
569 2601 680 2632 capax
697 2600 810 2626 movet
826 2604 912 2625 urna

207 2639 358 2671 nomen?
401 2639 566 2672 Ovidius:
592 2642 602 2659 ‘
618 2643 772 2684 Tuasque
789 2644 911 2676 AEacus

206 2689 242 2720 in
260 2699 376 2731 poenas
395 2689 590 2730 ingeniosus
605 2691 696 2723 erit.'

251 2743 315 2773 220
339 2740 562 2783 Hominesque,
586 2741 743 2782 Deosque,
763 2743 910 2785 Effugit]

206 2790 277 2823 Le.
292 2791 376 2823 nihil
389 2791 510 2822 timere
524 2790 626 2824 debet
639 2802 701 2825 nec
714 2793 756 2825 ab
771 2795 910 2826 homini·

969 1935 1045 1975 bus,
1060 1945 1124 1968 nec
1141 1946 1160 1968 a
1175 1935 1263 1975 Diis,
1277 1940 1317 1968 ut
1339 1945 1480 1978 quorum
1504 1934 1671 1977 potestati

967 1986 1165 2018 subtractus
1181 1986 1238 2018 sit.

1010 2039 1072 2068 221
1099 2036 1215 2078 Caecae]
1254 2036 1311 2068 Ob
1337 2035 1603 2068 inconstantiam
1633 2038 1671 2067 et

967 2087 1058 2118 vices
1074 2086 1236 2119 fortunae.

1009 2140 1074 2169 222
1098 2138 1172 2169 Non
1193 2138 1247 2169 ille
1267 2136 1408 2178 rogavit]
1428 2137 1560 2178 Supple
1574 2136 1671 2177 mori,

969 2193 1007 2219 ut
1028 2188 1144 2219 miseri
1161 2188 1276 2220 facere
1289 2188 1410 2220 solent.

1010 2242 1074 2270 223
1099 2239 1217 2270 Timuit
1245 2239 1341 2280 mori]
1361 2239 1410 2270 Ut
1437 2237 1562 2278 timidi,
1578 2237 1671 2278 igna-

967 2290 1080 2331 vique,
1095 2299 1136 2322 ac
1148 2290 1287 2321 nimium
1297 2289 1405 2321 dediti
1415 2289 1552 2321 mundo.
1574 2289 1670 2320 Mar-

966 2341 1075 2372 tialis:
1100 2341 1295 2372 ‘Summum
1319 2350 1384 2372 nec
1406 2344 1539 2372 metuas
1564 2339 1670 2379 diem,

965 2400 1029 2422 nec
1042 2390 1167 2432 optes.'
1207 2391 1363 2422 Reuuitve
1388 2390 1570 2431 [meruitve]
1603 2399 1669 2420 mo-

964 2440 1009 2481 ri]
1033 2441 1074 2472 Id
1111 2445 1178 2481 est,
1207 2440 1289 2472 nihil
1318 2439 1490 2472 commisit
1527 2439 1666 2480 dignum

966 2498 1087 2522 morte.

1007 2543 1071 2572 227
1093 2539 1181 2572 Ades
1194 2540 1253 2572 huc
1262 2540 1393 2572 emissus
1404 2539 1444 2571 ab
1453 2543 1525 2572 utro
1534 2539 1669 2582 Limite]

966 2590 1165 2623 Credebant
1191 2595 1326 2622 veteres
1349 2600 1463 2623 manes
1485 2595 1591 2623 noctu
1612 2601 1666 2623 er-

965 2651 1040 2674 rare
1065 2641 1100 2672 in
1117 2641 1233 2680 terris,
1246 2645 1284 2673 et
1298 2641 1333 2673 in
1348 2641 1475 2673 somnis
1499 2651 1667 2683 apparere

967 2691 1084 2724 amicis
1111 2691 1282 2736 carisque,
1298 2695 1336 2723 ut
1350 2701 1410 2724 eos
1425 2692 1493 2724 suis
1509 2693 1666 2735 alloquiis

964 2743 1192 2775 delectarent.
1236 2741 1338 2784 Apud
1349 2742 1548 2784 Euripidem
1565 2750 1667 2785 rogat

963 2792 1133 2826 Admetus
1149 2802 1290 2826 uxorem
1311 2793 1526 2835 morientem,
1542 2799 1581 2827 ut
1601 2794 1666 2827 sihi
