1800 3060
204 189 290 232 276

707 201 747 231 P.
782 201 973 232 PAPINH
1010 201 1172 233 STATII

436 297 562 340 Trita
580 296 757 339 vatibus
779 298 937 349 orbita,
958 303 1223 352 sequantur:

434 366 506 407 Tu
528 378 658 408 carus
679 365 826 416 Latio,
842 379 1094 420 memorque
1117 367 1257 419 gentis

435 433 624 475 Carmen
645 433 796 474 fortior
815 446 970 474 exeres
986 437 1201 486 togatum.

435 500 506 543 Ac
527 502 730 555 primum,
753 503 915 543 teneris
936 502 1080 543 adhuc
1100 502 1144 543 in
1166 503 1295 544 annis

434 569 586 611 Ludes
603 569 820 621 Hectora,
840 570 1172 625 Thessalosque
1196 583 1364 622 currus,

434 636 492 679 Et
512 636 702 691 supplex
722 636 892 678 Priami
913 638 1110 692 potentis
1131 651 1302 680 aurum.

436 705 507 749 Tu
527 705 655 747 sedes
672 705 890 747 reserabis
911 705 1178 756 Inferomm,

204 825 361 864 Palladis,
389 824 480 857 toties
505 835 524 856 a
549 823 658 856 Poetis
678 825 854 855 decantata.
901 823 948 856 Tu
973 825 1105 857 dilectus
1127 825 1231 867 Latio,
1253 828 1285 858 et
1307 824 1464 858 studiosus
1485 823 1533 856 tui
1545 823 1665 865 populi,

203 879 365 909 compones
383 868 503 907 fortior
528 876 653 899 carmen
677 868 715 898 de
738 867 830 898 rebus
853 867 1013 900 Romanis.
1057 869 1107 900 Ac
1131 869 1268 910 primum
1289 878 1380 900 canes
1394 868 1427 900 in
1443 871 1548 900 tenera
1571 870 1679 898 oetate‘

201 912 318 943 victum
336 911 515 947 Hectorem,
540 914 733 951 tractumque
758 920 850 941 curru
867 910 1050 949 Thessalica,
1076 923 1114 943 ac
1135 915 1290 952 potentem
1306 912 1471 943 Priamum
1495 911 1665 951 supplicem

202 956 402 988 redimentem
416 964 492 986 auro
507 953 574 994 ejus
587 963 708 995 eorpus,
723 956 753 985 et
766 954 903 985 recludes
917 954 982 985 loca
997 954 1188 993 Inserorum.
1234 955 1322 987 Nero
1335 954 1460 986 odiosus
1473 963 1506 986 es
1519 953 1666 993 theatris,

817 1047 1057 1061 OONONOO‘OO

202 1117 212 1134 ‘
229 1125 326 1148 casus
342 1114 441 1147 tarde
458 1115 643 1147 remeantis
653 1113 771 1147 Ulixi!
802 1114 892 1147 Haec
907 1119 959 1147 est
970 1115 1061 1157 conj.
1080 1116 1286 1149 Barth.—52
1302 1114 1420 1148 Barth.
1433 1112 1583 1146 scribere
1599 1121 1668 1143 ma-

203 1159 253 1198 lit,
263 1158 380 1190 Latioe.
393 1158 516 1190 Heins.
527 1158 639 1190 Advv.
655 1158 676 1190 l.
693 1166 744 1190 ιν.
763 1167 794 1189 c.
811 1161 842 1189 2.
859 1168 894 1199 p.
906 1161 982 1190 56⁷.
1000 1158 1217 1200 corrigebat:
1237 1160 1284 1191 Tu
1295 1167 1398 1200 pares
1413 1157 1521 1195 Latio,
1533 1165 1664 1187 memor-

202 1212 260 1243 que
272 1202 379 1241 gentis
392 1201 526 1233 Carmen
532 1200 654 1240 fortius
667 1200 771 1232 exeris
782 1203 910 1240 togatae.
936 1201 1013 1234 Hoc
1030 1201 1200 1243 improbat
1213 1201 1535 1234 Marklandus.--56
1544 1198 1664 1230 Barth.

199 1245 447 1286 petentis.—57.
471 1247 514 1276 58
538 1244 582 1274 Et
597 1245 682 1275 sedes
695 1243 848 1275 reserabis
863 1243 1052 1282 Inserorum.
1099 1246 1264 1284 Ingratus,
1283 1247 1336 1286 sse.
1360 1243 1439 1276 edd.
1455 1246 1541 1275 vett.
1566 1242 1576 1259 ‘
1593 1241 1666 1282 Eji-

204 1289 316 1320 ciatur
341 1288 496 1328 Ingratus
520 1287 586 1319 iste
607 1287 694 1319 Nero
719 1296 796 1318 cum
822 1287 963 1319 dulcibus
979 1288 1048 1319 suis
1066 1288 1200 1320 theatris
1208 1299 1220 1327 ;
1243 1288 1333 1331 quod
1357 1287 1465 1319 solum
1487 1282 1666 1328 epitheton

863 1383 896 1417 N
902 1382 1007 1417 0⁹1*AE

202 1449 393 1491 Compacta
416 1457 518 1480 manu
543 1458 660 1490 regum
684 1447 835 1480 referens
849 1447 907 1480 In·

200 1501 294 1542 clyta
315 1509 439 1540 remos,
460 1498 629 1541 quaeritnr
646 1497 764 1540 Argo:
800 1499 906 1530 Teme-

200 1549 338 1592 rariam]
359 1551 449 1584 ,Quia
463 1549 576 1591 prima
589 1558 624 1580 se
640 1548 808 1581 commisit
822 1549 907 1581 mari

199 1601 351 1633 nondum
375 1605 532 1642 experto,
562 1604 600 1632 ut
622 1600 744 1632 volunt
772 1599 908 1632 Poetae.

200 1653 358 1684 Lucanus
382 1652 444 1684 lib.
470 1660 529 1684 ιιι.
553 1655 562 1669 ·
577 1651 663 1683 Cum
691 1649 786 1682 rudis
811 1649 907 1691 Argo

199 1703 344 1736 Miscuit
377 1704 517 1744 ignotas
563 1706 731 1734 temerato
768 1702 906 1743 gurgite

200 1758 334 1795 gentes.
379 1753 563 1794 Primaque
577 1762 655 1784 cum
671 1752 797 1792 ventis,
813 1753 906 1793 pela-

199 1804 305 1846 gique
342 1802 536 1836 furentibus
571 1802 672 1834 undis
705 1803 906 1844 Composuit

196 1855 343 1887 mortale
358 1863 477 1895 genus,
490 1851 638 1894 fatisque
656 1852 818 1894 perillam
835 1853 902 1885 Ac·

197 1905 304 1937 cessit
320 1914 408 1936 mors
424 1913 491 1936 una
506 1902 639 1934 ratem?

240 1958 281 1987 51
309 1955 400 1986 Trita
416 1954 540 1986 vatibus
554 1952 673 1994 orbita]
696 1952 785 1986 Haec
811 1953 901 1986 enim

197 2010 412 2048 argumenta,
427 2010 465 2036 ut
479 2004 588 2045 Trojae
604 2003 792 2043 excidium,
807 2012 900 2036 erro-

196 2065 252 2088 res
264 2054 413 2096 Ulyssis‚
427 2053 664 2095 Argonautica
686 2053 729 2084 ab
745 2053 901 2085 omnibus

193 2106 271 2139 fere
295 2105 417 2138 Poetis
439 2108 602 2137 tractata.
638 2103 770 2135 Eodem
801 2113 901 2136 sensu

195 2156 362 2199 Virgilius
391 2155 520 2196 Georg.
549 2162 605 2186 ιη.
644 2154 796 2186 ‘Cetera
826 2164 902 2196 quae

194 2217 320 2240 vacuas
349 2206 544 2238 tenuissent
572 2204 725 2236 carmina
758 2210 903 2246 mentes,

196 2257 324 2290 Omnia
333 2257 407 2298 jam
421 2253 586 2297 vulgata!

237 2311 279 2340 53
306 2307 442 2340 Carmen
450 2305 608 2347 togatum]
624 2305 840 2338 Pharsaliam
851 2305 900 2337 in-

193 2357 331 2399 telligit,
358 2367 417 2390 seu
443 2366 584 2389 carmen
610 2355 654 2388 de
682 2357 774 2389 civili
797 2357 901 2399 bello,

193 2418 276 2450 quo,
284 2418 366 2449 gens
373 2413 508 2450 togata,
519 2417 579 2440 seu
591 2408 758 2447 Romana,
767 2407 802 2438 in
814 2407 898 2440 duas

191 2459 361 2491 factiones
380 2459 500 2500 divisa,
525 2459 560 2491 in
586 2468 624 2491 se
645 2458 816 2490 convertit
831 2458 898 2490 vic-

191 2509 299 2542 trices
328 2519 470 2541 manus:
495 2509 574 2541 hinc
596 2519 720 2541 carmen
743 2512 895 2549 togatum.

193 2560 463 2594 Romaniautem
478 2559 488 2577 ‘
498 2560 624 2601 togati'
639 2560 738 2600 dicti,
751 2560 832 2602 quia
846 2565 897 2593 to-

192 2622 236 2654 ga
261 2611 345 2654 ipsis
371 2610 512 2653 propria
535 2617 571 2644 et
593 2612 780 2644 communis
806 2616 896 2653 erat,

190 2667 230 2696 ut
260 2661 395 2695 Graecis
428 2661 579 2704 pallium.
635 2663 892 2696 Tertullianusz

191 2715 203 2732 ‘
214 2714 270 2745 De
287 2718 367 2755 toga
380 2713 424 2746 ad
441 2712 603 2755 pallium!
637 2713 764 2754 Virgil.
779 2713 856 2746 AEn.
868 2724 894 2749 1.

189 2763 202 2782 ⁴
218 2764 386 2796 Romanos
415 2773 528 2796 rerum
551 2763 716 2805 dominos,
740 2770 894 2806 gentem·

961 1459 1029 1491 que
1057 1447 1237 1491 togatam!
1279 1448 1335 1481 Sic
1364 1447 1514 1489 ‘togatae
1544 1455 1664 1479 comre-

961 1499 1052 1537 diae:
1079 1501 1114 1532 in
1141 1500 1263 1543 quibus
1283 1508 1339 1531 res
1360 1503 1398 1530 et
1421 1506 1580 1538 personae
1598 1497 1662 1528 Ro·

961 1559 1071 1582 manae
1094 1550 1316 1583 inducuntur.
1360 1548 1506 1588 Scaliger
1526 1547 1560 1580 in
1589 1547 1664 1579 Fes-

962 1604 1040 1633 tum.

1004 1653 1046 1682 54
1068 1650 1117 1683 Ae
1128 1651 1275 1692 primum,
1285 1649 1400 1682 teneris
1410 1649 1512 1681 adhuc
1523 1648 1557 1680 in
1571 1649 1666 1681 annis

961 1701 1063 1733 Ludes
1078 1701 1232 1739 Hectora,
1246 1701 1465 1741 Thessalosque
1481 1709 1601 1739 cur-rus,
1617 1700 1663 1731 Ee

958 1753 1089 1793 supplex
1110 1751 1239 1783 Priami
1251 1751 1390 1792 potentis
1403 1749 1529 1790 aurum]
1556 1750 1663 1782 Luca·

958 1812 1024 1838 nus
1052 1802 1145 1834 euim
1172 1801 1355 1834 admodum
1375 1800 1514 1842 juvenis
1529 1798 1664 1832 fecerat

959 1862 1060 1894 opus,
1088 1852 1123 1884 in
1150 1862 1216 1894 quo
1240 1851 1472 1893 descripserat
1486 1853 1663 1884 certamen

957 1903 1100 1936 Achillis
1123 1909 1160 1936 et
1185 1903 1362 1943 Hectoris,
1389 1902 1423 1934 in
1453 1912 1522 1944 quo
1551 1907 1661 1934 certa-

955 1955 1047 1987 mine
1073 1954 1185 1986 victus
1213 1958 1251 1986 et
1277 1953 1410 1986 occisus
1430 1952 1577 1994 Hector,
1603 1952 1662 1984 de-

955 2015 1046 2038 mum
1078 2005 1237 2046 alligatus
1273 2004 1390 2037 currui
1423 2003 1579 2046 Achillis,
1617 2004 1661 2036 ab

955 2056 1030 2098 ipso
1048 2061 1180 2088 tractus
1192 2059 1247 2088 est
1263 2059 1316 2088 ter
1331 2055 1423 2087 circa
1439 2063 1552 2087 muros
1571 2053 1661 2086 Tro-

949 2107 1065 2149 janos,
1085 2111 1121 2139 et
1144 2111 1184 2139 ut
1210 2106 1371 2138 Priamus
1386 2105 1494 2137 multo
1507 2113 1590 2136 auro
1606 2113 1661 2136 re-

956 2158 1064 2191 demit
1078 2158 1122 2190 ab
1138 2158 1272 2190 Achille
1286 2166 1412 2198 corpus
1426 2155 1501 2188 filii.
1544 2155 1662 2198 Ludes]

955 2209 1046 2241 Vide
1063 2210 1181 2250 Epith.
1195 2209 1313 2241 Stellae
1330 2217 1379 2241 vs.
1393 2209 1471 2239 267.
1497 2206 1660 2240 Thessalos

953 2259 1080 2301 currus]
1093 2260 1184 2294 Quia
1197 2259 1352 2292 Achilles
1365 2258 1552 2291 Thessalus
1571 2264 1655 2292 erat.

953 2310 1092 2352 Supplex
1110 2310 1231 2342 Priami
1243 2310 1381 2351 potentis
1388 2308 1514 2350 aurum]
1529 2308 1659 2342 Home-

954 2370 1011 2392 rus
1027 2360 1137 2392 Iliade
1153 2361 1287 2400 ultima,
1302 2360 1396 2392 inter
1419 2359 1487 2392 alia
1503 2368 1656 2401 munera,

953 2411 1076 2453 quibus
1100 2411 1290 2443 redemtum
1329 2419 1453 2451 corpus
1481 2409 1659 2451 Hectoris,

953 2461 1027 2493 auri
1041 2462 1129 2493 dena
1144 2462 1274 2493 talenta
1289 2463 1480 2493 enumerat.
1525 2460 1655 2493 Priami

947 2511 1099 2554 potentis]
1120 2512 1279 2543 Priamus
1308 2521 1370 2542 rex
1393 2510 1506 2552 TroJar
1531 2509 1657 2543 ditissi-

949 2571 1025 2594 mus
1050 2566 1087 2594 et
1115 2562 1384 2603 potentissimus,
1408 2565 1448 2593 ut
1477 2569 1579 2603 quem
1603 2566 1656 2598 to·

950 2612 978 2644 ti
997 2611 1071 2644 fere
1086 2611 1216 2645 Minori
1231 2610 1321 2644 Asiae
1338 2609 1555 2653 imperitasse
1570 2611 1654 2644 scri-

949 2662 1045 2696 bunt.

990 2716 1032 2746 57
1050 2714 1099 2746 Tu
1112 2714 1200 2746 sedes
1212 2712 1364 2746 reserabis
1378 2712 1571 2755 Inseromm]
1585 2713 1653 2746 Lu-

947 2774 1052 2797 canus
1074 2765 1164 2797 enim
1179 2764 1332 2798 ediderat
1352 2773 1496 2806 parvum
1511 2773 1651 2798 carmen
