1800 3060
200 181 260 223 80
704 191 744 221 Ρ.
780 190 971 222 PAPINll
1007 190 1173 222 STA'ru

203 286 392 328 Cessent
406 285 632 328 mordaces
651 285 823 341 obliqui
843 287 1051 329 carminis
1072 291 1196 329 astus
1214 300 1227 340 ;

203 354 348 396 Fama
370 357 495 396 tace:
527 354 667 396 subiit
684 354 822 408 legeS,
844 357 887 396 et
903 354 1043 396 fraena
1062 354 1300 396 momordit

204 421 291 464 Ille
312 421 488 464 solutus
510 434 659 464 amor:
690 427 928 464 consumta
948 427 1020 464 est
1038 422 1192 464 sabula
1211 421 1346 476 vulgi,

204 489 263 531 Et
282 494 463 531 narrata
483 489 560 531 diu
579 489 784 532 viderunt
803 490 958 532 oscula
979 490 1122 532 cives.

204 556 276 598 Tu
295 559 445 598 tamen
465 556 678 598 attonitus
697 555 925 612 (quamvis
945 556 1052 605 data
1066 557 1200 611 copia
1218 560 1352 605 tantae

209 622 374 679 Sortis)
390 623 536 666 adhuc
554 628 702 679 optas,
724 625 1030 679 permissaque
1047 625 1228 666 numine
1249 624 1408 667 dextro

1610 491 1667 533 30

207 768 362 802 citudines
375 773 408 802 et
422 770 549 804 timores
562 770 710 811 migrent.
753 770 945 812 Malignitas
958 770 1099 811 ambigui
1109 780 1214 803 versus
1227 774 1334 803 cesset.
1378 770 1479 803 Fama
1492 770 1560 803 sile.
1605 770 1672 803 Hic

209 811 289 843 liber
299 822 387 844 amor
402 814 520 855 recepit
534 815 630 855 leges,
645 818 677 846 et
697 814 834 855 praebuit
846 814 959 845 collum
971 814 1107 855 nuptiali
1121 813 1215 854 jugo.
1258 813 1380 846 fabula
1401 814 1500 854 plebis
1512 818 1674 846 consumta

209 856 271 893 est,
292 858 322 887 et
338 856 421 888 cives
434 857 579 888 viderunt
595 858 698 889 oscula
712 857 768 888 diu
791 857 977 898 pradicuta.
1022 857 1071 888 Tu
1096 860 1199 889 tumen
1223 857 1339 888 anxius
1355 855 1519 907 ⁸(quamvis
1532 856 1673 895 facultas

210 899 310 930 tunice
324 899 426 932 noctis
437 899 497 932 tibi
507 901 550 932 sit
564 898 722 941 concessa)
734 901 823 942 cupis
837 900 948 942 adhuc,
961 902 991 932 el
1008 900 1113 941 times,
1126 909 1166 932 ne
1175 900 1254 942 quod
1261 899 1571 943 promssumesttuis
1581 901 1673 940 votis,

821 1013 901 1026 ml

215 1101 322 1136 ovid.
337 1103 451 1145 Epist.
477 1113 548 1137 xn.
572 1107 733 1137 Lam—27
758 1105 880 1137 Cedant
903 1104 1063 1136 Parrhas-
1088 1105 1246 1137 mmdncis
1268 1104 1385 1147 οὸῑίφιί
1408 1103 1557 1148 carminis
1578 1104 1674 1136 astris

213 1146 342 1178 Venet.
359 1149 389 1179 1.
416 1148 544 1180 Cessent
566 1148 723 1180 mendacis
743 1147 818 1190 (vel
839 1147 1014 1189 mendaces)
1035 1146 1149 1189 obliqui
1171 1147 1323 1180 cannitiis
1342 1151 1430 1180 ast-us
1444 1147 1560 1179 Parm.
1576 1147 1675 1180 Rom.

213 1189 355 1221 Viceut.
368 1190 465 1222 Brix.
483 1191 626 1222 Venett.
638 1193 670 1222 2.
686 1194 717 1222 3.
731 1194 762 1223 4.
777 1190 882 1223 Aldd.
897 1193 962 1223 &c-
977 1190 1067 1233 quod
1080 1191 1255 1222 revocavit
1268 1190 1436 1222 Haudius.
1450 1191 1608 1222 mordaces
1623 1194 1675 1222 est

215 1241 236 1264 e
252 1232 454 1273 conjectura
479 1233 608 1266 Markl.
624 1234 834 1266 Scholiastes
851 1234 917 1266 ait:
938 1233 1048 1265 -Forte
1070 1233 1266 1274 legendum,
1291 1232 1409 1274 obliqui
1421 1233 1564 1265 criminis
1576 1235 1676 1264 ustum.

215 1275 264 1307 N.
282 1275 404 1307 Heius.
420 1285 483 1317 pro
504 1280 591 1308 astus
615 1277 703 1317 conj.
725 1287 855 1309 ausus.--
873 1279 915 1310 28
939 1276 1056 1318 Editio
1079 1275 1355 1309 Grasserisubit.
1387 1276 1477 1308 Vide
1498 1276 1610 1307 Livin.
1633 1275 1678 1311 ad

217 1317 345 1349 catull.
361 1326 453 1350 an.
476 1321 640 1352 146.-29
662 1319 724 1351 Ille
737 1321 849 1351 salutis
870 1318 968 1351 Leid.
991 1319 1090 1351 Rom.
1114 1323 1150 1351 et
1163 1319 1304 1351 Venett.
1320 1321 1352 1350 2.
1373 1321 1405 1350 3.
1426 1321 1458 1350 4.
1480 1319 1540 1350 sed
1562 1318 1680 1350 solutus

215 1360 317 1393 codd.
330 1361 429 1393 Urat.
442 1366 479 1393 et
494 1362 574 1394 Par.
591 1372 665 1394 cum
678 1363 804 1394 Venet.
818 1365 847 1394 1.
863 1362 1017 1394 restituit
1030 1361 1153 1402 Aldus,
1169 1361 1318 1395 Avantio
1333 1365 1486 1401 auctore,
1501 1365 1537 1393 et
1551 1370 1677 1402 appro-

215 1403 322 1435 bante
338 1404 620 1437 Parrhasio.—-30
643 1406 688 1436 Et
703 1409 816 1438 natura
837 1405 964 1437 Venet.
989 1408 1021 1436 l.
1043 1405 1189 1436 viderunt
1211 1403 1332 1436 abstula
1357 1403 1542 1446 Leia—32
1567 1403 1679 1435 Noctis

217 1455 336 1478 omnes
352 1447 451 1480 codd.
467 1452 502 1479 et
521 1447 601 1480 edd.
614 1453 700 1480 vett.
721 1448 829 1480 Sor-tis
842 1452 896 1479 est
909 1447 1107 1480 Marklandi
1118 1447 1299 1486 correctio,
1309 1456 1410 1489 quam
1426 1446 1559 1487 recepit
1573 1446 1677 1477 etiam

218 1487 393 1522 Handius.
405 1490 615 1533 promissaque
628 1492 709 1524 Sen.
726 1492 824 1523 Vatt.
841 1493 871 1523 1.
885 1493 918 1524 2.
939 1493 972 1523 3.
993 1492 1026 1524 4.
1051 1490 1133 1525 Par.
1146 1491 1245 1524 Urat.
1271 1490 1451 1525 Drakenb.
1474 1488 1626 1522 Merseb.
1641 1492 1678 1520 et

879 1603 1020 1637 NOTAE

262 1686 305 1718 2⁷
332 1683 460 1727 obliqui
471 1685 620 1718 carminis
639 1685 739 1727 astus]
761 1687 830 1719 Per
852 1684 926 1717 obli·
981 1685 1008 1718 ti
1021 1695 1152 1718 morsus
1167 1685 1176 1700 ’
1198 1685 1258 1718 lib.
1271 1695 1321 1719 vt.
1336 1695 1414 1727 cap.
1430 1688 1462 1718 3.
1496 1684 1681 1726 Quintilia-

219 1746 313 1778 qnum
325 1745 461 1776 carmen,
476 1736 614 1778 quidam
636 1737 836 1778 intelligunt
855 1746 928 1768 car·
979 1743 1024 1766 no
1047 1736 1057 1754 ‘
1067 1735 1269 1768 schemata?
1290 1736 1379 1768 Nam
1395 1736 1406 1754 ‘
1418 1736 1592 1778 obliquum
1607 1745 1681 1770 car-

219 1786 313 1819 mina
332 1796 353 1817 a
368 1787 473 1818 Stella
487 1787 678 1828 composita
699 1788 734 1820 in
749 1787 927 1820 Violantil-
979 1785 1080 1827 men,'
1103 1796 1170 1818 non
1198 1791 1252 1818 est
1278 1786 1360 1818 illud
1386 1786 1568 1826 duntaxat,
1591 1786 1682 1828 quod

221 1837 305 1877 lam,
318 1836 380 1869 sed
394 1842 529 1869 mutato
544 1838 694 1879 nomine,
706 1839 831 1881 quibus
844 1838 926 1870 Vio-
980 1846 1104 1868 nomen
1119 1837 1320 1877 dissimulat,
1335 1836 1395 1869 sed
1409 1837 1498 1879 quod
1514 1836 1681 1877 ambigui-

220 1887 391 1919 lantillam
403 1897 423 1919 a
431 1897 492 1919 suo
501 1890 638 1920 nomine
645 1890 750 1922 Stella
759 1894 862 1922 vocat.
869 1889 928 1921 ‘A-

222 1938 388 1970 steridem
397 1941 405 1955 ’
417 1948 476 1970 seu
491 1939 732 1980 ‘stelleidem,’
744 1941 926 1972 alludendo

221 1990 266 2023 ad
281 2000 379 2022 suum
390 1999 594 2032 cognomen,
604 2002 672 2035 quo
681 1992 782 2026 Stella
789 1994 926 2035 Latine,

222 2039 323 2082 ἀστὴρ
334 2039 465 2087 (Ξει-εεοειΑ
473 2040 610 2073 dicitur.
633 2041 732 2074 Infra
744 2054 754 2075 z
770 2043 779 2061 ‘
789 2043 924 2077 Asteris

225 2095 263 2123 et
294 2090 382 2122 vatis
407 2094 515 2132 totam
537 2096 676 2124 cantata
699 2103 761 2134 per
792 2094 926 2135 urbem,

225 2140 387 2183 Asteris,’
408 2144 474 2175 διο.
520 2142 632 2175 Moris
647 2143 738 2176 enim
752 2149 826 2177 erat
839 2145 928 2178 Ροὲ-

226 2199 350 2234 tarum,
379 2197 420 2224 ut
449 2193 667 2227 celebrarent
695 2195 820 2229 amicas
849 2207 928 2229 suas

225 2243 446 2277 dissimulatis
459 2244 665 2277 nominibus.
706 2246 765 2278 Sic
779 2247 931 2279 Catullus

226 2293 389 2326 Lesbiam
401 2293 589 2327 nominavit
599 2305 663 2337 pro
674 2296 830 2337 Claudia,
846 2297 930 2330 Pro-

226 2344 358 2387 pertius
371 2349 475 2378 vocat
490 2345 688 2387 Cynthiam,
709 2356 786 2389 quae
804 2347 933 2380 Hostia

228 2394 421 2435 dicebatur,
435 2395 591 2428 Tibullus
605 2396 753 2429 habebat
768 2397 802 2430 iu
819 2398 932 2430 auimo

228 2446 414 2487 Plautiam,
459 2457 536 2480 cum
579 2449 719 2481 Deliam
753 2450 932 2483 scriberet.

229 2495 379 2530 Quidam
394 2496 593 2538 intelligunt
606 2498 749 2531 aliorum
760 2498 934 2532 mordacia

230 2546 335 2579 dicta
349 2550 387 2578 et
404 2546 526 2588 jocosa
550 2548 715 2589 carmina,
729 2549 845 2592 qualia
859 2549 933 2582 fere

230 2596 266 2627 in
290 2605 413 2638 procos
436 2601 495 2628 aut
515 2606 656 2639 sponsos
665 2599 795 2640 jactari
810 2599 932 2632 solita:

232 2656 308 2689 quae
337 2647 348 2665 ‘
361 2646 521 2690 obliqua'
549 2648 722 2691 dicuntur,
747 2650 839 2692 quod
865 2660 934 2683 nou

233 2701 368 2739 aperte,
381 2695 441 2730 sed
458 2697 617 2740 ambigue
631 2698 754 2732 famam
767 2705 933 2743 carpunt:

233 2747 313 2780 hinc
326 2750 413 2781 astru
431 2748 573 2789 Nostro,
587 2748 766 2783 Macrobio
789 2750 799 2768 ‘
811 2749 935 2793 figura-

981 1891 1088 1919 tatem
1110 1887 1224 1919 habet.
1269 1887 1414 1919 Nicetas
1435 1884 1572 1927 πλάγιον
1584 1885 1682 1926 λύγον

980 1942 1092 1980 vocat,
1105 1938 1188 1970 Itali
1201 1938 1426 1979 Pasquinatas.

1022 1993 1064 2023 28
1088 1990 1204 2022 Froenu
1219 1989 1398 2031 momordit]
1422 1989 1539 2021 Fraena
1553 1997 1683 2020 momor-

966 2041 1040 2083 stit,
1063 2041 1178 2082 posuit
1201 2040 1382 2081 Papinius,
1397 2049 1459 2081 pro
1481 2039 1683 2072 servitutem

980 2091 1128 2133 accepit,
1143 2089 1287 2124 fraenum
1310 2089 1455 2132 recepit,
1470 2098 1532 2121 seu
1546 2088 1685 2121 admisit

980 2143 1118 2176 vincula
1130 2143 1350 2176 matrimonii.

1023 2197 1068 2227 29
1094 2192 1230 2234 Fabula]
1253 2192 1395 2233 Fabula,
1415 2190 1539 2224 latiore
1561 2188 1685 2231 signifi-

983 2247 1075 2284 catu,
1094 2244 1240 2279 sumitur
1263 2253 1326 2284 pro
1347 2242 1502 2285 quolibet
1518 2249 1685 2275 sermone.

983 2296 1179 2338 Interdum,
1194 2299 1231 2327 ut
1252 2295 1320 2336 hic,
1341 2304 1404 2336 pro
1424 2302 1560 2327 rumore
1574 2302 1685 2334 popu-

985 2348 1061 2380 lari.

1027 2400 1070 2429 32
1091 2397 1205 2429 Adhuc
1226 2395 1331 2437 optas]
1353 2394 1454 2428 More
1475 2393 1606 2435 ingenii
1625 2392 1687 2425 hu-

985 2448 1089 2487 mani,
1114 2446 1204 2489 quod
1233 2446 1317 2478 licet
1338 2446 1493 2479 obtineat
1520 2444 1568 2486 id,
1595 2443 1686 2486 quod

987 2507 1117 2531 summo
1138 2496 1253 2529 studio
1278 2496 1472 2538 cupiverat,
1500 2493 1612 2527 credit
1639 2498 1688 2526 ta-

986 2558 1064 2581 men
1087 2557 1123 2579 se
1146 2556 1211 2578 non
1226 2546 1337 2578 adhuc
1357 2546 1500 2586 habere,
1520 2548 1687 2586 optatque

987 2598 1097 2631 adhuc
1112 2607 1152 2630 ac
1167 2597 1196 2629 si
1219 2607 1286 2629 non
1311 2596 1448 2638 habeat,
1469 2601 1507 2628 et
1529 2595 1629 2628 timet
1643 2603 1687 2626 ue

988 2649 1052 2682 sibi
1079 2648 1257 2681 elabatur:
1289 2651 1326 2680 et
1347 2647 1384 2680 id
1411 2646 1516 2681 habet
1540 2644 1689 2678 maxime

989 2700 1102 2732 locum
1118 2699 1154 2730 in
1176 2697 1278 2730 rebus
1295 2696 1516 2740 difficillimis,
1537 2705 1614 2731 cum
1631 2705 1690 2728 eas

989 2749 1165 2792 insperato
1194 2748 1400 2783 obtinemus.
