1800 3060
253 201 338 241 400

729 214 767 243 P.
803 214 989 244 PAPlNll
1025 213 1189 245 S'l'A'l'll

256 381 285 409 1.
331 379 458 410 Xvn,
477 373 820 411 CONSULATUS†
842 380 943 410 ΙΜΡ.
967 381 1084 412 AUG.
1101 381 1404 416 GERMANtcit
1424 385 1711 415 DOMITIANI.

360 457 566 498 Imperatori
583 457 779 489 Domiuano
796 458 1168 499 septimum-decimum
1184 460 1405 494 Consulatum
1422 463 1625 504 gratulatur.

253 543 403 584 LAETA
426 542 496 582 bis
517 541 686 583 octonis
710 539 884 582 accedit
903 553 1099 594 purpura
1118 540 1248 582 fastis

253 609 462 660 Caesaris,
480 610 790 662 insignemque
813 608 958 661 aperit
978 606 1265 649 Germanicus
1287 621 1464 660 annum,

251 676 405 732 Atque
426 677 565 719 oritur
586 691 686 719 cum
708 677 798 718 sole
818 688 951 726 nOVO‚
970 689 1071 717 cum
1089 676 1330 729 grandibus
1351 678 1485 719 astris

252 745 428 788 Clarius
447 746 546 800 ipse
566 746 723 795 nitens,
745 748 786 785 et
807 743 947 798 primo
968 745 1110 800 major
1132 745 1245 786 Eoo.

296 865 388 899 Loetu
407 875 549 907 purpura
572 864 701 896 additur
724 865 970 906 septemdecimis
998 864 1116 903 Fastis,
1139 867 1171 896 et
1198 865 1407 896 Germanicus
1424 865 1536 907 pandit
1558 866 1713 906 insignem

250 920 377 950 annum,
393 913 425 942 et
441 910 544 941 oritur
559 919 627 940 cum
643 919 718 940 novo
733 910 806 949 sole,
822 912 851 940 et
867 920 937 941 cum
951 908 1075 948 magnis
1087 908 1254 949 suieribus,
1279 909 1344 949 ipse
1358 909 1408 940 his
1420 909 1552 940 &acidior
1566 912 1598 940 et
1613 909 1712 949 major

864 1004 982 1018 eeeeee

985 1004 1103 1017 eeeeee

297 1080 389 1103 xvn.
415 1071 600 1102 Consulatus
625 1070 706 1111 Imp.
740 1072 836 1103 Rom.
862 1071 968 1103 Aldd.
995 1071 1107 1104 Colin.
1134 1070 1267 1111 Gryph.
1294 1069 1398 1102 Basil.
1426 1069 1542 1102 Plant.
1567 1070 1712 1102 Gevart.

250 1114 410 1146 Grasser.
426 1116 491 1145 &c.
540 1114 722 1145 Germanici
747 1114 828 1154 Imp.
842 1115 930 1155 Aug.
950 1116 1022 1146 Cos.
1039 1123 1137 1146 xvu.
1154 1113 1263 1145 codex
1285 1112 1411 1144 Salisb.
1457 1113 1617 1154 Septimus
1630 1113 1713 1144 deci-

251 1167 319 1188 mus
347 1157 534 1188 Consulatus
556 1156 760 1197 Imperatoris
787 1158 874 1197 Aug.
905 1156 1088 1189 Germanici
1114 1155 1224 1188 Rhod.
1251 1155 1341 1187 unde
1368 1154 1586 1187 Gronovius:
1619 1164 1712 1188 xvn.

252 1201 440 1231 Consulatus
465 1199 547 1240 Imp.
565 1200 651 1240 Aug.
671 1200 867 1233 Germanici.
911 1200 1111 1233 Parmensis
1127 1199 1285 1241 plenius:
1310 1207 1406 1230 xvn.
1432 1199 1618 1230 Consulatus
1635 1198 1712 1240 Imp.

915 1284 1055 1318 NOTAE

293 1355 308 1382 t
326 1349 448 1382 XVII.
465 1349 668 1390 Consulatus]
684 1350 868 1382 Suetonius
879 1350 954 1382 Do-

248 1401 391 1432 mitiano
404 1410 482 1442 cap.
497 1403 550 1432 13.
571 1402 581 1418 ‘
596 1400 801 1432 Consulatus
823 1403 876 1432 17.
898 1409 954 1432 ce-

248 1452 313 1493 pit,
328 1452 419 1494 quod
435 1457 515 1484 ante
531 1461 609 1483 eum
625 1460 725 1483 nemo
739 1462 747 1483 :
773 1461 816 1483 ex
832 1451 954 1494 quibus

248 1507 383 1544 septem
410 1502 539 1534 medios
564 1502 800 1534 continuavit:
837 1511 954 1534 omnes

247 1558 363 1586 autem
390 1564 489 1595 paene
506 1554 607 1586 titulo
624 1558 724 1586 tenus
739 1553 863 1594 gessit:
888 1563 954 1586 uec

246 1613 441 1646 quenquam
458 1605 551 1636 ultra
567 1605 743 1636 Kalendas
763 1605 862 1644 Maii,
881 1605 954 1646 plu-

247 1663 304 1686 res
321 1654 366 1686 ad
381 1654 463 1687 Idus
479 1664 586 1697 usqne
597 1654 802 1688 Januarias!
833 1656 886 1687 Ex
902 1655 954 1687 his

247 1704 418 1737 decimum
434 1705 564 1738 huncce
581 1706 765 1746 septimum
786 1707 796 1724 ‘
810 1706 931 1738 adorat
943 1705 953 1720 ’

247 1755 438 1796 Papinius:
462 1756 511 1788 sic
532 1756 621 1787 enirn
639 1756 791 1798 loquitur
806 1757 840 1787 in
857 1757 955 1798 Epis-

247 1806 320 1836 tola
335 1811 458 1847 quarto
475 1806 562 1838 libro
578 1806 656 1838 huic
671 1807 850 1849 Sylvarum
867 1817 954 1849 prae-

248 1855 327 1889 fixa.

291 1911 307 1945 ‡
326 1907 524 1949 Germanici]
553 1907 643 1940 Vide
660 1908 748 1950 Equi
763 1908 955 1941 Domitiani

247 1969 298 1992 vs.
317 1962 351 1992 7.

290 2011 308 2041 1
333 2009 425 2041 Laeta
448 2009 604 2050 purpura]
636 2009 811 2051 Intelligit
837 2014 953 2050 togam

245 2064 455 2101 praetextam
471 2061 671 2092 consulatus
688 2059 834 2102 insigne.
869 2058 954 2092 Ubi-

246 2120 393 2153 cumque
410 2111 500 2143 enim
521 2111 780 2152 magnificentia
796 2112 953 2143 consula-

246 2166 304 2195 tus
316 2162 535 2203 describitur,
548 2163 603 2194 vel
619 2163 793 2203 praecipue
809 2167 954 2202 praetex-

246 2217 293 2245 tae
324 2213 454 2244 mentio
483 2211 537 2244 fit.
582 2213 753 2244 Martialis
780 2212 838 2244 lib.
869 2222 951 2245 vm.

245 2263 315 2303 Ep.
337 2265 370 2294 8.
403 2263 413 2280 ‘
429 2262 594 2304 Purpura
616 2267 652 2294 te
676 2262 775 2303 felix,
798 2268 833 2294 te
860 2264 954 2295 colat

245 2312 355 2344 omnis
370 2312 504 2345 honor)
542 2312 688 2344 Ovidius
703 2313 747 2345 de
763 2313 859 2345 novis
873 2323 952 2345 con-

245 2363 374 2395 sulibus
389 2364 422 2395 in
440 2363 569 2396 Fastis:
586 2365 596 2382 ‘
609 2364 757 2406 Jamque
769 2363 846 2395 novi
865 2373 952 2404 prae·

244 2419 329 2447 eunt
358 2415 480 2455 fasces,
516 2425 605 2447 nova
635 2424 788 2457 purpura
816 2413 952 2455 fulget.’

242 2464 381 2497 Plinius
396 2465 430 2496 in
444 2465 575 2506 Paneg.
590 2467 601 2483 ‘
614 2466 855 2508 Summumque
867 2465 950 2497 illud

241 2525 408 2558 :purpurae
420 2516 537 2557 decus,
550 2526 617 2548 uon
630 2517 695 2549 nisi
708 2521 952 2558 praecaptum,

241 2565 547 2608 praefloratumque
559 2567 817 2600 transmittere.'
843 2567 952 2599 Auso-

240 2618 339 2649 nius:
357 2617 368 2635 ‘
381 2617 427 2649 Et
437 2621 519 2659 toga
531 2618 695 2659 purpurei
708 2618 851 2650 rutilans
861 2628 949 2659 prae-

244 2672 343 2700 texta
360 2669 482 2709 senati,
499 2669 579 2700 Hoc
591 2669 705 2709 capite
722 2669 861 2700 aeternis
883 2669 950 2711 sig-

243 2723 305 2749 net
329 2729 390 2750 sua
412 2719 551 2751 nomina
577 2718 700 2751 fastis!
743 2720 799 2752 Ita
823 2721 948 2762 passim

243 2767 459 2811 Ammianus,
488 2769 777 2812 Claudianusque,
814 2775 850 2803 et
880 2771 948 2804 alii.

1008 1348 1116 1390 Laeta]
1150 1348 1250 1382 Quod
1280 1358 1300 1380 a
1331 1348 1469 1380 Caesare
1496 1347 1711 1380 indueretur.

1007 1400 1139 1432 Accedit
1155 1398 1269 1440 fustis]
1300 1399 1343 1431 Id
1370 1403 1435 1437 est,
1459 1399 1575 1430 Caesar
1601 1404 1713 1431 sumta

1008 1460 1161 1492 purpura
1184 1450 1249 1482 init
1263 1460 1386 1482 novum
1403 1449 1614 1481 consulatum
1635 1454 1714 1490 post

1009 1500 1256 1542 septemdecim
1273 1505 1426 1532 exactos.
1470 1500 1595 1542 Fastis,
1619 1509 1713 1538 vero,

1008 1551 1090 1594 quia
1112 1552 1248 1584 nomina
1271 1551 1447 1584 consulum
1472 1550 1571 1584 fastis
1593 1551 1712 1584 inscri-

1008 1602 1189 1635 bebautur.

1051 1656 1072 1684 2
1087 1652 1309 1694 Germanicus]
1323 1652 1413 1685 Vide
1428 1663 1479 1685 vs.
1491 1656 1524 1685 7.
1539 1653 1626 1696 Equi
1640 1654 1713 1686 Do·

1008 1703 1151 1735 mitiani.
1194 1703 1311 1745 Aperit
1324 1703 1456 1745 annum]
1476 1703 1566 1737 Quia
1582 1705 1711 1736 Consu-

1009 1755 1058 1785 les
1080 1754 1189 1795 primo
1206 1755 1262 1786 die
1279 1754 1360 1785 anni
1386 1754 1619 1795 suscipiebant
1641 1765 1711 1787 ma·

1009 1804 1189 1846 gistratum
1220 1810 1256 1836 et
1289 1804 1495 1836 dicebantur
1525 1805 1535 1822 ‘
1553 1806 1688 1846 aperire
1705 1808 1714 1822 ’

1008 1863 1070 1886 seu
1089 1854 1240 1895 pandere
1257 1864 1380 1886 novum
1396 1864 1532 1886 annum.
1570 1855 1712 1887 Dicitur

1008 1914 1116 1936 annus
1130 1905 1266 1946 insignis
1285 1905 1329 1937 ob
1353 1911 1552 1947 susceptum
1576 1915 1596 1937 a
1619 1906 1711 1947 prin-

1007 1956 1086 1998 cipe
1103 1957 1331 1988 consulatum.

1049 2009 1069 2038 3
1093 2008 1197 2048 Atque
1209 2007 1312 2039 oritur
1326 2017 1395 2038 cum
1407 2008 1472 2039 sole
1484 2007 1577 2048 novo]
1610 2007 1712 2040 Falli-

1006 2064 1062 2093 tur
1077 2061 1132 2093 hic
1147 2061 1328 2098 Morellus,
1349 2069 1425 2092 cum
1442 2065 1543 2101 putat
1557 2061 1618 2092 sole
1633 2070 1711 2092 novo

1007 2111 1119 2143 notari
1135 2115 1290 2143 exortum
1305 2111 1387 2151 diei,
1403 2111 1554 2152 allegato
1569 2120 1612 2142 ex
1634 2111 1711 2142 Vir-

1007 2162 1086 2203 gilio
1101 2172 1110 2194 z
1125 2162 1135 2179 ‘
1147 2161 1196 2193 At
1207 2171 1284 2193 cum
1301 2161 1372 2193 sole
1387 2170 1475 2192 novo
1491 2166 1603 2192 terras
1618 2161 1710 2193 illus-

1008 2217 1078 2244 trat
1105 2212 1220 2244 Eous!
1269 2211 1338 2243 Sed
1365 2212 1420 2243 liic
1444 2212 1491 2242 sol
1518 2221 1626 2250 mus,
1652 2212 1710 2253 qui

1007 2262 1118 2303 aperit
1134 2270 1258 2293 annum
1270 2261 1293 2294 J
1298 2261 1458 2292 ulianum.
1504 2261 1710 2293 Censorinus

1007 2312 1050 2344 de
1077 2312 1143 2344 Die
1167 2311 1286 2344 Natali
1300 2322 1309 2343 ε
1333 2313 1344 2330 ‘
1357 2311 1496 2343 Idcirco
1511 2312 1586 2344 aliis
1602 2322 1622 2344 a
1637 2313 1708 2344 sole

1007 2373 1111 2403 novo,
1124 2363 1158 2394 id
1174 2368 1239 2403 est,
1254 2373 1275 2394 a
1290 2362 1423 2403 bruma,
1440 2362 1514 2394 aliis
1530 2363 1573 2394 ab
1588 2363 1708 2395 aestivo

1006 2414 1167 2453 solstitio,
1203 2413 1374 2455 plerisque
1420 2411 1464 2444 ab
1501 2413 1707 2454 aequinoctio

1006 2474 1122 2504 verno,
1145 2463 1347 2506 quibusdam
1372 2463 1415 2495 ab
1441 2467 1519 2495 ortu
1539 2463 1708 2503 Vergilia-

1005 2525 1092 2555 rum,
1109 2514 1278 2546 nonnullis
1294 2514 1338 2545 ab
1349 2523 1463 2546 earum
1475 2523 1609 2552 occasu,
1621 2514 1706 2545 rnul-

1004 2567 1048 2598 tis
1064 2565 1191 2596 acanis
1207 2569 1330 2596 exortu
1353 2565 1507 2606 incipere
1527 2574 1635 2596 annus
1650 2573 1708 2596 na-

1005 2616 1124 2648 turalis
1140 2615 1300 2647 videtur:
1335 2616 1381 2647 Et
1397 2614 1524 2646 dicitur
1538 2615 1584 2646 sol
1596 2624 1706 2655 nonus,

1004 2668 1082 2710 quia
1105 2672 1188 2699 tunc
1209 2666 1374 2708 temporis
1389 2665 1510 2707 incipit
1525 2667 1575 2698 sol
1591 2667 1704 2698 redire

1004 2720 1047 2752 ad
1061 2728 1134 2759 nos,
1154 2726 1346 2758 novumque
1362 2726 1483 2748 annum
1499 2717 1646 2750 inchoat.

1046 2774 1066 2803 4
1085 2769 1166 2811 Eoo]
1190 2768 1363 2802 Lucifero.
1387 2768 1556 2801 Ausonius
1567 2769 1602 2801 in
1618 2769 1701 2811 Eph.
