1800 3060
226 207 314 250 206

704 208 769 249 Ῥ.
803 219 994 250 PAPtNu
1029 220 1194 251 s'rAi-ii

229 314 382 365 Hunc,
406 327 658 369 quanquam
682 315 935 357 Hectoreos
955 315 1138 365 cineres,
1158 314 1431 370 Trojamque
1449 329 1652 371 perosus,

226 382 440 423 Turribus
460 395 485 422 e
507 381 713 436 Phrygiis
733 381 882 424 flesset
902 383 1122 423 missurus
1144 381 1321 425 Ulixes.

1603 385 1692 424 145

228 449 431 503 Septima
450 449 552 491 lux:
584 454 628 490 et
641 449 737 503 jam
752 448 954 502 frigentia
972 449 1141 491 lumina
1162 454 1357 504 torpent,

226 516 256 557 J
260 529 330 557 am
352 516 596 569 complexa
612 529 747 558 manu
769 517 936 558 crinem
957 521 1077 559 tenet
1094 517 1237 559 infera
1255 518 1286 560 J
1290 531 1393 561 uno.

229 584 315 625 Ille
337 587 499 634 tamen,
523 583 684 625 Parcis
699 584 880 637 fragiles
901 585 1160 638 urgentibus
1182 599 1338 636 annos,

227 650 294 692 Te
317 651 437 694 vultu
457 651 670 692 moriente
690 650 823 702 videt,
841 651 1081 706 linguaque
1101 652 1287 694 cadente

229 718 507 760 Murmurat:
538 719 586 759 in
606 722 650 759 te
672 731 826 759 omnes
845 720 980 761 vacui
991 719 1086 774 jam
1107 721 1303 774 pectoris
1323 720 1444 764 efflat

1604 723 1690 763 150

230 785 487 839 Reliquias:
520 786 667 826 solum
688 786 903 837 meminit,
920 787 1149 842 solumque
1170 792 1403 830 vocantem

230 852 448 894 Exaudit:
477 853 649 907 tibique
669 865 746 894 ora
766 857 927 903 movet,
947 855 1030 896 tibi
1051 856 1187 896 verba
1206 856 1437 910 relinquit,

230 920 290 961 Et
310 920 516 974 prohibet
535 920 742 973 gemitus,
763 921 1108 976 consolaturque
1130 922 1366 965 dolentem.

229 988 423 1030 Gratum
444 991 527 1038 est,
551 986 682 1038 Fata,
702 994 867 1038 tamen,
888 988 1009 1042 quod
1029 1002 1112 1030 non
1134 1003 1255 1031 mors
1276 990 1396 1032 lenta
1410 990 1607 1046 Jacentis

225 1109 293 1148 giis
306 1110 458 1150 turribus,
471 1111 620 1151 plorasset
633 1110 694 1141 etsi
704 1114 941 1151 prosequeretur
961 1121 1079 1143 summo
1093 1111 1163 1143 odio
1177 1113 1324 1154 reliquias
1339 1113 1492 1146 Hectoris
1505 1117 1536 1145 et
1557 1115 1694 1154 Trojom.

235 1153 299 1184 Vix
313 1153 462 1193 septimus
476 1153 541 1184 dies
555 1152 653 1183 morbi
673 1153 808 1195 (ffluxit,
832 1157 865 1185 et
880 1154 952 1192 jam
970 1155 1051 1186 oculi
1073 1155 1211 1194 rigentes
1226 1165 1286 1187 non
1301 1160 1474 1188 moventur.
1517 1158 1594 1189 Jam
1613 1159 1691 1189 Pro-

227 1196 352 1235 serpina
367 1199 451 1227 tenet
466 1199 497 1226 et
512 1196 726 1236 complectitur
747 1206 841 1227 manu
860 1198 948 1228 illius
967 1198 1106 1238 capillos.
1151 1198 1211 1230 Ille
1233 1202 1348 1238 tamen,
1363 1199 1480 1231 Parcis
1493 1200 1693 1232 acceleranti-

229 1237 285 1269 bus
300 1242 420 1269 teneros
434 1248 542 1278 annos,
557 1242 588 1269 te
602 1239 703 1269 cernit
725 1238 909 1271 moribunda
925 1239 1023 1279 facie,
1046 1243 1079 1271 te
1102 1244 1275 1272 murmurat
1300 1241 1410 1281 lingua
1424 1242 1497 1282 jam
1522 1243 1693 1284 deficiente.

231 1281 371 1321 Expirat
391 1282 424 1312 in
446 1286 476 1313 te
498 1284 623 1312 cunctas
636 1281 713 1312 vitoe
725 1282 891 1322 reliquias:
913 1286 944 1314 te
956 1284 1055 1314 solum
1067 1284 1262 1323 recordatur,
1277 1284 1366 1316 audit
1381 1288 1413 1316 te
1426 1285 1522 1316 solum
1537 1286 1693 1326 appellaui

229 1327 292 1354 tem
308 1333 387 1363 eum,
402 1327 432 1355 te
446 1324 628 1364 alloquitur,
642 1324 755 1355 ultima
778 1324 872 1356 verba
893 1325 1042 1366 relinquit
1068 1326 1138 1365 tibi,
1159 1329 1190 1357 et
1217 1330 1247 1357 te
1270 1330 1355 1358 vetat
1377 1337 1516 1367 gemere,
1532 1333 1562 1359 et
1578 1329 1694 1359 delenit

229 1369 416 1398 moerentem.
454 1367 554 1398 Juvat
570 1370 683 1403 tamen,
696 1377 714 1397 o
732 1367 827 1406 Fata,
841 1369 921 1408 quod
935 1368 1019 1399 lenta
1033 1377 1116 1400 mors
1130 1378 1190 1399 non
1205 1369 1312 1400 exedit
1323 1371 1474 1411 puerilem
1489 1375 1694 1409 venustatem,

849 1463 1084 1476 O‘aee‘aeeoeeaee

228 1527 332 1560 Aldd.
349 1527 460 1560 Colin.
478 1528 611 1569 Gryph.
628 1529 693 1559 δῖε.
744 1528 860 1559 Torvus
879 1529 979 1561 adhuc
994 1529 1110 1561 Parm.
1128 1534 1164 1561 et
1180 1530 1278 1562 Rom.
1293 1534 1330 1561 et
1343 1530 1393 1562 sic
1407 1531 1492 1572 legit
1507 1531 1693 1573 Dempste-

230 1581 287 1602 rus
304 1571 346 1602 ad
363 1571 484 1602 Claud.
503 1570 618 1602 Rufin.
637 1580 662 1602 1.
680 1573 841 1603 81.-145
867 1571 965 1603 Rom.
980 1576 1016 1603 et
1034 1578 1101 1604 vet.
1121 1573 1379 1614 Liudenbrogii,
1392 1579 1470 1606 esset
1485 1575 1694 1607 missurus.—

231 1616 293 1645 148
316 1615 326 1631 ‘
343 1614 417 1645 Nisi
433 1614 577 1645 multum
594 1613 694 1645 fallor
711 1613 851 1654 scripsit
866 1614 996 1645 Statius
1010 1625 1018 1645 :
1043 1615 1279 1653 Parcisfaciles
1292 1616 1478 1655 urgentibus
1491 1627 1607 1649 annos:
1629 1618 1693 1650 hoc

229 1657 435 1697 exquisitam
452 1657 543 1687 illius
563 1655 770 1697 elegantiam
796 1657 909 1688 decet.
932 1657 1042 1689 Theb.
1059 1666 1142 1689 vni.
1157 1660 1232 1690 5⁷1.
1258 1666 1329 1689 xu-
1343 1659 1432 1690 ⁷36!
1456 1659 1693 1692 Markl.—l50

231 1699 321 1730 Edd.
339 1705 424 1731 vett.
452 1699 573 1730 omnis.-
598 1699 745 1730 mutavit
764 1699 1108 1732 Marklandus.--l52
1133 1700 1238 1732 Aldd.
1253 1701 1362 1733 Colin.
1379 1701 1512 1743 Grypo.
1527 1704 1594 1734 &c.
1619 1704 1693 1735 reli·

229 1742 417 1783 quin—154
434 1743 443 1760 ‘
458 1741 559 1773 Hunc
575 1742 684 1773 locum
701 1741 870 1782 integrum
886 1752 961 1774 esse
977 1742 1087 1774 credit
1102 1743 1311 1783 Gevartius;
1331 1753 1396 1775 non
1414 1754 1492 1785 ego.
1536 1745 1694 1786 Conjicio

230 1785 409 1826 archetypi
427 1784 631 1825 scripturam
649 1785 734 1815 hanc
749 1783 873 1816 fuisse:
897 1785 1048 1816 Attamen
1062 1789 1108 1817 est
1121 1791 1263 1825 gratum.
1309 1787 1424 1818 Facile
1440 1787 1506 1819 fuit
1529 1789 1694 1829 imperitis

230 1828 309 1859 olim
326 1826 598 1867 exscriptoribus
615 1837 676 1868 pro
690 1827 840 1858 Attamen
856 1827 1064 1860 substituere
1083 1828 1159 1867 fata
1181 1832 1298 1866 tamen,
1319 1829 1443 1861 deinde
1460 1836 1695 1872 transponere,

231 1875 268 1902 et
284 1870 368 1901 locis
385 1870 452 1901 suis
469 1879 606 1902 movere
623 1879 725 1901 voces
751 1870 848 1909 illas;
875 1871 963 1911 quod
985 1871 1085 1902 nimis
1113 1881 1206 1911 saepe
1231 1872 1395 1903 accidisse
1412 1878 1536 1904 norunt
1552 1873 1691 1905 Criticoe

230 1913 416 1944 antistites.
461 1913 525 1944 Vel
551 1912 601 1944 sic
624 1913 722 1953 lege:
750 1913 853 1944 Grata
877 1913 948 1945 huic
967 1913 1042 1952 sata
1067 1918 1193 1951 tamem
1214 1921 1251 1945 ut
1274 1914 1314 1946 τὸ
1330 1914 1407 1953 fata
1429 1916 1471 1947 sit
1495 1916 1692 1949 nominandi

229 1966 339 1988 casus,
385 1956 443 1987 Sic
461 1955 636 1988 minimum
651 1955 808 1987 discedes
831 1965 852 1987 a
867 1956 1023 1997 vestigiis
1039 1957 1226 1989 communis
1241 1957 1447 1999 scripturae?
1471 1959 1564 1991 cruc.
1610 1959 1692 1991 Vul-

914 2041 1057 2073 NOTAE

230 2105 280 2137 thi
297 2103 414 2137 furore
429 2110 609 2146 correptus
627 2106 813 2137 Learchum
828 2105 935 2138 filium
990 2107 1064 2148 gius
1077 2107 1239 2149 Jupiter‚'
1254 2113 1291 2141 et
1313 2107 1518 2149 καταχθόνιος
1539 2107 1623 2148 Ζεὺς,
1637 2109 1694 2141 In-

231 2156 366 2197 sagittis
394 2155 550 2188 confixit.
595 2156 685 2187 Vide
710 2156 820 2188 Theb.
838 2165 863 2188 ι.
881 2159 934 2189 12.
982 2157 1076 2196 serus
1099 2158 1242 2199 Jupiter.
1287 2159 1377 2191 Haec
1403 2159 1482 2191 vitae
1504 2159 1692 2202 mortisque

230 2205 401 2247 flecteret]
425 2206 467 2238 ld
482 2210 546 2244 est,
563 2206 765 2239 deflecteret
780 2206 823 2239 ad
839 2207 935 2249 hujus

230 2262 456 2297 conspectum
470 2267 585 2290 arcum
603 2267 711 2290 suum.

275 2309 337 2339 144
360 2307 457 2340 Hunc
473 2318 644 2349 quanquam
659 2309 833 2341 Hectoreos
852 2309 933 2341 cine-

228 2367 291 2397 res,
304 2358 488 2399 Trojamque
495 2369 634 2400 perosus,
649 2359 799 2391 Turribus
808 2360 934 2401 ePhry-

227 2407 293 2447 g-iis
312 2408 423 2449 flesset
448 2410 599 2441 missurus
629 2409 770 2452 Ulysses]
795 2411 934 2452 Uiysses

229 2458 320 2490 enim
337 2463 413 2499 post
426 2464 562 2500 captam
575 2461 712 2502 Trojam
725 2460 936 2501 Astyanacta

230 2509 395 2540 Hectoris
412 2509 518 2541 filium
531 2510 575 2542 de
593 2516 687 2542 turre
697 2512 936 2552 praecipitasse

231 2558 368 2591 dicitur.
413 2560 543 2592 Notum
581 2567 696 2593 autem
735 2568 788 2603 est
821 2562 936 2594 odium

231 2609 364 2651 Ulyssis
379 2609 413 2641 in
429 2614 539 2642 totum
554 2621 662 2651 genus
678 2611 819 2644 Priami.

277 2662 338 2691 147
364 2661 491 2692 Crinem
505 2664 589 2692 tenet
603 2661 706 2700 infera
718 2662 818 2703 Juno]
840 2661 935 2694 Infe-

231 2718 267 2740 ra
282 2709 387 2750 Juno,
402 2715 455 2741 est
472 2710 692 2751 Proserpina,
706 2722 782 2753 quae
809 2712 936 2744 dicitur

229 2759 333 2799 irffera
347 2761 444 2802 Juno,
461 2761 551 2793 sicut
565 2761 668 2793 Pluto
681 2767 825 2794 vocatur
838 2765 847 2780 ‘
859 2762 934 2805 sty-

990 2218 1132 2250 praeses,
1146 2208 1357 2251 fingiturque
1371 2209 1546 2242 morituris
1562 2210 1693 2242 crinem

989 2268 1122 2300 secare,
1142 2264 1180 2292 et
1201 2260 1262 2292 has
1285 2259 1381 2301 quasi
1401 2259 1571 2301 primitias
1596 2259 1693 2291 Orco

989 2308 1126 2342 offerre.
1169 2309 1227 2342 Sic
1242 2309 1308 2342 Iris
1323 2308 1437 2342 aufert
1459 2309 1585 2341 Didoni
1599 2308 1691 2350 apud

990 2359 1190 2401 Virgilium:
1214 2361 1224 2378 ⁴
1242 2360 1402 2392 Nondum
1410 2360 1459 2391 illi
1469 2358 1594 2392 flavum
1606 2359 1691 2391 Pro-

989 2410 1126 2450 serpina
1149 2410 1282 2442 vertice
1307 2409 1436 2441 crinem
1467 2409 1692 2440 Abstulerat:

988 2459 1045 2491 Sic
1060 2458 1150 2500 apud
1176 2459 1376 2500 Euripidem
1403 2458 1515 2490 Orcus
1537 2458 1690 2491 introdu-

990 2509 1091 2548 citur,
1121 2508 1179 2550 qui
1208 2508 1346 2540 auferat
1374 2508 1502 2540 crinem
1538 2507 1690 2541 Alcestae

990 2559 1177 2591 moriturae.

1032 2611 1095 2642 154
1115 2609 1252 2640 Gratum
1265 2611 1323 2648 est,
1344 2607 1442 2647 Fata,
1462 2606 1582 2648 tamen]
1607 2608 1690 2640 For·

989 2661 1080 2692 mula
1095 2658 1212 2691 flebile
1233 2658 1468 2699 gaudentium,
1483 2668 1560 2690 cum
1577 2663 1691 2690 tamen

989 2716 1044 2744 est
1064 2709 1194 2752 aliquid
1218 2714 1288 2742 tam
1304 2719 1395 2742 saevo
1410 2709 1444 2741 in
1461 2714 1617 2751 tempore
1633 2711 1692 2742 lae-

990 2766 1073 2795 tum.
1116 2761 1174 2794 Sic
1195 2761 1300 2794 Theb.
1318 2770 1386 2794 xn.
1410 2761 1530 2803 Argia,
1549 2761 1689 2794 invento
