1800 3060
169 189 255 232 134
675 202 715 231 P.
747 201 940 233 PAPlNu
973 201 1138 233 STA'ru

173 297 353 339 Plaudit
369 309 507 352 aquas
525 309 535 339 :
567 297 647 338 illa
663 298 850 339 recubat
870 298 1095 339 Tiburnus
1116 298 1163 339 in
1183 299 1352 350 umbra,

173 365 277 407 Illic
298 365 519 406 sulfureos
536 364 663 418 cupit
684 363 854 406 Albula
873 378 1067 417 mergere
1087 365 1241 407 crines.

176 432 296 474 Haec
317 432 477 473 domus
500 433 694 484 AEgeriae
714 433 979 474 nemoralem
1000 432 1234 487 abjungere
1255 433 1468 485 Phoeben,

176 499 232 541 Et
254 499 484 553 Dryadum
506 499 685 541 viduare
707 501 851 541 choris
874 500 1066 553 algentia
1085 500 1233 554 possit

176 567 396 620 Taygeta,
418 571 464 607 et
481 566 622 620 sylvis
642 579 862 608 arcessere
886 566 1012 608 Pana
1034 567 1228 621 Lycaeis.

1575 369 1632 410 ’75

178 687 315 717 natando
335 685 503 726 pellucidas
526 696 632 727 aquas.
680 686 752 718 Illic
777 686 934 719 Tiburnus
957 687 991 718 in
1011 686 1120 719 umbra
1144 687 1279 720 recubat.
1326 688 1399 720 Illic
1419 688 1534 720 Albula
1552 692 1639 730 optat

179 730 310 759 condere
324 729 478 767 sulfureas
490 739 605 760 comas.
636 729 718 761 Hoec
733 731 809 761 villa
820 734 923 770 posset
938 731 1070 762 avellere
1093 730 1232 762 Dianam
1248 731 1469 763 Nemorensem
1489 731 1528 763 ab
1541 733 1641 771 AEge-

179 770 242 811 ria,
258 781 294 802 ac
314 771 443 812 privare
460 771 588 812 frigida
605 772 745 814 Taygeta
759 773 887 804 coetibus
902 774 1078 814 Dryadum,
1095 776 1127 805 et
1141 774 1290 807 advocare
1306 774 1398 806 Pana
1411 784 1450 806 ex
1463 774 1562 816 sylvis
1575 775 1638 816 Ly-

795 856 1031 869 mmm

179 923 343 953 659.--74
370 921 531 954 Tiberinus
545 923 578 953 in
595 921 703 953 umbra
718 920 887 953 Avantius
914 922 948 953 in
973 921 1076 954 Aldd.
1104 922 1194 964 quod
1219 921 1449 962 praetulerunt
1475 920 1640 954 Politian.

181 964 327 995 Gevart.
351 964 458 996 Bern.
483 971 518 997 et
545 965 775 1004 Lindenbrog.
804 965 973 996 Tibur-inus
998 966 1120 996 venet.
1151 968 1181 996 1.
1207 965 1375 1005 Tiburnus,
1401 969 1593 996 correctum
1621 974 1642 996 a

183 1006 367 1038 calderino
383 1012 419 1038 et
434 1008 511 1040 Jac.
528 1017 547 1038 a
564 1008 688 1045 Cruce,
709 1007 838 1047 legitur
853 1008 887 1039 in
903 1008 1003 1039 Urat.
1027 1007 1125 1039 Leid.
1152 1008 1235 1039 Par.
1262 1013 1299 1038 et
1323 1007 1356 1038 in
1380 1007 1456 1038 edd.
1485 1006 1644 1040 Grasser.

184 1048 328 1081 Gevart.
358 1055 395 1081 et
425 1050 459 1081 in
488 1050 578 1082 notis
614 1049 955 1090 Lindeubrogii.—75
988 1050 1112 1082 venet.
1147 1053 1176 1082 1.
1205 1050 1405 1090 sulphureos;
1438 1050 1537 1082 Urat.
1566 1059 1643 1081 cum

183 1093 312 1123 ceteris
343 1092 423 1124 edd.
463 1097 549 1125 vett.
581 1092 830 1130 sulfureos—⁷6
863 1093 987 1124 Morel.
1023 1093 1174 1124 correxit
1202 1094 1342 1132 AEgeriae
1376 1101 1498 1123 nemore
1532 1093 1645 1124 almam

183 1134 354 1174 abjungere
379 1135 539 1173 Phoebem
563 1136 660 1167 Urat.
686 1135 835 1167 Vindob.
860 1136 938 1167 Par.
964 1137 1088 1167 Venet.
1114 1138 1146 1168 1.
1176 1136 1274 1167 Rom.
1299 1139 1338 1166 et
1360 1141 1486 1166 ceterae
1502 1135 1647 1167 Venett.

184 1177 376 1216 adjung-erm
398 1179 548 1208 correxit
565 1177 732 1209 Avantius
748 1178 779 1208 in
794 1177 874 1209 Ald.
892 1182 921 1211 l.
942 1179 1063 1218 Egeria
1082 1179 1126 1210 N.
1152 1179 1320 1218 abjungere
1347 1178 1453 1208 edidit
1476 1177 1646 1210 Handius.

185 1222 270 1251 —77
294 1220 420 1251 Venet.
438 1223 468 1251 1.
492 1220 617 1252 viduare
642 1221 747 1252 thoros
770 1222 932 1261 algentia,-
954 1222 1072 1253 Parm.
1094 1222 1323 1261 algeona.-·78
1347 1221 1482 1260 Taigeta
1503 1224 1533 1252 et
1558 1221 1647 1252 silvis

187 1271 324 1294 acersere
340 1263 382 1295 P.
399 1262 499 1294 beatis
513 1264 638 1295 Venet.
659 1267 687 1295 1.
714 1273 866 1296 accessere
891 1264 992 1297 Urat.
1016 1273 1173 1297 accersere
1188 1269 1315 1296 ceterae
1329 1263 1468 1295 Venett.
1493 1272 1646 1295 arcessere

847 1358 989 1392 No'rAE

229 1435 272 1465 73
296 1433 335 1465 In
349 1434 478 1475 stagna]
501 1413 577 1467 Pe'rl
592 1438 706 1476 stagna
721 1438 790 1467 tres
816 1435 893 1468 illos

187 1485 296 1522 lacus,
315 1495 399 1527 qnos
426 1485 513 1517 Anio
535 1485 652 1518 defert
677 1487 709 1517 in
733 1486 894 1527 Tiberim,

189 1534 365 1576 intelligit.
411 1535 479 1567 Eos
506 1537 648 1569 Tacitus
676 1536 894 1569 ‘Simbruina

949 1437 994 1468 Et
1013 1436 1070 1468 lib.
1098 1446 1148 1468 ιν.
1165 1439 1267 1469 vocat
1291 1435 1302 1454 ⁴
1324 1434 1447 1467 crudas
1471 1434 1614 1467 Albulas
1627 1431 1648 1466 :'

949 1487 959 1505 ‘
984 1487 1175 1519 Crudarum
1212 1487 1337 1519 nebula
1380 1485 1470 1529 quod
1506 1485 1648 1518 Albula-

948 1537 1047 1570 rum.'

189 1584 331 1626 stagna’
360 1584 497 1617 videtur
524 1588 712 1628 appellare,
738 1587 893 1619 scribens

191 1634 284 1667 Ann.
308 1644 384 1667 xiv.
413 1636 503 1677 apud
530 1637 588 1668 illa
613 1636 716 1669 fuisse
745 1637 893 1669 Neronis

190 1686 305 1718 villam
325 1686 570 1719 Sublacensem
594 1687 629 1719 in
645 1687 768 1719 finibus
779 1687 896 1719 Tibur·

191 1736 396 1778 tium‚cujus
406 1737 511 1769 etiam
525 1739 706 1770 Frontinus
719 1738 760 1770 de
770 1737 895 1781 Aquae-

192 1786 354 1819 ductibus
369 1788 538 1820 meminit.

236 1841 278 1870 74
300 1839 433 1871 Plaudit
462 1841 572 1883 aquas]
598 1840 771 1872 Domitius
797 1840 897 1872 intel·

193 1888 271 1931 ligit
293 1899 396 1931 aquas
421 1891 573 1931 Martiae,
596 1900 658 1931 ego
685 1901 766 1923 vero
793 1891 897 1932 ipsius

193 1949 297 1981 aquas
313 1940 437 1972 Anieni
454 1941 506 1972 vel
523 1942 623 1972 trium
639 1941 775 1973 lacuum
799 1941 899 1973 intel-

193 1991 278 2032 ligo.
324 1991 492 2032 Tiburnus]
536 1992 707 2023 Tiburnus
746 1992 899 2023 Domitio

195 2040 315 2081 genius
342 2045 395 2073 est
419 2042 487 2074 loci
510 2052 530 2074 a
549 2041 676 2074 Tibure
700 2041 750 2073 sic
775 2041 900 2075 dictus.

196 2091 263 2122 Sed
294 2091 468 2124 Tiburnus
499 2096 553 2124 est
584 2092 743 2125 conditor
765 2092 899 2124 Tiburis

196 2143 254 2184 qui
278 2143 325 2175 ibi
349 2144 542 2185 colebatur,
556 2149 592 2177 et
617 2145 732 2176 lucum
755 2144 901 2177 babebat

196 2194 344 2226 Horatio
360 2195 581 2235 nominatum,
597 2195 606 2213 ‘
620 2194 761 2226 Tiburni
778 2194 901 2226 lucus.'

195 2243 266 2276 Alii
287 2245 407 2285 legunt
422 2245 620 2286 Tiberinus,
633 2245 750 2286 sicque
772 2245 900 2276 intelli-

197 2301 338 2337 geretur
352 2297 486 2329 Tiberis
502 2296 736 2329 subterraneis
758 2296 850 2328 tubis
866 2296 900 2327 in

197 2346 311 2378 villam
328 2347 450 2378 Manlii
473 2347 680 2389 perductus3
704 2356 781 2378 narn
799 2346 899 2378 Tibe-

195 2397 243 2428 ris
258 2406 375 2438 agrum
391 2398 609 2430 Tiburtinum
627 2407 694 2430 non
708 2397 815 2429 alluit.

240 2450 282 2479 75
306 2448 379 2479 Illic
403 2449 554 2488 sulfureos
571 2449 657 2490 cupit
680 2447 796 2480 Albula
821 2457 900 2479 mer-

195 2508 272 2539 gere
306 2498 422 2539 crines]
459 2499 573 2530 Albula
608 2499 664 2530 hic
699 2498 902 2539 intelligitur

199 2550 362 2591 Nympha
374 2548 589 2581 Albularum.
613 2548 792 2589 Sulfureos]
808 2549 903 2580 Mar-

199 2601 292 2632 tialis
321 2599 381 2631 lib.
413 2609 438 2631 1.
470 2599 572 2640 Epig.
601 2604 702 2631 vocat
735 2598 901 2631 sulfureas

201 2652 305 2683 etiam
330 2659 435 2692 aquas
453 2649 608 2681 Albulae:
630 2652 638 2668 ‘
656 2650 734 2681 Itur
757 2650 798 2681 ad
815 2649 905 2681 Her-

201 2701 288 2733 culei
315 2700 445 2741 gelidas
468 2709 535 2742 qua
554 2699 690 2731 Tiburis
712 2708 825 2740 arces,
842 2699 906 2730 Ca·

200 2760 310 2794 nuque
333 2750 490 2783 sulfureis
505 2749 631 2782 Albula
655 2748 765 2782 fumat
788 2748 908 2792 aquis.’

989 1590 1033 1619 76
1056 1587 1138 1619 Haec
1148 1587 1269 1628 domus]
1293 1587 1420 1628 Supple
1434 1585 1568 1619 Manlii.
1592 1587 1649 1618 AE-

946 1637 1062 1678 gerioe]
1085 1638 1221 1678 AEgeria
1235 1637 1409 1679 Nympha,
1424 1647 1499 1679 quae
1516 1636 1651 1669 coleba-

951 1692 1007 1720 tur
1031 1688 1066 1719 iu
1092 1688 1234 1720 Aricino
1259 1688 1348 1719 lacu.
1402 1687 1468 1719 Illa
1491 1692 1550 1719 est
1573 1696 1652 1719 cum

952 1747 1017 1780 qua
1049 1737 1163 1770 Numa
1190 1737 1371 1770 simulabat
1398 1747 1437 1769 se
1464 1742 1653 1770 nocturnos

953 1796 1157 1829 congressus
1171 1787 1311 1828 habere,
1326 1787 1368 1819 ab
1393 1795 1502 1828 eaque
1517 1786 1653 1828 accipe·

951 1847 988 1869 re
1004 1847 1080 1879 quae
1096 1837 1138 1868 ad
1155 1836 1481 1868 administrationem
1503 1835 1654 1877 Reipub-

951 1889 1041 1928 licae,
1057 1893 1091 1920 et
1107 1887 1150 1919 ad
1165 1897 1266 1919 sacra
1280 1886 1560 1928 caerimoniasque
1577 1886 1655 1918 reli-

953 1938 1060 1979 gionis
1078 1937 1308 1978 pertinebant.
1343 1936 1542 1968 Nemoralem
1561 1935 1656 1967 Phoe-

953 1987 1025 2028 ben]
1048 1987 1216 2028 lntelligit
1238 1987 1388 2019 Dianam
1405 1986 1592 2026 Aricinam,
1603 1995 1658 2018 ne·

953 2040 1100 2071 moralem
1111 2048 1169 2070 seu
1181 2046 1415 2069 nemorensem
1426 2036 1480 2069 dic
1486 2043 1567 2077 tam,
1576 2037 1657 2078 quia

955 2090 988 2122 in
1012 2098 1149 2121 nemore
1169 2088 1309 2119 Aricino
1327 2087 1517 2128 colebatur,
1540 2087 1655 2129 ibique

955 2141 1118 2182 templum
1134 2139 1292 2171 habebat.
1329 2137 1465 2170 Phoeben
1479 2147 1560 2169 vero
1576 2137 1658 2170 Dia-

955 2201 1047 2232 nam,
1062 2192 1139 2231 quia
1153 2191 1250 2222 Luna
1265 2193 1301 2221 et
1310 2189 1427 2220 Diana
1441 2197 1510 2220 una
1524 2187 1660 2220 eadem-

954 2252 1022 2285 que
1037 2243 1122 2274 Dea.

998 2297 1039 2326 77
1075 2292 1260 2335 Dryadum]
1290 2292 1450 2333 Dryades
1487 2292 1659 2333 Nympha

956 2344 1058 2386 sylvis
1070 2343 1307 2384 praesidentes,
1317 2351 1392 2383 quae
1403 2345 1508 2374 noctu
1519 2343 1660 2374 choreas

955 2405 1059 2436 agere
1073 2393 1316 2426 credebantur.

997 2448 1040 2477 78
1064 2444 1217 2485 Taygeta]
1239 2442 1397 2483 Taygeta
1408 2450 1467 2473 seu
1481 2441 1659 2483 Taygetus

956 2506 1052 2528 mons
1070 2496 1225 2527 Laconiae
1241 2494 1376 2525 Baccho
1397 2502 1507 2525 sacer.
1551 2493 1660 2535 Pana]

957 2547 1046 2583 Pan,
1069 2555 1128 2576 seu
1145 2545 1326 2586 Sylvanus,
1346 2543 1442 2574 Deus
1471 2546 1659 2584 pastorum.

957 2596 1064 2638 Sylvis
1093 2594 1231 2636 Lycaeis]
1266 2593 1308 2624 Id
1341 2597 1408 2632 est,
1446 2593 1551 2634 sylvis
1581 2600 1661 2636 quae

958 2652 1039 2678 sunt
1061 2646 1094 2678 in
1121 2646 1247 2687 Lycaeo
1269 2647 1385 2675 monte
1409 2642 1582 2685 Arcadiae,
1603 2644 1662 2686 qui

959 2705 1058 2729 sacer
1086 2694 1172 2727 Pani
1199 2698 1284 2726 erat.
1327 2693 1414 2726 Vult
1442 2703 1524 2726 vero
1549 2694 1664 2728 Poeta

961 2751 1092 2780 tantam
1119 2746 1353 2779 amoenitatem
1376 2753 1453 2778 esse
1474 2745 1660 2780 Manlianus
