1800 3060
563 250 840 283 synvsauu
876 249 970 280 nin.
1002 250 1067 280 ιν.
1095 238 1138 280 4.

127 351 188 395 Et
204 363 360 407 pacem
376 349 501 404 piger
519 334 840 399 annus-haben
860 359 1117 401 messesque
1137 358 1327 389 reversae

1495 237 1583 281 439

1522 345 1580 387 40

128 419 348 462 Dimisere
366 417 506 458 forum
525 428 536 457 :
566 428 648 457 nec
661 414 758 469 jam
774 415 854 456 tibi
874 415 998 456 turba
1014 426 1187 456 reorum

125 485 379 536 Vestibulo‚
398 483 625 538 querulive
643 488 801 536 rogant
818 483 939 524 exire
958 482 1160 525 clienteS.

127 555 292 597 Cessat
311 552 497 595 Centeni
516 550 786 593 moderatrix
801 549 832 591 J
835 549 981 591 udicis
999 549 1144 600 hasta,

127 621 231 673 Qua
251 621 335 662 tibi
353 619 531 661 sublimi
545 619 641 673 jam
659 631 772 660 nune
791 618 1073 659 celeberrima
1090 618 1211 660 fama

125 688 312 739 Eminet,
331 693 378 730 et
396 687 590 742 juvenes
610 685 816 728 facundia
837 684 1035 740 praeterit
1054 698 1205 727 annos.

126 757 260 799 Felix
279 756 506 799 curarum!
537 756 611 797 cui
630 767 719 796 nou
742 754 986 796 Heliconia
1006 754 1131 795 cordi

124 824 267 874 Serta,
290 836 371 865 nec
389 815 595 864 imbelles
618 822 806 863 Parnasi
826 834 852 862 e
870 822 1034 862 vertice
1053 821 1207 862 laurus
1224 835 1235 863 :

125 891 216 934 Sed
239 892 355 946 viget
374 891 611 945 ingenium,
631 894 674 932 et
693 902 874 943 magnos
894 889 1124 931 accinctus
1143 889 1188 930 in
1206 902 1316 932 usus

125 959 231 1002 Fert
245 959 416 1001 animus
431 970 733 1014 quascumque
754 959 901 999 vices:
932 969 1013 997 nos
1034 957 1129 999 otia
1149 957 1248 999 miti

120 1025 331 1069 Solamur
349 1031 500 1077 cautu,
519 1031 791 1081 ventosaque
812 1025 975 1080 gaudia
994 1025 1127 1067 famae

1522 1028 1579 1070 50

125 1091 398 1145 Quaerimus.
457 1093 526 1136 En
546 1097 723 1147 egomet
741 1106 962 1143 somnum,
981 1097 1024 1134 et
1043 1093 1217 1147 geniale
1238 1098 1421 1136 secutus

129 1204 236 1244 tegitis
257 1214 357 1236 nnus
383 1207 491 1246 captat
514 1205 658 1245 quietem,
681 1207 710 1235 et
737 1205 900 1235 redeuntes
925 1213 1036 1235 messa
1054 1205 1231 1235 clauserunt
1242 1205 1365 1243 sorum.
1410 1206 1477 1238 Nec
1491 1207 1586 1239 turba

128 1257 252 1279 remu
273 1251 319 1278 est
341 1247 374 1278 ιἰι
400 1251 453 1278 tao
478 1247 641 1286 vestibulo,
656 1250 688 1279 et
711 1248 830 1288 queruli
852 1247 979 1278 clientes
997 1250 1107 1287 petunt
1125 1247 1584 1287 dimitti.11aetajudicialu

133 1290 367 1321 Centuriam-im
380 1291 511 1329 otiatur,
536 1290 590 1321 abi
612 1293 668 1321 tua
691 1289 865 1330 eloquentia
877 1290 949 1328 J'cm
969 1299 1050 1320 nanc
1063 1290 1224 1321 notissima
1238 1290 1460 1330 &gratisono
1473 1292 1583 1333 enitet,

129 1336 162 1364 et
175 1332 478 1374 apemjuvenilen
493 1313 629 1364 ham.
676 1333 769 1364 Felix
781 1332 908 1371 studiis,
921 1333 972 1363 cui
984 1342 1103 1364 corone
1118 1333 1291 1364 Hdiooniae
1305 1343 1367 1365 non
1378 1335 1515 1374 placent,
1527 1346 1584 1368 nec

127 1375 244 1407 ina-tes
257 1375 364 1407 leam
377 1376 481 1415 ejugo
497 1375 664 1407 Parnassi.
661 1374 673 1397 Ι
692 1377 747 1406 sed
760 1375 919 1415 inge-ium
933 1376 1032 1415 viget,
1047 1379 1079 1406 et
1092 1377 1214 1407 mann
1226 1377 1390 1417 expeditne
1401 1378 1442 1408 ad
1456 1387 1586 1418 magnos

127 1427 212 1458 ms,
222 1418 354 1450 attinet
370 1428 589 1459 ςιιιιησιιιιιφιε
603 1419 815 1450 mutationem.
863 1418 928 1449 Nos
943 1419 1109 1450 wultanus
1125 1419 1263 1451 carmine
1276 1419 1461 1451 desidiosam
1475 1421 1585 1461 titum,

128 1463 160 1493 d
173 1441 334 1502 eduam
345 1461 465 1502 gaudia
478 1465 613 1493 ventose
624 1461 737 1500 sumoe.
787 1461 837 1492 Ειι
860 1464 981 1500 egomet
1004 1465 1140 1493 matus
1163 1461 1308 1503 qideten,
1327 1466 1359 1494 et
1372 1463 1584 1504 volqetumm

730 1544 966 1557 ”ov-enemo

132 1610 330 1642 Parmensis
353 1610 454 1642 habet
478 1620 585 1642 romu.
588 1613 673 1642 -48
696 1611 810 1642 Parm-
836 1611 976 1650 accingit
999 1611 1033 1642 ιἰι
1058 1612 1242 1645 visua—49
1269 1613 1411 1646 Veneti.
1435 1617 1466 1646 1.
1490 1617 1522 1646 2.
1546 1618 1579 1648 3.

130 1656 162 1685 4.
186 1652 300 1685 Parm.
326 1653 423 1684 Rom.
450 1653 550 1684 Brix.
576 1653 714 1685 Vicent.
740 1652 845 1685 Aldd.
872 1654 982 1685 Coliu.
1006 1654 1104 1696 Gryp
1107 1655 1139 1686 h.
1165 1655 1271 1687 Basil.
1286 1656 1404 1688 Plant.
1431 1663 1578 1690 ceterae:

122 1696 191 1728 otia
202 1695 288 1727 vita.
290 1695 452 1728 —Lectio
467 1705 526 1728 nos
530 1702 581 1728 trs
597 1702 651 1728 est
667 1705 709 1728 ex
724 1696 861 1738 ingenio
872 1687 1079 1729 Marklaudi.
1081 1701 1165 1730 —51
1183 1699 1282 1731 Rom.
1297 1707 1335 1732 et
1350 1704 1419 1732 vet.
1432 1700 1579 1733 Linden-

773 1781 919 1814 NOTAE

164 1847 208 1877 ⁴¹0
230 1843 360 1887 Pacem]
382 1844 543 1877 inducias
569 1845 694 1887 litium,
709 1850 749 1878 ut
771 1847 821 1878 di-

120 1894 172 1928 cit
200 1895 357 1929 Plautus.
392 1897 492 1937 Piger
530 1896 646 1938 mus]
681 1897 724 1930 Id
753 1902 819 1938 est,

875 1858 951 1890 quae
966 1848 1137 1881 dabantur
1151 1849 1283 1890 Poetis,
1299 1850 1357 1893 qui
1373 1851 1529 1884 vicerant
1542 1853 1576 1884 in

874 1898 963 1930 ludis
979 1898 1171 1941 Gymnicis.
1196 1900 1309 1942 Cordi]
1333 1901 1451 1933 Innuit
1474 1902 1579 1944 Papi-

120 1950 256 1988 tempus
274 1947 365 1987 anni,
381 1955 449 1989 qno
470 1945 565 1978 ferite
593 1951 704 1987 erant,
718 1957 820 1988 prop·

119 1999 175 2028 ter
189 1997 353 2029 maximos
369 1998 501 2029 aeststis
515 1998 658 2030 calores.
684 1998 819 2029 Messes-

119 2057 180 2089 que
193 2056 325 2079 reverse
346 2047 633 2089 Dimisereforam]
657 2048 748 2081 Quia
770 2047 821 2080 fe·

121 2096 182 2127 riae
207 2095 377 2128 (labantur
406 2097 451 2128 ob
480 2107 619 2138 messes,
641 2102 677 2129 et
702 2098 819 2130 vinde-

118 2146 218 2184 mias,
227 2152 266 2177 ut
280 2157 322 2178 ex
332 2146 414 2188 jure
425 2147 611 2188 colligitur.
656 2149 712 2180 De
728 2150 819 2181 aesti-

120 2197 172 2228 vis
201 2197 360 2229 messium
389 2195 485 2229 feriis
511 2198 646 2230 Gellius
674 2198 737 2231 lib.
765 2208 818 2232 rx.

120 2247 254 2280 Plinius
283 2248 345 2280 lib.
375 2257 458 2280 vm.
486 2249 550 2289 Ep.
578 2251 633 2281 21.
689 2254 699 2268 ‘
725 2250 819 2284 Julio

118 2298 261 2339 mense,'
275 2299 398 2341 inquit,
420 2300 431 2318 ‘
447 2299 594 2331 maxime
612 2300 692 2332 lites
713 2301 819 2332 iuter·

119 2349 322 2392 quiescunt!
364 2349 418 2381 De
443 2349 539 2381 feriis
553 2360 635 2382 vero
655 2351 819 2384 vindemi-

121 2408 217 2431 arum
229 2399 308 2431 vide
332 2399 522 2441 Epistolam
536 2400 572 2432 S.
587 2401 752 2442 Cypriani
773 2402 818 2434 ad

120 2449 300 2482 Donatum
328 2450 438 2482 initio.
480 2450 569 2482 Vide
601 2456 637 2483 et
665 2452 818 2494 Lampri-

120 2499 214 2532 dium
249 2500 284 2532 iu
321 2500 561 2542 Heliogabalo,
595 2506 631 2534 et
670 2502 816 2535 Paulum

119 2550 313 2583 Diaconum
328 2551 481 2593 Longob.
495 2552 554 2584 lib.
570 2561 629 2585 111.
641 2562 716 2594 cap.
729 2556 762 2586 6.

161 2603 205 2633 4³
228 2601 337 2633 cessat
349 2602 480 2633 Centenz'
493 2604 686 2635 moderatrix
694 2605 821 2636 Judicis

120 2651 227 2692 δαΐα]
249 2652 418 2693 Intelligit
441 2655 718 2688 centumuiralem
742 2658 816 2689 has·

123 2702 207 2733 tam.
246 2703 377 2734 Gentem·
401 2704 541 2746 ericis,
569 2704 611 2736 Id
639 2710 705 2742 est,
730 2707 818 2739 Ceu·

123 2750 314 2784 tumis-um.
333 2753 426 2784 Vide
440 2753 553 2786 Soter.
570 2755 688 2787 Rutilii
702 2766 750 2788 vs.
761 2759 817 2790 24.

166 2802 210 2833 48
231 2800 397 2835 Heliconia
411 2802 519 2845 Serta]
545 2804 586 2836 ld
601 2809 667 2845 ent,
682 2815 816 2840 coronae

875 1949 960 1989 nius,
985 1949 1187 1982 Marcellum
1215 1960 1284 1983 non
1306 1953 1500 1985 exercuisse
1523 1963 1577 1985 ar-

876 2003 946 2030 tem
963 1999 1146 2041 poeticam,
1160 2000 1221 2032 sed
1246 2005 1356 2034 totum
1384 2012 1419 2034 se
1438 2002 1576 2035 dedisse

874 2050 1090 2091 eloquentiae.
1135 2050 1463 2094 Eloquentissimum
1487 2055 1576 2086 enim

874 2098 978 2132 fuisse
994 2101 1200 2134 Marcellum
1216 2107 1316 2144 patet
1327 2112 1372 2135 ex
1383 2104 1574 2136 Institutio·

872 2150 969 2182 nibus
985 2152 1198 2185 Quintiliani.

915 2204 957 2234 47
979 2202 1139 2244 Ῑηιὸεῑῑεε]
1162 2202 1204 2235 Id
1226 2208 1294 2244 est,
1315 2203 1483 2245 pacificae,
1507 2214 1574 2237 non

872 2253 1045 2294 clarnosae,
1060 2263 1124 2286 nec
1141 2254 1362 2294 turbulentae,
1377 2260 1416 2286 ut
1443 2257 1575 2288 exerci-

874 2303 1021 2334 tationes
1037 2303 1202 2343 forenses,
1217 2309 1254 2335 et
1263 2304 1458 2345 judiciales.
1492 2307 1575 2338 Par-

871 2353 955 2394 nasi]
977 2354 1167 2386 Parnassus
1181 2364 1277 2387 mons
1293 2355 1471 2398 Phocidis,
1494 2357 1574 2389 Mu-

871 2404 916 2436 sis
932 2408 968 2436 et
985 2404 1136 2446 Apollini
1148 2415 1257 2438 sacer.

912 2456 956 2486 49
979 2455 1059 2486 Fert
1089 2455 1212 2487 animus
1246 2466 1447 2499 quascumque
1474 2459 1571 2500 vices]

870 2505 983 2547 Aptus
999 2509 1053 2537 est
1066 2506 1110 2537 ad
1125 2506 1239 2538 omnia
1255 2511 1325 2539 tam
1338 2508 1454 2540 civilia
1468 2519 1570 2551 quam

870 2555 997 2588 bellica
1024 2557 1151 2588 munia.
1207 2556 1325 2590 Infra:
1363 2558 1375 2576 ‘
1401 2558 1570 2592 Ausonias

871 2606 934 2639 ibis
949 2605 1098 2639 fraenare
1113 2607 1297 2641 cohortes?

912 2660 955 2688 50
982 2657 1189 2700 Veneomque]
1218 2659 1261 2691 Id
1291 2664 1355 2700 est,
1382 2671 1457 2702 quae
1487 2661 1570 2694 nihil

870 2707 997 2739 babent
1010 2709 1132 2749 solidi3
1154 2709 1259 2751 fluxa,
1274 2711 1419 2742 caduca.

912 2761 952 2790 51
978 2758 1128 2802 Geniale]
1150 2761 1370 2801 Vel‚uatale.
1395 2761 1484 2795 Quia
1498 2761 1568 2794 Ge-

870 2807 945 2841 nius
959 2809 1132 2841 nativitati
1148 2810 1311 2851 cujusque
1331 2819 1480 2852 praeesse
1495 2821 1569 2843 cre·
