1800 3060
214 208 301 252 520
718 218 759 248 P.
789 214 982 247 PAl’an
1014 215 1178 248 STA'rll

215 316 497 371 Auspicium,
519 315 686 368 quanto
709 316 936 355 manarent
956 311 1116 366 gaudia
1134 312 1254 362 fletu,

217 386 403 437 Quosve
423 383 572 424 darem
593 380 850 435 amplexus!
881 384 925 422 et
944 388 1059 421 nnnc
1077 380 1276 434 optanda
1294 380 1596 436 propinquant

215 452 412 494 Tristia?
476 449 532 491 Et
548 452 739 490 octonos
758 449 828 490 bis
841 448 938 503 jam
960 448 1044 490 tibi
1064 448 1218 490 circuit
1239 448 1370 490 orbes

217 518 349 571 Vita3
381 517 460 559 sed
482 517 678 571 angustis
696 517 871 559 animus
891 516 1117 558 robustior
1137 516 1277 566 annis,

219 585 568 640 Succumbitque
589 585 726 636 oneri,
747 588 791 627 et
811 590 1003 628 mentem
1024 597 1106 626 sua
1125 597 1216 627 non
1234 584 1360 638 capit
1378 587 1502 627 aetas.

219 654 320 696 Nec
340 654 497 695 mirum
520 665 531 694 ε
560 665 652 695 non
671 655 715 695 te
736 654 878 696 series
895 648 1111 696 inhonora
1130 656 1364 708 parentum

221 721 474 763 Obscurum
495 721 688 775 proavis,
710 726 755 763 et
775 722 937 776 priscae
956 721 1072 763 lucis
1092 725 1306 774 egentem,

220 789 412 831 Plebeia
432 788 486 830 de
506 789 642 844 stirpe
660 790 788 832 tulit:
817 803 906 831 non
928 789 1143 843 sanguine
1159 792 1309 831 cretus

218 856 432 907 Turmali‚
453 857 695 911 trabeaque
717 856 876 909 Remi;
904 871 988 899 nec
1010 869 1206 912 paupere
1227 857 1356 899 clavo

1615 314 1675 356 10

1616 652 1677 694 15

217 981 378 1016 funderem
393 985 526 1017 letitia?
548 995 657 1027 quosve
669 985 837 1026 proeberem
850 986 1011 1027 amplexus
1021 989 1035 1017 ?
1070 985 1218 1018 Etiamne
1231 988 1351 1027 tempu
1364 983 1456 1016 triste
1468 986 1501 1016 et
1510 983 1677 1025 optandam

218 1027 468 1068 appropinquat?
512 1029 556 1060 Et
562 1029 634 1068 jam
646 1029 786 1068 attigisti
798 1029 948 1060 decimum
962 1032 1085 1061 sextum
1098 1038 1211 1060 annum
1219 1039 1230 1060 .·
1251 1029 1306 1060 sed
1319 1028 1442 1062 animus
1454 1030 1549 1059 oetoto
1556 1025 1678 1066 sertim·

219 1072 267 1100 est
279 1079 290 1100 .-
312 1071 366 1102 illa
377 1071 465 1111 cedit¹
475 1073 575 1110 oneri,
597 1075 628 1103 et
642 1073 690 1103 tui
704 1071 778 1103 anni
791 1072 880 1103 illum
893 1082 954 1104 non
967 1072 1103 1112 capiunt.
1147 1073 1217 1103 Nec
1240 1072 1355 1104 mirum
1375 1074 1432 1103 ese.
1477 1070 1552 1102 Non
1576 1069 1678 1109 inglo—

219 1111 301 1142 rium
313 1117 478 1153 parentum
492 1117 622 1146 stemma
637 1118 668 1145 te
681 1115 856 1155 procreavit
867 1115 905 1146 de
918 1116 1006 1155 vulgi
1024 1115 1134 1155 sobole,
1155 1114 1291 1146 obscuris
1311 1113 1493 1154 majoribus,
1514 1115 1546 1144 et
1571 1121 1679 1144 caren-

220 1157 283 1185 tem
297 1156 424 1198 antiquo
439 1157 564 1189 lumine.
610 1158 685 1189 Non
701 1157 795 1189 etiam
809 1160 897 1188 ortus
916 1167 1032 1197 genere
1052 1157 1198 1199 equestri,
1221 1157 1349 1189 Remive
1369 1156 1489 1197 trabea,
1510 1165 1567 1188 nec
1594 1155 1678 1187 clavo

831 1251 850 1263 δ
855 1250 1069 1264 ΜΝ,

223 1323 292 1355 qua
308 1313 399 1349 Quod
422 1314 464 1351 si,
491 1318 531 1347 ut
557 1315 667 1348 edidit
696 1317 1023 1350 Marklandus.—-11
1046 1318 1172 1350 Venet.
1189 1321 1220 1351 1.
1243 1321 1275 1350 et
1289 1327 1327 1350 ne
1341 1316 1476 1359 optanda
1489 1313 1652 1357 propinqui
1666 1323 1680 1351 5

222 1357 342 1388 Parm.
359 1358 486 1390 venet.
503 1361 538 1390 2.
561 1364 597 1391 et
623 1359 724 1392 Rom.
746 1361 880 1392 etiamne
910 1362 1046 1402 optanda
1069 1361 1259 1403 propinqui;
1280 1360 1385 1393 Aldd.
1407 1359 1518 1392 Coiin.
1544 1357 1682 1399 Gryph.-

222 1399 330 1431 Basil.
357 1399 474 1432 piant.
500 1403 566 1433 ὅτε.
588 1402 724 1434 etiamne
749 1405 887 1445 optanda
911 1405 1131 1445 propinquant.
1175 1404 1336 1436 Correxit
1361 1401 1600 1438 MarkianduS‚
1620 1398 1679 1441 qui

222 1442 463 1484 suspicabatur
478 1445 648 1478 excidisse
666 1456 800 1478 versum
814 1451 894 1479 ante
902 1446 941 1478 τὸ
955 1447 1172 1480 Triuiae-12
1195 1447 1338 1480 Venett.
1351 1449 1383 1479 1.
1395 1449 1429 1478 2.
1445 1446 1563 1478 Parni.
1575 1443 1679 1475 Rom.

882 1542 1024 1576 NOTAE

223 1603 306 1635 nihil
319 1604 410 1636 enim
426 1606 488 1637 nisi
499 1606 678 1648 auspicato
691 1606 860 1648 gerebant
871 1617 928 1639 ve·
981 1609 1048 1650 bes]
1069 1609 1147 1642 Hoc
1168 1606 1331 1651 loquendi
1356 1605 1459 1639 modo·
1482 1599 1594 1637 innnit
1608 1596 1680 1635 'Pa-

222 1659 338 1694 teres;
365 1661 400 1688 et
410 1656 459 1688 sic
475 1656 532 1688 ubi
547 1657 672 1689 milites
684 1667 808 1689 nomen
823 1658 928 1690 dede-

222 1710 302 1736 rant
327 1706 471 1746 consuli,
505 1716 573 1739 non
603 1708 865 1740 ascribebantur
892 1709 928 1741 in

221 1756 392 1798 militiam,
417 1758 482 1790 nisi
511 1759 568 1791 ine
594 1759 748 1792 secunda
773 1761 929 1802 auspicia

221 1808 408 1842 habuisset.
461 1809 563 1841 Unde
587 1814 678 1842 natae
704 1810 775 1842 illae
801 1811 945 1843 locuti-.

225 1867 306 1889 ones
321 1857 519 1900 frequentes
541 1859 643 1892 Livio
658 1860 799 1902 aliisque
816 1860 924 1903 scrip'-

223 1909 366 1950 toribus,
387 1910 397 1927 ‘
412 1910 537 1942 ductu’
559 1915 596 1943 et
618 1911 817 1953 ‘auspicia’

267 1962 309 1991 10
334 1961 461 1996 Quanto
483 1966 648 1994 manarent
677 1963 798 2002 gaudia
823 1963 923 2005 fletu]

223 2009 434 2053 Hypallage‚
456 2021 519 2053 pro
539 2017 667 2054 quanto
684 2014 807 2054 gaudio
822 2013 925 2055 fletus

223 2067 416 2094 manarent.
460 2063 632 2095 Gaudium
659 2065 747 2095 enim
771 2074 848 2096 suas
877 2066 925 2096 ls-

227 2121 360 2154 crymas
389 2112 504 2145 habet.
547 2113 803 2155 Chrysothemis
833 2115 926 2156 apud

223 2163 428 2203 Sophociem
453 2162 489 2194 in
514 2163 672 2196 Electra:
696 2165 782 2206 χαρᾷ
801 2163 834 2196 δὲ
856 2164 927 2205 πίμ-

224 2213 321 2252 πλημ’
337 2212 422 2245 εὐθὺς
436 2213 518 2253 ὄμμα
531 2213 677 2256 δακρύων.
722 2216 800 2247 Prae
812 2217 928 2258 gaudio

225 2269 297 2296 sant
321 2266 438 2297 lamina
474 2265 576 2307 effusa
612 2267 766 2309 lacrymis.
813 2267 927 2299 Livius

225 2315 283 2347 lib.
313 2324 348 2347 v.
370 2316 558 2348 ‘Certatim
589 2317 743 2358 patribus
771 2318 929 2361 piebique

225 2375 365 2398 manare
382 2366 505 2408 gaudio
521 2367 705 2409 lacrymae!

270 2421 307 2449 u
336 2419 497 2460 Optanda]
518 2420 610 2454 Quia
640 2421 746 2454 clara.
794 2422 930 2465 Tristia]

226 2467 283 2500 Ob
299 2469 454 2509 pericula
475 2474 512 2503 et
525 2470 672 2504 laborer.
717 2472 776 2505 Sic
802 2473 930 2505 Pinda-

226 2528 285 2551 rus
305 2519 316 2537 ‘
329 2523 460 2560 optatae
487 2521 625 2554 virtutis
638 2526 648 2540 '
669 2523 790 2555 tristes
807 2523 929 2565 adjun-

226 2570 279 2612 git
290 2570 432 2603 comites
443 2571 608 2615 laborem,
618 2576 778 2612 sumtum,
792 2575 928 2616 pericu·

225 2621 324 2660 lum;
347 2621 402 2652 vel
426 2621 535 2653 tristia
555 2622 599 2654 ob
622 2623 813 2656 absentiam
837 2625 928 2657 Cris·

227 2671 313 2712 pini,
329 2679 396 2713 qua
408 2670 538 2704 Statius
553 2673 698 2706 multum
712 2674 802 2707 affici
823 2675 926 2708 debe-

226 2726 294 2754 ret.

272 2775 312 2806 12
337 2773 382 2805 Et
393 2775 517 2807 oetam
531 2773 656 2815 unjane
671 2775 731 2809 tibi
745 2776 857 2810 circuit
877 2787 927 2810 or-

982 1661 1095 1703 pinius
1124 1659 1318 1700 Crispinum
1347 1661 1485 1689 aetatem
1500 1654 1681 1686 militarem

982 1721 1082 1754 paene
1098 1710 1264 1751 attigisse.
1308 1708 1397 1740 Nam
1413 1710 1452 1738 nt
1476 1706 1525 1737 ait
1545 1703 1683 1736 Tubero

984 1763 1075 1806 apud
1106 1762 1150 1794 A.
1179 1760 1329 1793 Gellium
1364 1758 1424 1790 lib.
1458 1765 1496 1789 x.
1526 1761 1603 1796 cap.
1629 1756 1683 1787 18.

976 1821 987 1839 ‘
1000 1814 1141 1848 Servius
1155 1812 1286 1844 Tullius
1302 1819 1363 1842 rex
1377 1809 1607 1841 Romanorum
1620 1814 1683 1848 pn-

977 1877 1054 1901 eros
1070 1874 1146 1898 esse
1159 1860 1384 1900 existimavit,
1398 1858 1456 1900 qni
1466 1857 1614 1889 minores
1629 1864 1682 1887 es-

977 1921 1056 1951 sent
1078 1914 1177 1948 annis
1192 1910 1460 1954 septemdecimz
1483 1913 1585 1950 atque
1599 1905 1683 1938 inde

979 1968 1022 2001 ab
1034 1976 1121 2000 anno
1132 1963 1267 1996 decimo
1274 1960 1433 2002 septimo,
1448 1967 1532 2000 quos
1540 1956 1684 1989 idoneos

975 2020 1050 2061 jam
1078 2016 1179 2058 Reip.
1197 2023 1272 2047 esse
1297 2011 1535 2047 arbitraretur,
1557 2005 1687 2041 miiites·

981 2064 1187 2110 scripsisse!
1231 2062 1304 2096 Sub
1318 2061 1408 2094 bena
1423 2065 1535 2093 tamen
1549 2057 1683 2091 Punica

982 2118 1111 2152 attritis
1128 2116 1229 2157 Reip.
1244 2113 1380 2155 opibus,
1401 2109 1543 2143 Tribuni
1557 2107 1689 2151 plebis‚‘

982 2174 1020 2202 ut
1038 2168 1144 2201 refert
1171 2166 1287 2199 Livius
1315 2163 1477 2196 mnxxv.
1503 2159 1548 2192 nd
1574 2166 1684 2201 popu-

981 2221 1051 2252 lum
1068 2220 1234 2256 tulerunt,
1256 2219 1295 2247 ut
1309 2214 1368 2257 qui
1386 2213 1534 2244 minores
1549 2214 1685 2251 septem

984 2275 1020 2302 et
1035 2270 1156 2302 decem
1169 2267 1264 2300 annis
1275 2267 1488 2298 sacramento
1502 2261 1684 2301 dixissent,

983 2322 1023 2353 iis
1052 2319 1194 2362 pei-inde
1231 2315 1405 2358 stipendia
1441 2311 1684 2355 procederent,

983 2381 1025 2404 ae
1050 2372 1078 2404 si
1109 2370 1271 2412 majores,
1299 2366 1428 2398 milites
1447 2367 1566 2397 essent
1587 2361 1682 2405 faeti.

983 2421 1051 2454 Sed
1078 2419 1286 2463 prohibitum
1315 2423 1395 2449 mox
1420 2412 1571 2448 Gracchi
1593 2412 1682 2452 lego,

985 2473 1043 2515 qui
1058 2472 1163 2511 cavit,
1183 2471 1193 2491 ‘
1206 2478 1251 2502 ne
1267 2468 1378 2501 minor
1402 2466 1521 2498 decem
1546 2466 1584 2495 et
1603 2467 1682 2503 sep·

984 2528 1054 2556 tem
1071 2523 1168 2555 annis
1182 2521 1281 2553 miles
1294 2514 1492 2560 legeretur-⁵

1026 2577 1066 2606 14
1091 2574 1136 2605 Et
1149 2574 1281 2604 mentem
1293 2578 1350 2602 sua
1362 2576 1425 2600 aa·
1436 2564 1520 2606 capit
1533 2559 1628 2602 otae]
1638 2560 1681 2593 Id

982 2630 1047 2665 est,
1073 2623 1243 2666 sapientia
1267 2624 1303 2654 et
1325 2614 1567 2656 minusnntnjus
1582 2611 1683 2656 paeri

980 2676 1089 2716 major
1101 2679 1156 2707 est
1172 2673 1279 2705 annis.

1038 2729 1080 2759 16
1105 2724 1226 2756 Prisca
1239 2719 1335 2761 lueis]
1350 2716 1532 2759 Majomm.

1036 2779 1076 2809 17
1110 2776 1185 2807 Nou
1213 2771 1367 2812 sanguine
1394 2770 1497 2801 cretus
1528 2764 1680 2806 Τιιηιιιὸ,
