1800 3060
242 175 331 219 306

242 281 439 324 Fixisti‘t
473 280 579 336 quid
595 280 712 322 enim
730 282 820 323 ista
840 282 1014 334 domus,
1036 283 1144 337 quid
1166 289 1295 335 terra,
1321 285 1581 342 priusquam

243 350 310 392 Te
331 349 557 403 gauderet,
578 351 733 391 erant?
763 350 895 402 longo
918 355 965 392 tu
987 350 1162 392 tramite
1176 351 1317 394 nudos

243 418 418 460 'rexisti
439 417 670 470 scopulos,
688 417 919 471 fueratque
939 418 1016 458 ubi
1039 419 1196 459 semita
1218 423 1401 471 tantum,

241 485 377 527 Nunc
396 484 461 526 ibi
483 485 704 525 distinctis
724 487 811 525 stat
830 485 1026 538 porticus
1047 484 1136 526 alta
1156 485 1392 538 columnis,

242 553 316 596 Ne
337 552 535 594 sorderet
555 552 665 593 iter:
700 551 827 593 curvi
847 557 896 593 tu
917 552 1086 593 littoris
1111 565 1190 595 ora

242 620 461 663 Clausisti
483 619 655 661 calidas
675 620 852 673 gemina
871 619 1087 662 testudine
1108 621 1340 675 nymphas.

243 689 338 731 Vix
361 701 496 743 opera
516 701 770 729 enumerem
787 702 797 730 ε
826 688 936 730 mihi
956 702 1144 743 pauper,
1165 693 1209 732 et
1227 690 1400 744 indigus
1420 692 1495 734 uni

243 757 415 799 Pollius
429 758 449 798 'l
479 761 524 797 et
543 756 655 798 tales
675 755 830 799 hilaris
852 761 1000 798 tamen
1020 756 1134 798 intro
1154 761 1353 811 penates,

242 824 302 866 Et
320 825 465 874 littus,
485 823 606 877 quod
626 823 799 877 pandis,
820 836 920 864 amo
937 836 948 865 :
981 823 1060 864 sed
1081 824 1289 878 proxima
1309 825 1460 868 sedem

244 891 464 946 Despicit,
486 896 531 933 et
551 891 682 933 tacite
702 891 819 932 ridet
839 903 940 932 mea
959 892 1142 933 numina
1161 891 1191 933 J
1195 905 1297 934 uno·

738 185 778 215 P.
813 185 1006 216 PAPtNll
1039 185 1207 217 STATu

1619 560 1705 603 100

1619 872 1705 942 105

242 1019 372 1052 tabellas
385 1021 538 1061 spirantes
552 1021 685 1052 colorum
708 1018 798 1053 luce?
823 1020 908 1056 Quid
924 1020 1006 1052 enim
1019 1020 1085 1052 haec
1100 1021 1218 1061 domus,
1244 1021 1318 1063 quid
1333 1026 1418 1056 terra
1435 1027 1515 1065 erat,
1540 1028 1705 1067 antequam

242 1066 273 1094 te
278 1063 443 1101 frueretur
456 1062 588 1094 domino.
634 1064 680 1094 Tu
699 1064 823 1095 duxisti
844 1064 971 1103 longum
986 1064 1145 1095 tramitem
1169 1074 1261 1106 super
1282 1076 1406 1107 asperos
1427 1069 1563 1109 scopulos
1573 1078 1586 1105 ,·
1607 1072 1638 1100 et
1653 1069 1705 1100 ubi

242 1109 365 1138 tantum
379 1106 467 1138 callis
473 1106 595 1145 fuerat,
611 1117 690 1138 nunc
706 1106 750 1138 ibi
764 1107 899 1146 erigitur
910 1106 1046 1147 porticus
1057 1108 1178 1139 excelsa
1192 1109 1340 1140 columnis
1353 1119 1374 1140 a
1387 1120 1420 1141 se
1434 1110 1565 1142 invr'cem
1583 1111 1706 1142 distan-

240 1149 337 1188 tibus,
363 1159 403 1181 ne
417 1149 478 1181 iter
501 1149 689 1190 displiceret.
736 1150 783 1181 Tu
808 1149 963 1180 inclusisti
988 1149 1022 1180 in
1047 1150 1187 1190 margine
1216 1152 1303 1183 curvi
1325 1152 1445 1184 litem-is
1465 1153 1583 1185 calidas
1608 1163 1705 1195 aquas

240 1192 355 1233 duplici
363 1192 497 1231 fornice.
548 1192 611 1224 Vix
625 1202 716 1233 opera
729 1202 947 1223 enumerarem.
994 1193 1116 1224 Pollius
1130 1193 1216 1234 inops
1231 1198 1290 1235 est,
1305 1198 1337 1226 et
1350 1194 1478 1236 indigus
1498 1196 1576 1227 mim
1589 1197 1661 1235 soti,
1672 1200 1703 1228 er

241 1239 344 1267 tamen
360 1236 451 1267 loetus
474 1236 565 1267 subeo
591 1236 683 1267 talem
697 1236 830 1274 domum,
844 1238 871 1266 et
886 1235 1055 1276 frequento
1069 1236 1172 1275 littus,
1196 1238 1276 1278 quod
1300 1247 1403 1269 ornas.
1447 1238 1513 1270 Sed
1532 1239 1703 1281 pmpt'nqua

241 1279 326 1310 June
340 1279 427 1311 illam
440 1278 618 1319 contemnit,
634 1282 665 1310 et
679 1278 791 1310 irridet
812 1279 926 1310 occulte
942 1288 1044 1310 meum
1054 1288 1175 1310 numen.
1220 1280 1277 1311 Da
1292 1281 1437 1322 templum
1459 1285 1491 1314 et
1504 1292 1576 1314 aras
1589 1282 1703 1323 dignas

856 1362 1090 1376 “OOO‘OOOOO‘

238 1429 465 1471 replesti.—9⁷
492 1429 535 1461 Te
545 1430 695 1469 gauderet
711 1432 778 1460 erat
794 1427 894 1459 Aldd.
913 1427 1020 1460 Colin.
1037 1428 1170 1470 Gryph.
1186 1430 1292 1463 Basil.
1308 1430 1423 1464 Plant.
1438 1435 1587 1474 ceterae3
1610 1437 1700 1466 erant

240 1473 368 1505 Venet.
386 1475 416 1504 1.
431 1473 546 1504 Parm.
566 1474 661 1504 Rom.
686 1478 723 1503 et
750 1477 819 1502 vet.
848 1470 1193 1512 Lindenbrogii.—99
1219 1473 1314 1507 Nunc
1336 1474 1396 1507 tibi
1419 1475 1697 1508 Barbium—101
1722 1469 1735 1481 ⁴

242 1515 346 1547 Aldd.
374 1516 485 1547 Colin.
511 1516 645 1557 Gryph.
671 1514 774 1546 Basil.
799 1517 865 1545 διο.
890 1513 1054 1555 lymphas;
1078 1514 1193 1547 Parm.
1219 1521 1255 1547 et
1278 1517 1376 1550 Rom.
1401 1518 1701 1552 disertimliabent

239 1558 402 1600 nymphas,
426 1558 516 1601 qnod
533 1557 688 1600 reposuit
703 1557 908 1590 Gronovius.
952 1557 1041 1589 Vide
1058 1557 1102 1588 ad
1116 1558 1290 1592 Tiburtia.
1307 1560 1446 1602 Vopisci
1465 1571 1513 1594 vs.
1535 1564 1700 1596 64.—108

903 1636 1045 1669 NOTAE

283 1712 325 1742 95
349 1709 503 1751 AEraque]
539 1709 579 1741 Id
611 1714 677 1751 est,
702 1708 868 1751 imagines
898 1717 944 1739 ae-

241 1769 331 1792 reas.
375 1759 509 1792 Lumine
522 1760 623 1801 ceras]
646 1761 688 1792 ld
712 1764 775 1801 est,
789 1761 866 1792 luce
888 1769 944 1791 co-

240 1810 363 1843 lorum.
421 1811 564 1843 ‘Cerae’
602 1811 763 1844 dicuntur
793 1811 943 1843 colorum

241 1871 341 1894 omne
358 1872 476 1903 genus.
499 1865 510 1880 ⁴
526 1863 685 1895 Scribere
700 1862 709 1877 '
724 1867 778 1894 est
792 1863 945 1904 pingere,

240 1917 280 1944 ut
304 1912 403 1954 Equo
432 1913 639 1945 Domitiani:
665 1913 675 1930 ‘
696 1912 860 1954 Apell-aeae
888 1922 944 1944 cu-

241 1970 367 2006 perent
395 1969 430 1996 te
461 1965 612 1998 scribere
639 1964 756 1997 cerae.’
800 1964 944 1996 Lumina

239 2015 394 2047 colorum
419 2020 501 2047 nota
523 2021 616 2055 sunt,
631 2015 723 2047 unde
745 2014 846 2046 hodie
862 2024 942 2056 quo-

240 2076 308 2109 qne
332 2067 603 2106 usitatissimum,
625 2068 634 2084 ‘
651 2065 869 2107 illuminare,’
885 2075 941 2098 co-

239 2119 367 2151 loribus
384 2119 586 2161 depingere.
632 2118 801 2151 Barthius.

282 2172 323 2202 97
347 2170 455 2211 Longo
484 2173 519 2203 tu
542 2170 670 2202 tramite
694 2171 790 2201 nudos
822 2168 943 2200 Texisti

238 2221 388 2261 scopulos,
406 2219 575 2261 fueratque
598 2220 649 2251 ubi
673 2219 786 2251 semita
809 2222 943 2258 tantum,

241 2271 338 2303 Nunc
365 2271 410 2302 ibi
431 2270 592 2302 distinctis
621 2273 686 2302 stat
708 2269 850 2310 porticus
878 2271 944 2301 alta

238 2321 402 2362 columnis]
427 2321 505 2354 Hoc
521 2322 581 2358 ait,
598 2326 741 2363 propter
757 2320 944 2362 porticum,

241 2381 341 2412 quam
356 2381 376 2403 a
391 2372 508 2404 littore
527 2381 589 2413 per
604 2372 737 2404 dorsum
758 2372 883 2403 montis
899 2371 943 2402 ad

240 2422 355 2453 villam
370 2423 543 2463 perduxit.
578 2423 634 2455 Sic
644 2423 849 2455 Surrentino
862 2422 942 2454 Pol-

239 2471 299 2503 lii:
322 2473 332 2490 ‘
349 2473 436 2504 Inde
463 2483 525 2515 per
548 2473 702 2516 obliquas
732 2474 845 2515 erepit
865 2483 941 2515 por-

240 2521 327 2554 ticus
355 2533 464 2560 arceS‚
482 2525 558 2558 Qua
574 2525 667 2565 prins
693 2525 839 2556 obscuro
866 2533 941 2565 per-

239 2573 340 2605 mixti
363 2574 506 2615 pulvere
532 2577 635 2615 soles,
658 2576 705 2608 Et
726 2575 848 2607 feritas
871 2575 942 2606 ina-

241 2633 354 2655 moena
369 2624 448 2665 viae,
464 2634 554 2656 nunc
571 2626 619 2656 ire
636 2625 816 2667 voluptas)

284 2677 346 2707 100
372 2674 470 2709 Curti
497 2677 532 2706 tu
560 2675 677 2706 littoris
703 2686 758 2707 ora
793 2676 944 2713 Clausisti

238 2725 356 2758 calidas
365 2726 493 2767 gemina
505 2725 658 2759 testudine
673 2726 840 2768 nymphas]
861 2727 942 2760 Sur.

999 1708 1134 1740 rentino
1154 1719 1204 1741 νε.
1231 1712 1283 1743 17.
1320 1711 1330 1728 ‘
1349 1711 1497 1744 Gemina
1526 1712 1699 1745 testudine

998 1757 1133 1791 fumant
1169 1760 1326 1794 Balnea!
1371 1764 1499 1796 Calidas
1533 1764 1698 1807 nymphas]

998 1808 1038 1841 Id
1056 1814 1122 1850 est,
1137 1820 1240 1852 aquas
1256 1811 1465 1846 balneorum.

1043 1864 1104 1893 102
1117 1861 1202 1893 Mihi
1211 1872 1339 1904 pauper,
1350 1868 1380 1896 et
1390 1864 1517 1905 indigus
1526 1865 1596 1907 uni]
1609 1866 1698 1898 Her--

998 1912 1092 1942 cules
1118 1914 1318 1953 expostulat
1346 1923 1421 1945 cum
1454 1916 1580 1956 Pollio,
1607 1915 1697 1958 quod

998 1970 1074 1993 cum
1090 1962 1145 1993 ille
1161 1963 1204 1994 sit
1218 1966 1286 1994 tam
1302 1963 1450 1996 liberalis
1461 1974 1544 2006 erga
1557 1965 1699 2007 Neapo-

997 2012 1057 2043 lim
1081 2017 1118 2044 et
1135 2013 1311 2053 Puteolos,
1326 2015 1616 2058 exornaveritque
1643 2017 1698 2048 tit-

998 2067 1053 2094 tus
1075 2063 1158 2096 illud
1173 2064 1409 2096 Surrentinum
1427 2070 1495 2097 tarn
1508 2065 1699 2108 magnificis

996 2114 1182 2155 praetoriis,
1204 2114 1248 2146 sit
1271 2123 1354 2156 erga
1375 2125 1412 2146 se
1436 2120 1541 2148 tenax
1561 2120 1598 2148 et
1619 2125 1698 2148 ava-

997 2173 1078 2203 rus;
1102 2165 1169 2196 etsi
1193 2169 1262 2197 tam
1283 2165 1433 2198 libenter
1455 2165 1696 2210 frequentaret

997 2215 1090 2247 aedes
1106 2216 1221 2249 Pollii.

1042 2271 1105 2300 104
1128 2269 1189 2301 Sed
1206 2269 1352 2310 proxima
1373 2271 1476 2302 sedem
1496 2268 1650 2312 Despicit,
1665 2274 1698 2303 et

996 2320 1092 2352 tacite
1114 2321 1198 2352 ridet
1222 2332 1289 2354 mea
1311 2322 1437 2354 numina
1455 2322 1556 2364 June]
1579 2322 1697 2355 Innuit

997 2372 1162 2412 templum
1204 2372 1362 2413 sunonis,
1394 2372 1486 2414 qttod
1526 2373 1695 2406 Surrento

998 2423 1189 2462 proximum
1205 2427 1292 2463 erat,
1306 2427 1345 2454 ut
1368 2423 1494 2455 docent
1505 2423 1632 2455 Strabo
1657 2429 1695 2459 et

997 2472 1130 2503 Plinius
1145 2473 1205 2504 lib.
1222 2482 1280 2504 111.
1297 2482 1374 2513 cap.
1386 2476 1419 2505 5.
1436 2473 1494 2514 qui
1520 2478 1621 2504 vocat
1635 2474 1694 2505 Ju-

995 2531 1104 2554 nonem
1131 2522 1297 2562 Argiuam.
1341 2523 1440 2555 Petit
1467 2522 1573 2564 igitur
1608 2524 1696 2556 tter.

996 2573 1101 2612 cules,
1116 2577 1155 2604 ut
1171 2573 1302 2604 Pollius
1326 2572 1500 2604 honestius
1529 2575 1694 2616 templum

994 2624 1058 2656 sibi
1072 2629 1265 2665 construat,
1282 2635 1324 2656 ne
1340 2625 1578 2667 despiceretur
1599 2636 1620 2658 a
1636 2636 1696 2658 no-

997 2685 1110 2716 verca,
1125 2686 1201 2718 quae
1225 2675 1333 2709 aedem
1355 2676 1390 2709 in
1418 2677 1612 2720 propinquo
1636 2677 1694 2710 ha·

995 2725 1110 2759 bebat.
