1800 3060
0 811 26 898 5}ss

0 884 32 1113 ἓ

0 1316 38 1496 ὲ

7 1523 30 1628 Ξ

3 1954 34 2156 ἓ

4 2241 33 2322 Ξ

1 2323 37 2435 ζ,

513 246 793 278 svnvaaun
827 246 924 277 ma.
957 247 1025 278 iv.
1054 237 1097 278 4.

1488 237 1576 278 443

116 344 236 388 Mira
254 343 389 387 fides!
417 343 624 386 credetne
643 343 785 385 virum
806 347 988 386 ventura
1012 356 1226 398 propago,

115 412 231 455 Cum
249 416 418 466 segetes
437 411 611 462 iterum,
630 424 730 454 cnm
750 411 847 466 jam
867 412 964 454 haec
981 411 1153 452 deserta
1173 411 1387 462 virebunt,

115 480 239 523 Infra
258 480 390 521 nrbes
411 479 696 534 populosque
716 478 871 533 premi,
890 479 1187 532 proavitaque
1208 483 1304 521 toto

116 547 243 590 Rura
262 547 428 589 abiisse
447 547 590 588 mari'l
621 560 706 589 nec
731 546 837 588 dum
856 546 994 588 letale
1014 546 1175 587 minari

116 614 277 657 Cessat
297 617 437 668 apex:
468 615 623 668 procul
643 614 728 655 ista
749 614 855 664 tuis,
882 612 1048 664 Tifata,
1069 613 1227 663 Teate,
1515 613 1574 655 85

115 681 215 725 Nec
235 681 520 723 Marrucinos
541 685 644 733 agat
662 680 758 723 haec
773 681 947 722 insania
966 683 1152 721 montes.

116 749 250 793 Nunc
271 749 311 790 si
326 748 438 790 forte
456 749 567 790 meis
587 762 688 803 quae
708 748 795 790 sint
814 748 1002 790 exordia
1022 748 1172 790 Musis

111 894 215 934 ignes.
259 895 325 927 Rea
337 894 460 927 creditu
470 894 504 926 di

559 894 619 926 Ἰίε.
664 894 825 926 Fatus-ane
838 894 1007 935 posteritas
1019 894 1137 931 credet,
1151 903 1221 925 cum
1230 894 1329 926 denuo
1341 897 1411 925 sata
1422 893 1575 930 orientur,

112 947 182 969 ιιιιι
195 937 263 969 kae
275 938 393 970 incuu-
406 938 472 970 lom
487 947 559 976 Jam
573 936 728 977 virebant,
754 937 880 968 obrutas
893 947 958 968 esse
970 937 1059 975 infru
1073 936 1218 969 civitatee
1232 941 1263 968 et
1276 940 1407 976 gentes?
1428 947 1464 968 uc
1479 944 1574 976 agros

111 981 264 1018 ιιιὶσηιιιι
277 981 451 1019 adjacentes
460 981 541 1012 mari
552 980 701 1021 periisse.
691 979 709 1002 ‘²

753 979 893 1011 Necdum
908 981 975 1019 eins
988 989 1131 1011 cacumen
1145 980 1259 1011 desinit
1274 980 1390 1011 minari
1403 980 1477 1020 quid
1493 987 1573 1008 mor-

110 1022 251 1061 tiferus.
295 1023 481 1063 languine
495 1023 558 1054 ista
573 1033 592 1054 u
610 1023 669 1063 Tip
669 1023 745 1054 kaeu
759 1026 789 1054 et
814 1023 943 1062 rheate,
968 1022 1034 1054 tuis
1056 1022 1162 1060 viuis;
1184 1032 1240 1054 nec
1259 1023 1304 1054 sic
1327 1024 1459 1054 emant
1481 1021 1573 1053 Mar·

112 1066 366 1099 rucinia-outa.

725 1158 824 1171 Μ

413 1067 506 1098 Nunc
527 1066 557 1097 si
570 1065 660 1104 sorte
682 1065 758 1097 telis
787 1075 911 1097 noscere
932 1066 1006 1107 quid
1019 1069 1118 1106 agant
1136 1075 1211 1097 nieoe
1226 1066 1342 1106 Musa,
1357 1066 1427 1105 jan
1442 1063 1575 1097 Thebais

112 1228 167 1258 41.
181 1234 225 1257 ex
242 1225 338 1259 Rom.
352 1229 390 1258 et
405 1225 531 1258 Venet.
546 1228 579 1259 2.
594 1226 691 1267 legit,
714 1225 918 1265 “igitir-uu
939 1229 976 1258 et
996 1224 1045 1256 sic
1065 1226 1168 1257 etiam
1194 1225 1228 1256 in
1253 1225 1455 1257 Parnm—84
1481 1224 1574 1256 Rara

112 1269 352 1301 deesseVenet.
368 1272 398 1300 1.
427 1274 464 1301 et
489 1269 641 1300 Floreat.
668 1269 843 1301 Gronovii
888 1268 990 1300 Hunc
1014 1269 1126 1300 locum
1150 1269 1444 1309 corruptissimum
1471 1272 1573 1309 putat

113 1310 243 1343 Markl.
245 1314 329 1343 —85
353 1312 481 1343 Venet.
497 1314 527 1343 1.
541 1313 647 1352 procul
661 1311 723 1343 ista
737 1314 808 1343 tuos
821 1311 925 1349 insutu
939 1315 1049 1348 reute;
1072 1311 1191 1343 Parm.

103 1351 321 1394 salomano,
343 1354 397 1385 vel
415 1357 527 1391 teuno5
550 1360 587 1386 et
602 1364 651 1386 sic
665 1355 751 1394 legit
766 1354 889 1386 Heius.
906 1354 941 1385 in
957 1353 1102 1386 Advers.
1119 1354 1177 1386 lib.
1193 1363 1251 1386 ιιι.
1269 1364 1347 1395 cap.
1366 1357 1416 1386 12.
1444 1363 1479 1395 p.
1494 1355 1571 1384 487.

113 1395 213 1428 Rom.
226 1395 331 1428 Aldd.
345 1397 455 1429 Colin.
470 1396 603 1438 Gryph.
624 1397 732 1429 Basil.
761 1397 877 1429 Plant.
900 1399 966 1428 διο.

1214 1312 1322 1352 procul
1345 1312 1406 1342 istu
1433 1315 1485 1342 tuo
1507 1311 1573 1342 siat

988 1398 1094 1438 procul
1117 1397 1182 1428 istu
1207 1397 1282 1437 tuis,
1311 1396 1431 1436 Rsuta,
1456 1397 1574 1432 Teate,-

112 1439 371 1481 necquicquam
386 1440 583 1471 mutandum
599 1446 719 1472 censet
734 1439 917 1471 Gevartins
933 1439 1405 1480 Papin.1aect.1v.'1.Alii
1430 1439 1569 1480 legunt:

109 1482 217 1522 pne-1
237 1482 300 1514 ista
319 1483 386 1514 tias
411 1483 477 1514 sint
490 1482 580 1525 suta,
607 1483 712 1515 Teate.
758 1482 800 1514 In
825 1482 968 1514 Domitii
993 1482 1094 1514 codd.
1113 1487 1189 1514 erat
1217 1481 1368 1523 tumsuta,
1393 1482 1483 1514 unde
1512 1481 1570 1513 ille

110 1521 199 1562 feeit
224 1524 344 1564 Iis-ta.
387 1506 612 1558 Marklandus
638 1525 707 1568 legi
728 1525 854 1567 jussit:
884 1526 996 1567 procul
1020 1526 1082 1558 ista
1105 1526 1167 1557 tibi
1190 1527 1255 1558 siat
1275 1527 1352 1565 sata
1378 1525 1484 1558 Teate.
1484 1526 1571 1556 —92

768 1621 911 1655 NOTAE

153 1688 197 1718 88
218 1686 434 1729 vaitaque
446 1691 512 1720 toto
524 1687 613 1719 Rura
622 1687 736 1719 abiisse
747 1697 814 1719 ma-

110 1735 159 1777 ri]
172 1738 334 1770 'vaita
349 1748 424 1770 riu-u
439 1738 527 1770 dicit
548 1742 709 1779 respectu
722 1737 814 1770 futu-

112 1796 161 1820 rae
188 1789 412 1830 posteritatis,
426 1799 503 1832 qnae
525 1790 612 1831 ipss,
635 1799 711 1831 quae
735 1798 815 1821 rura

111 1838 207 1871 avita
235 1839 440 1881 possidebit,
451 1840 509 1872 vix
534 1839 654 1872 credet
675 1840 726 1872 ita
754 1850 812 1882 pe-

111 1888 223 1921 riisse.
252 1889 319 1922 Ms.
335 1890 575 1922 Florentinus:
602 1891 690 1922 Rara
712 1891 814 1922 deesse

111 1939 206 1971 ..αἱ
248 1940 374 1972 Sensus
399 1941 578 1982 utriusque
592 1941 748 1973 lectionis
761 1946 815 1973 est

110 1989 182 2029 hie,
191 1995 229 2021 ut
244 1990 374 2031 optime
387 1996 484 2023 notat
508 1991 723 2024 Gronovius:
746 1992 814 2024 Mi-

113 2039 260 2078 rsbitur,
271 2041 332 2081 ait,
345 2041 542 2082 posteritas,
556 2047 593 2073 et
608 2042 666 2073 vix
680 2042 814 2083 credet,

112 2088 230 2121 omnia
256 2089 316 2120 illa
338 2089 484 2130 proauita
507 2100 596 2130 rin-u,
621 2101 699 2133 quae
729 2098 813 2124 tnnc

111 2137 207 2171 forte
230 2139 393 2171 restituta
412 2145 530 2179 erunt,
553 2146 591 2172 et
614 2141 815 2182 arabuntnr,

113 2189 201 2222 mari
211 2189 431 2231 Vesuvioqne
442 2190 648 2231 adjacentia,
662 2193 814 2232 periisse,

113 2238 251 2279 abiisse,
261 2239 369 2271 invisa
382 2246 500 2271 nostro
510 2241 575 2273 hoc
583 2243 709 2274 seculo
722 2241 815 2274 facta

112 2299 202 2322 use.
246 2290 419 2322 Martialis
434 2290 478 2322 de
492 2291 633 2323 iisdem:
656 2293 667 2310 ‘
683 2293 815 2325 Cuncta

106 2339 229 2380 jacent
249 2337 408 2380 flammis,
422 2345 459 2372 et
475 2341 565 2374 tristi
588 2352 698 2374 mersa
717 2342 816 2375 favil-

113 2387 171 2421 12!
212 2388 352 2430 Abiisse]
374 2390 434 2422 Sic
457 2390 565 2422 utitor
591 2391 725 2424 Seneca
741 2393 815 2424 Me-

113 2438 203 2471 dea:
226 2439 392 2472 ‘Mecum
421 2441 533 2472 omnia
563 2440 709 2474 abeant:
745 2448 815 2475 tra·

113 2488 211 2529 here,
223 2498 301 2521 cum
315 2499 450 2531 pereas,
464 2490 574 2522 libet:

154 2543 197 2573 86
219 2539 328 2582 Apa]
348 2541 489 2573 Vesuvii
505 2541 649 2575 scilicet.
687 2542 812 2584 Tifata]

113 2589 241 2631 Tifata,
254 2592 349 2623 locus
374 2600 482 2632 prope
497 2591 664 2632 Capuam,
679 2592 723 2624 de
748 2603 813 2634 quo

114 2640 239 2673 Festus
265 2646 303 2673 et
323 2641 448 2673 Livius.
493 2641 535 2673 ln
552 2642 650 2674 Latio
666 2643 814 2676 collocat

11 2672 57 2741 ὀμ
112 2689 230 2723 Tifata
255 2692 401 2724 Plinius.
439 2692 547 2733 Teate]
581 2694 688 2726 Teate
714 2694 812 2736 oppi-

117 2740 199 2773 dum
210 2741 480 2775 Marrucinorum
492 2743 526 2775 in
539 2743 653 2776 Italia.
699 2746 814 2778 Hodie

119 2792 207 2826 M
218 2791 355 2826 dicitur.
385 2794 451 2826 His
464 2794 498 2827 iu
513 2795 597 2827 locis
612 2795 744 2837 praedis
758 2797 816 2830 ha·

867 1686 973 1719 bebat
986 1686 1184 1719 Marcellus.

909 1741 952 1770 86
977 1739 1044 1770 Nec
1059 1739 1260 1770 Marrucinos
1281 1737 1415 1779 montes]
1437 1738 1572 1770 Marru-

866 1790 934 1821 cini
964 1790 1082 1832 popnli
1108 1790 1233 1829 ltaliae,
1250 1799 1334 1831 quos
1356 1789 1489 1821 Plinius
1504 1791 1573 1821 col·

866 1840 961 1872 locat
982 1840 1074 1871 iuter
1099 1840 1309 1871 Ferentanos
1337 1845 1374 1870 et
1396 1840 1572 1872 Vestinos.

867 1890 948 1922 Illic
959 1890 1093 1931 praedia
1102 1890 1254 1922 habebat
1267 1890 1454 1922 Marcellus
1466 1901 1478 1929 ;
1493 1890 1572 1922 ideo

866 1947 964 1983 optat
1000 1941 1124 1979 Poeta,
1154 1945 1192 1972 ut
1222 1946 1357 1972 montes
1379 1941 1570 1972 Marrucini

865 2002 934 2023 non
962 1992 1125 2023 emittant
1152 1989 1306 2022 flammas
1331 2000 1371 2022 ac
1397 1990 1570 2031 incendia,

866 2048 905 2074 nt
919 2043 1101 2074 Vesuvius.
1138 2042 1185 2073 Et
1200 2051 1283 2073 sane
1293 2041 1366 2082 agri
1381 2041 1572 2074 Marrucini

866 2094 1013 2136 possessi
1039 2104 1060 2125 a
1074 2093 1197 2125 Vectio
1223 2093 1391 2125 Marcello
1412 2092 1520 2136 (forte
1541 2093 1570 2124 is

867 2144 975 2175 nostri
988 2143 1106 2185 pater)
1114 2143 1321 2176 mentionem
1337 2143 1423 2176 facit
1438 2144 1572 2175 Plinius

867 2194 925 2226 lib.
955 2203 1051 2226 xvu.
1080 2203 1157 2235 cap.
1189 2196 1244 2226 27.
1282 2198 1320 2225 et
1349 2194 1573 2226 memorabile

868 2243 948 2285 quid
978 2243 1021 2275 de
1050 2243 1091 2275 iis
1121 2243 1247 2275 refert:
1270 2244 1410 2286 ‘Super
1433 2245 1571 2286 omnia‚'

866 2293 989 2335 iuquit,
1019 2297 1118 2335 ‘quae
1145 2303 1295 2334 unquam
1328 2294 1449 2327 audita
1476 2300 1571 2336 sunt,

867 2344 972 2375 etiam
1003 2343 1198 2383 prodigium
1218 2343 1252 2374 in
1273 2348 1392 2376 nostro
1407 2354 1482 2376 aevo
1498 2346 1569 2378 Ne-

868 2394 959 2424 ronis
975 2393 1155 2434 principis,
1168 2392 1267 2424 ruina
1282 2393 1413 2426 factum
1436 2394 1471 2426 in
1486 2404 1569 2437 agro

869 2443 1069 2475 Marrucino
1092 2443 1207 2474 Vectii
1234 2444 1392 2476 Marcelli
1415 2453 1435 2476 e
1451 2446 1569 2486 primis

867 2496 1037 2536 equestris
1074 2494 1218 2534 ordinis,
1245 2495 1373 2527 oliveto
1410 2497 1570 2530 universo

866 2546 954 2577 viam
976 2544 1148 2587 publicam
1171 2550 1393 2587 transgresso,
1412 2548 1568 2589 arvisque

866 2595 946 2627 inde
961 2605 982 2626 a
996 2595 1168 2627 contrario
1180 2596 1214 2627 in
1231 2596 1342 2628 locum
1358 2597 1476 2629 oliveti
1490 2607 1569 2639 pro·

866 2645 992 2678 fectis!

909 2698 950 2727 87
976 2695 1055 2731 Quoe
1067 2696 1131 2727 sint
1154 2697 1285 2728 exordia
1300 2697 1422 2738 Masis]
1445 2697 1487 2729 Id
1502 2703 1570 2738 est,

866 2745 947 2789 qnid
976 2746 1048 2787 jam
1082 2745 1294 2778 meditentur
1329 2748 1440 2779 Musae
1469 2758 1569 2789 meae,

867 2796 951 2840 quid
966 2801 1188 2839 componant.
