1800 3060
608 196 883 230 straminum
923 195 1016 224 ma.
1042 194 1071 223 ι.
1099 184 1145 224 5.

1516 182 1600 224 169

160 296 369 353 Synnada
387 294 603 336 distinctu
623 293 791 335 variat:
821 304 910 333 non
930 290 1086 332 limina
1105 292 1295 339 cessant,

161 365 374 418 mulgent
393 374 594 411 camerae,
615 361 739 403 vario
758 359 937 413 fastigia
956 358 1072 400 vitro

161 433 212 474 In
232 431 404 486 species
419 429 679 483 animosque
695 429 858 470 nitent:
889 430 1041 482 stupet
1059 426 1156 480 ipse
1174 425 1330 466 beatas

156 554 246 592 longo
259 554 363 584 tractu
375 550 570 583 discriminat

586 549 807 592 Synnadicum.
852 549 926 580 Non
940 547 1092 586 fenestre
1114 549 1221 579 carent
1246 545 1460 577 marmoribus.
1506 544 1602 576 Cabi-

156 595 224 627 enh
235 596 347 627 tacent.
390 594 564 635 laquearia
570 593 695 634 fulgent
707 593 829 624 diverso
842 592 938 632 vitro,
951 594 981 623 et
992 590 1171 632 exprimunt
1186 589 1350 630 imagines,
1373 598 1441 629 qua·
1455 587 1602 619 aniame

747 686 785 699 θ’

925 685 982 698 m

162 749 288 791 Synnada
307 749 577 781 distinctum—41
604 748 729 790 Synaaa
748 747 826 779 edd.
848 751 932 779 vett.
956 746 1074 778 lumina
1086 748 1206 777 cessant
1220 743 1324 777 Aldd.
1340 744 1451 776 Colin.
1468 742 1603 784 Gryph.

159 796 222 824 dte.
241 793 349 824 linsina
373 793 484 823 Parm.
510 791 610 824 Rom.
635 791 775 822 vicent.
793 795 830 822 et
844 791 989 822 Venett.
1010 795 1046 820 et
1061 790 1149 820 hanc
1165 788 1344 820 lectionem
1362 787 1517 828 sequitur
1533 786 1603 818 Ge-

163 834 300 867 vartius.

344 835 518 866 Pontiano
543 834 630 866 duce
652 834 800 865 mutavit
821 833 988 865 Avantius
1007 832 1041 863 in
1061 831 1139 864 And.
1156 833 1274 863 1.—43
1298 830 1337 862 In
1354 830 1506 869 margine
1533 838 1603 860 suae

162 877 275 908 Diatr.
296 877 486 909 Gronovius
501 886 599 910 manu
620 876 750 908 notavit
764 876 1034 907 emendationem
1047 874 1200 906 Strateni
1217 885 1226 904 ι
1251 873 1290 904 In
1312 873 1429 913 species
1452 872 1603 903 honum-

165 929 222 960 φιε
244 921 353 952 nuent.
395 920 464 952 Pro
485 920 656 961 ninque
673 919 799 951 Venet.
814 921 846 950 1.
862 917 967 950 habet
979 918 1162 958 animoque3
1185 915 1274 950 unde
1290 914 1517 947 Marklandus
1533 925 1541 946 :
1566 914 1606 945 Ῑιι

809 1004 952 1037 NOTAE

164 1078 201 1107 et
215 1074 362 1107 Neronis
377 1074 584 1117 temporibus
609 1074 715 1106 fuisse
739 1074 854 1116 cogni-

165 1130 247 1157 tam·
282 1124 397 1158 Iunuit
412 1125 557 1158 fortasse
572 1124 785 1166 Lampridius
796 1134 855 1157 no·

167 1185 243 1208 vum
259 1175 395 1218 aliquod
417 1185 521 1217 pum
537 1185 580 1207 ex
596 1175 858 1216 Porphyretico‚

166 1230 203 1257 et
224 1226 420 1258 Numidico.
463 1225 553 1257 Vide
575 1235 650 1267 que
666 1225 709 1258 ad
725 1226 859 1257 Manilii

166 1276 340 1318 Sphaenm
363 1275 581 1308 Barbaricum
605 1281 767 1308 accurate
793 1276 860 1308 dis·

166 1330 264 1367 putat
271 1327 347 1360 Jos.
356 1325 520 1368 Scaliger,
531 1326 572 1359 de
581 1326 682 1358 variis
694 1326 861 1358 vermicu-

166 1377 299 1410 latiouis
318 1383 352 1410 et
381 1378 502 1409 musivi
526 1378 639 1418 operis
666 1377 859 1418 generibus.

167 1426 245 1458 Hoc
265 1436 351 1468 opus
374 1427 385 1444 ‘
399 1426 668 1459 Alexandrinum
680 1427 689 1441 ’
713 1428 858 1459 vocaba-

169 1481 238 1516 tur,
251 1478 306 1508 vel
320 1475 413 1518 quod
433 1475 666 1508 Alexandrino
691 1486 859 1509 marmore

167 1525 212 1557 ad
220 1525 284 1558 hoc
292 1526 438 1558 maxime
450 1530 642 1567 uterentur,
652 1527 703 1558 vel
718 1527 807 1569 quod
823 1527 858 1559 in

168 1575 374 1610 Alexandria
389 1576 532 1618 primum
547 1581 731 1618 repertum.

210 1628 251 1659 u
267 1627 341 1659 Non
353 1627 463 1659 cinin-
477 1626 627 1668 [liuaina]
640 1626 776 1668 auant]
792 1628 862 1660 Do·

171 1675 285 1708 mitius
295 1681 331 1708 et
344 1675 528 1708 Gerartius
550 1676 669 1717 legunt
683 1677 803 1718 limina,
824 1682 862 1709 et

169 1725 343 1766 explicant
354 1725 464 1757 limina
475 1735 536 1757 m
549 1735 692 1766 cessata,
713 1736 774 1758 seu
795 1736 861 1759 non

169 1783 308 1807 vacasse
338 1774 571 1807 marmoribus.
614 1775 747 1808 Viliora
773 1777 863 1809 euim

169 1833 338 1860 marmora
350 1824 386 1857 in
396 1825 548 1858 liminum
563 1831 662 1858 erant
674 1836 749 1860 usu.
791 1827 864 1860 Pli-

169 1874 245 1907 nius
259 1874 320 1909 lib.
335 1883 468 1908 xxxin.
481 1878 598 1917 cap-6.
618 1877 628 1894 ‘
646 1877 863 1910 Numidicum

170 1934 327 1966 marmor,
332 1935 400 1958 non
409 1925 444 1958 in
455 1925 620 1958 columnis
630 1930 761 1959 tautum
770 1937 864 1960 crus-

169 1974 270 2016 tim,
293 1975 355 2008 sed
377 1975 413 2007 in
436 1985 548 2008 massa
571 1986 611 2008 ac
637 1977 801 2010 vilissimo
825 1978 864 2010 li-

171 2023 298 2056 minum
317 2024 402 2056 πει·
444 2025 608 2058 Metellus
631 2027 713 2067 legit
735 2028 865 2070 lumba,

169 2078 208 2109 et
219 2075 290 2108 ait:
315 2075 390 2107 Non
401 2085 520 2108 cenare
532 2076 661 2117 uuum,
683 2086 759 2110 cum
774 2079 867 2110 exci-

170 2128 325 2157 tarentur
346 2126 435 2157 oculi
460 2126 682 2159 varietatibus
705 2128 866 2161 colorum.

171 2173 242 2206 sed
269 2174 324 2206 hic
351 2174 478 2215 lumina,
497 2185 565 2207 non
594 2176 866 2222 interpretanda,

176 2224 292 2256 oculos
307 2225 556 2266 aspicientium,
579 2227 638 2258 sed
659 2233 739 2260 sunt
752 2227 866 2262 fenes-

175 2277 240 2306 trae
269 2274 389 2316 quibus
419 2275 531 2307 lumen
560 2275 761 2310 admittitur.
805 2280 866 2312 Uti

173 2323 294 2356 Cieero
308 2323 352 2357 de
367 2324 514 2358 Oratore
525 2336 537 2359 z
556 2327 566 2344 ‘
576 2327 661 2359 Cum
676 2328 769 2361 aedes
786 2339 865 2362 veu-

173 2373 284 2420 deret,
304 2374 338 2406 in
362 2375 532 2418 mancipio
555 2377 693 2418 lumina,
718 2379 769 2411 nti
792 2384 864 2413 tum

173 2430 284 2467 erant,
319 2426 473 2469 recepit-¹
531 2427 658 2460 Eorum
693 2430 863 2472 margines

173 2477 326 2516 pretioso
354 2475 552 2521 fulgidoque
576 2488 742 2511 marmore
765 2481 865 2514 ador·

173 2530 271 2558 natas
282 2526 393 2559 innuit
405 2527 582 2570 Papinius,
596 2533 633 2562 et
646 2529 722 2562 haec
735 2532 865 2574 optime

175 2583 251 2607 eum
266 2577 408 2608 cameris
416 2578 620 2619 junguntur.

209 2627 252 2657 42
263 2626 500 2668 Variosauigia
506 2628 603 2670 vitro]
616 2630 790 2664 Novitium
802 2632 866 2665 hoc

178 2679 252 2707 erat
279 2676 464 2718 inventum,
499 2679 608 2721 inquit
638 2680 769 2713 Plinius
804 2682 866 2714 lib.

179 2733 307 2759 xxxvi.
327 2736 403 2770 cap·
427 2730 481 2763 2⁵.
500 2736 538 2762 et
557 2735 675 2763 auctor
698 2736 764 2772 est,
789 2738 868 2775 post

908 1074 959 1106 M.
967 1072 1130 1115 Agrippan
1145 1078 1312 1114 tempora,
1322 1072 1447 1102 vitrum
1463 1069 1608 1102 cameris

909 1124 1061 1156 adhiberi
1090 1130 1238 1165 coeptum
1265 1131 1351 1154 esse.
1392 1121 1524 1153 Seneca
1539 1120 1606 1161 Ep.

910 1176 961 1206 86.
1003 1174 1013 1191 ‘
1027 1172 1125 1214 Nisi:
1147 1173 1269 1214 iuquit,
1297 1173 1306 1189 ‘
1318 1172 1407 1203 vitro
1423 1169 1608 1202 absconda-

912 1230 969 1256 tur
991 1223 1152 1263 camera,’
1174 1229 1211 1255 et
1233 1222 1366 1254 Plinius
1383 1222 1458 1253 loco
1473 1220 1607 1252 citato:

914 1279 925 1293 ’
943 1274 1047 1306 Pulsa
1062 1284 1104 1306 ex
1120 1274 1222 1306 humo
1237 1273 1434 1314 pavimenta
1446 1271 1479 1302 in
1498 1279 1609 1302 carne-

914 1336 968 1358 ras
984 1326 1152 1358 transiere
1168 1335 1187 1357 e
1204 1323 1316 1357 vitro!
1360 1324 1405 1356 Et
1420 1323 1475 1354 hic
1487 1322 1610 1353 varium

913 1377 1040 1410 dicitur
1076 1376 1214 1415 vitrum,
1246 1374 1281 1406 id
1310 1379 1377 1412 est,
1406 1372 1610 1413 imaginibus

913 1426 1174 1460 versicoloribus
1189 1427 1371 1466 signatum,
1380 1424 1480 1466 quale
1489 1423 1523 1454 iu
1534 1433 1611 1464 spe-

913 1477 1085 1510 cularibus
1097 1477 1299 1517 templorum
1315 1475 1414 1506 hodie
1429 1473 1613 1505 cernimus.

913 1528 990 1560 Hoc
1007 1536 1098 1566 vero,
1114 1530 1153 1558 ut
1177 1526 1337 1568 ingressis
1361 1524 1466 1556 varim
1493 1532 1612 1565 eaeque

906 1577 1071 1619 jucunde
1083 1575 1310 1608 redderentur
1319 1574 1496 1615 imagines.
1510 1572 1613 1607 Quod

913 1637 974 1659 suo
990 1634 1144 1668 tempore
1170 1628 1218 1658 ita
1242 1626 1275 1657 in
1300 1635 1363 1657 usu
1387 1625 1493 1656 fuisse
1516 1628 1614 1656 notat

913 1678 1045 1710 Plinius
1072 1676 1129 1709 lib.
1157 1684 1290 1708 xxxvr.
1318 1685 1397 1716 cap.
1424 1677 1478 1707 25.
1499 1678 1539 1706 ut
1562 1675 1613 1705 vi-

913 1732 1003 1760 trum
1013 1727 1237 1760 Obsidianum
1250 1726 1435 1767 parietibus
1446 1726 1615 1767 applicari

914 1782 1132 1815 consuetum,
1145 1786 1208 1818 pro
1221 1775 1369 1817 imagine
1385 1775 1522 1807 umbras
1537 1776 1615 1808 red-

915 1828 998 1860 dere
1014 1827 1166 1867 solitum,
1188 1826 1372 1858 observet:
1403 1827 1412 1844 ‘
1428 1826 1470 1858 In
1486 1835 1615 1867 genere

916 1879 999 1911 vitri
1013 1883 1051 1911 et
1063 1877 1255 1910 Obsidiana
1269 1882 1502 1918 numerantur,
1511 1877 1553 1910 ad
1570 1878 1615 1910 si-

915 1928 1144 1960 militudinem
1158 1928 1296 1969 lapidis,
1310 1937 1411 1970 quem
1434 1927 1471 1960 in
1484 1928 1618 1960 AEthio·

918 1978 975 2020 pia
996 1978 1127 2011 invenit
1153 1977 1320 2010 Obsidius
1335 1978 1510 2019 nigerrimi
1525 1979 1617 2010 colo·

918 2030 977 2069 ris,
1009 2028 1192 2071 aliquando
1220 2034 1258 2061 et
1280 2028 1498 2070 translucidi,
1522 2039 1615 2062 cras-

919 2079 1009 2111 siore
1036 2079 1124 2120 visu,
1146 2083 1251 2120 atque
1274 2079 1310 2110 in
1334 2080 1483 2120 speculis
1508 2080 1618 2120 parie-

918 2135 989 2161 tum
1005 2139 1068 2170 pro
1090 2129 1235 2170 imagine
1259 2128 1396 2160 umbras
1425 2129 1618 2162 reddente.’

917 2179 1027 2211 Porro
1037 2179 1203 2221 ejusmodi
1217 2179 1303 2211 vitra
1315 2189 1377 2220 per
1384 2180 1543 2211 cubicula
1550 2180 1618 2212 dis-

917 2231 1071 2273 posuisse
1085 2235 1233 2270 veteres,
1248 2239 1325 2271 quae
1350 2240 1441 2262 nunc
1453 2230 1618 2272 majores,

917 2290 1008 2313 nnnc
1030 2281 1178 2312 minores
1205 2280 1288 2322 ipsis
1324 2280 1427 2312 rebus
1452 2281 1617 2322 imagines

918 2329 1091 2368 redderet,
1107 2339 1223 2362 omnes
1236 2330 1361 2369 sciunt,
1374 2331 1432 2372 qui
1454 2331 1556 2363 modo
1570 2332 1620 2364 le-

918 2385 1043 2421 gerunt
1059 2380 1163 2411 vitam
1181 2379 1333 2420 Horatii,
1347 2390 1387 2412 ac
1402 2381 1495 2422 quod
1508 2381 1618 2415 refert

916 2431 1049 2462 Seneca
1085 2429 1129 2462 de
1167 2429 1293 2462 Hostia
1321 2429 1447 2464 Natur.
1486 2432 1618 2465 Qnaest.

915 2481 976 2512 lib.
995 2490 1021 2513 ι.

959 2533 1001 2563 43
1018 2531 1059 2563 In
1071 2530 1188 2571 speeies
1198 2531 1392 2574 munusque]
1412 2532 1453 2565 Id
1466 2537 1532 2572 est,
1542 2543 1617 2574 spe-

917 2582 994 2613 cula
1008 2581 1066 2612 illa
1075 2591 1143 2613 non
1163 2583 1270 2614 solum
1288 2583 1436 2615 reddunt
1450 2584 1617 2624 imagines

917 2631 1199 2673 intrantium,sed
1213 2633 1306 2676 ipsos
1318 2634 1531 2675 animos,hoc
1547 2640 1614 2677 est,

921 2681 1078 2715 affectus.
