1800 3060
233 212 320 255 430
736 224 779 254 P.
809 222 1003 254 PAPINH
1036 221 1202 253 s'rA'rn

350 318 528 360 Profert
548 317 833 360 Chalcidicas
853 316 1026 372 Sibylla
1045 317 1227 358 laurus?

352 386 604 438 Cedamus3
637 386 780 441 chely,
793 385 889 440 jam
905 398 1072 439 repone
1093 390 1278 437 cantus;

347 453 492 495 Vates
513 454 709 495 sanctior
729 453 914 507 incipit:
946 453 1183 494 tacendum
1204 456 1288 495 est.

348 521 441 563 En!
474 525 518 563 et
540 522 658 563 colla
679 526 811 573 rotat,
832 522 1053 574 novisque
1073 522 1164 562 late

348 589 604 631 Bacchatur
625 590 800 643 spatiis,
821 590 1029 643 viamque
1050 589 1206 644 replet.

347 655 475 698 Tunc
498 657 563 699 sic
584 658 780 711 virgineo
802 657 1005 711 profatur
1025 671 1126 700 ore:

349 724 542 766 DicEssA
551 737 602 776 M,
623 726 775 767 veniet
794 723 988 780 (manete
1007 726 1172 779 campi,

347 792 498 846 Atque
520 791 684 848 amnis)
702 794 867 844 veniet,
886 793 1059 835 favente
1082 795 1217 844 coelo,

349 859 443 911 Qui
463 861 633 902 foedum
654 875 812 903 nemus
832 866 876 903 et
895 866 1052 915 putres
1075 875 1234 904 arenas

348 927 495 970 Celsis
515 930 730 983 pontibus
753 934 798 971 et
817 930 894 971 via
913 929 1098 972 levabit.

349 997 441 1039 En!
471 998 543 1039 hic
565 1005 635 1039 est
660 998 809 1051 Deus;
841 998 955 1039 hunc
970 997 1103 1052 jubet
1123 998 1265 1041 beatis

347 1064 438 1106 Pro
461 1078 509 1106 se
529 1065 706 1120 Jupiter
723 1066 943 1120 imperare
964 1066 1116 1108 terris:

349 1131 453 1183 Quo
471 1147 561 1176 non
582 1133 757 1187 dignior
777 1134 858 1175 has
879 1134 996 1175 subit
1016 1135 1229 1184 habenaS,

345 1201 417 1244 Ex
439 1216 544 1256 quo,
565 1215 635 1244 me
658 1202 790 1255 duce,
810 1202 1027 1257 praescios
1047 1201 1216 1244 Averni

347 1270 535 1321 AEneas,
557 1270 688 1313 avide
707 1269 857 1312 futura
876 1283 1096 1324 quaerens,

347 1338 500 1380 Lucos
521 1343 565 1380 et
585 1339 835 1394 penetravit
856 1342 902 1380 et
919 1339 1116 1393 reliquit.

1615 453 1700 514 120

1616 792 1701 835 125

1615 1130 1700 1172 130

231 1451 369 1482 ostendit
383 1450 528 1490 antiquas
547 1447 687 1482 Cumas?
720 1450 967 1490 Decipiunturne
980 1448 1061 1480 oculi
1070 1447 1087 1481 ζ’
1108 1449 1162 1480 Απ
1177 1447 1302 1490 Sibylla
1321 1447 1455 1488 emigrat
1471 1456 1488 1478 ε
1501 1445 1619 1478 sanctis
1630 1455 1701 1486 spe·

231 1494 343 1534 luncis,
365 1493 525 1534 proferens
548 1493 656 1525 laurus
684 1493 899 1524 Chalcidicas?
935 1494 1088 1524 Cedamus
1111 1492 1246 1523 cithara.
1299 1491 1377 1522 Jam
1401 1490 1527 1522 dimitte
1547 1489 1698 1521 carmina.

240 1537 334 1568 Vates
355 1536 491 1568 sanctior
513 1537 654 1568 orditur.-
677 1536 830 1568 silendum
850 1539 907 1567 est.
954 1536 1006 1566 En
1014 1535 1119 1576 jactat
1133 1534 1294 1574 cervicem,
1317 1536 1348 1565 et
1365 1534 1428 1565 late
1451 1533 1617 1565 bacchatur
1644 1541 1700 1573 per

231 1590 342 1611 novam
363 1590 480 1618 aream,
502 1583 533 1611 et
554 1580 653 1620 replet
668 1579 763 1610 viam.
811 1579 899 1610 Tunc
919 1579 964 1609 sic
994 1579 1135 1619 loquitur
1156 1577 1298 1617 virgineo
1323 1586 1395 1609 ore.-
1421 1576 1544 1615 Veniet,
1563 1575 1700 1614 aiebam,

231 1622 408 1663 (expectate
423 1622 510 1662 agri,
526 1621 714 1663 amnisque,)
728 1621 844 1660 veniet,
859 1625 1013 1654 annuente
1028 1622 1113 1661 coelo,
1134 1621 1188 1661 qui
1212 1620 1301 1651 tollet
1315 1622 1436 1660 turpem
1450 1619 1568 1660 sylvam
1587 1621 1619 1649 et
1632 1627 1699 1649 sor-

232 1665 324 1696 didas
339 1675 451 1696 arenas
472 1665 547 1696 altis
560 1665 731 1705 aggeribus
757 1668 788 1696 et
803 1668 908 1696 strata
923 1664 1079 1705 lapidibus
1102 1664 1163 1695 via.
1211 1663 1290 1694 Ecce
1310 1662 1362 1694 hic
1386 1663 1475 1694 Deus
1498 1665 1556 1697 est,
1578 1661 1617 1691 de
1639 1670 1699 1701 quo

231 1708 387 1748 loquebar.
432 1709 564 1749 Jupiter
570 1708 662 1747 J’ubet
677 1708 758 1739 hunc
772 1707 928 1739 dominari
950 1717 1008 1748 pro
1030 1716 1062 1738 se
1074 1706 1167 1745 felici
1187 1705 1255 1737 orbi
1262 1715 1275 1742 ,·
1295 1715 1354 1746 quo
1372 1706 1476 1737 niellus
1496 1703 1623 1744 dignior
1645 1703 1701 1735 hoc

231 1752 397 1793 imperium
412 1752 510 1791 rexit,
524 1761 564 1784 ex
580 1761 638 1793 quo
653 1755 788 1792 tempore
804 1751 921 1783 AEneas
935 1753 1079 1782 scrutans
1091 1749 1200 1791 cupide
1221 1758 1272 1781 res
1287 1752 1433 1781 venturas
1445 1747 1545 1780 subiit
1563 1755 1601 1778 ac
1614 1747 1701 1778 dese-

842 1847 858 1859 ,
865 1846 1086 1860 OOOO'I‘O‘O'

232 1914 295 1944 114
319 1913 390 1945 Pro
419 1913 482 1944 imo
511 1912 663 1944 nonnulli
693 1911 794 1944 codd.
816 1912 1000 1943 unm—130
1032 1909 1195 1942 Bar-thius
1221 1906 1439 1940 scribendum
1467 1910 1585 1949 putat:
1609 1906 1699 1938 subn

897 2007 1038 2041 NOTAE

276 2075 339 2105 118
357 2072 570 2114 Chalcidicas]
587 2073 770 2109 Cumanas,
782 2072 863 2114 quia
876 2073 943 2104 Cu-

232 2124 324 2157 mani
341 2134 361 2155 a
377 2123 662 2156 Chalcidensibus
679 2123 758 2155 orti.
804 2121 941 2163 Sibylla]

233 2176 399 2207 Cumana.
424 2175 548 2207 Plures
565 2175 655 2207 enim
670 2174 822 2206 fuerunt.
849 2173 940 2204 Vide

1042 2074 1105 2104 124
1123 2069 1250 2112 Campi]
1273 2068 1341 2103 Qui
1354 2067 1437 2101 estis
1450 2076 1548 2100 coeno
1563 2066 1700 2109 repleti·-

1040 2125 1103 2154 125
1127 2120 1254 2161 Amnis]
1267 2120 1447 2152 Vulturne.

1039 2176 1104 2204 126
1126 2173 1256 2204 Foedum
1270 2170 1392 2212 neruus]
1415 2168 1474 2201 Ob
1491 2169 1614 2211 juncos
1626 2169 1701 2201 her-

231 2226 385 2267 Epitbal.
402 2227 521 2259 Stellae
537 2236 587 2259 vs.
599 2229 675 2258 177.
697 2224 835 2265 Laurus]
854 2225 940 2257 Ges-

232 2279 332 2311 tabat
347 2279 492 2320 laurum,
510 2284 549 2311 ut
576 2278 746 2321 Apollinis
767 2277 941 2316 sacerdos,

231 2330 286 2362 cui
299 2331 416 2362 laurus
432 2340 542 2362 sacra.

275 2384 340 2415 119
365 2383 543 2420 Cedamus,-
565 2381 664 2423 chely,
690 2379 762 2422 lfa]
785 2378 941 2421 Alloqui-

232 2435 288 2464 tur
301 2432 467 2464 citharam
485 2442 577 2464 suam
591 2431 772 2473 Papinius.

276 2485 341 2514 120
363 2482 526 2524 Sanctior]
549 2483 671 2516 Nobis.

275 2536 337 2565 121
355 2532 428 2565 En!
443 2537 473 2565 et
488 2534 566 2565 colla
578 2532 677 2573 rotat]
692 2532 742 2564 Ut
754 2531 873 2563 faeere
886 2540 939 2562 so-

231 2584 318 2624 lent,
335 2584 394 2625 qui
405 2583 522 2615 furere
540 2584 721 2624 incipiunt.
764 2581 856 2613 Vide
876 2580 939 2612 ini·

232 2635 283 2666 tio
299 2633 494 2666 AEneid.v1.
511 2633 554 2665 de
568 2634 689 2665 eadem
708 2632 852 2674 Sibylla.

277 2688 340 2717 122
356 2685 506 2726 Viamque
519 2685 633 2725 replet]
661 2684 843 2724 Nimirum,
857 2682 938 2714 dum

233 2735 351 2767 furens
367 2737 433 2768 huc
449 2739 485 2767 et
498 2735 582 2767 illuc
598 2735 724 2776 agitur.

280 2790 341 2819 123
371 2786 536 2827 Virginea]
559 2786 649 2820 Quia
665 2785 797 2826 Sibylla
815 2784 924 2825 virgo.

994 2223 1120 2266 basque
1137 2224 1309 2265 palustres
1325 2221 1373 2254 ibi
1385 2223 1492 2252 ortas.
1538 2221 1584 2252 Et
1592 2223 1700 2262 putres

994 2274 1123 2315 arenas]
1146 2273 1320 2315 Intelligit
1334 2282 1482 2313 eoenum,
1506 2281 1573 2314 quo
1589 2271 1702 2313 campi

995 2325 1112 2357 obruti
1128 2328 1240 2356 erant.

1039 2379 1102 2408 128
1127 2374 1229 2416 Deus]
1253 2372 1495 2407 Domitianum
1525 2371 1699 2413 designat,

993 2427 1050 2468 qui
1066 2436 1102 2458 se
1117 2427 1233 2458 Deum
1252 2423 1391 2456 volebat
1406 2421 1588 2465 appellari.
1615 2421 1699 2454 Bea-

994 2478 1051 2519 tis]
1073 2479 1125 2509 Eo
1139 2481 1308 2518 regnante
1324 2474 1470 2507 scilicet.
1691 2476 1693 2478 ’

1038 2532 1099 2562 131
1123 2529 1179 2560 ‚Ex
1193 2538 1264 2569 quo,
1279 2536 1327 2558 me
1341 2524 1584 2567 duee,‘praescion
1597 2522 1698 2555 Aver-

993 2580 1028 2612 ni
1042 2581 1171 2620 AEnms,
1196 2578 1287 2610 avide
1300 2576 1416 2616 futura
1432 2585 1583 2617 querens,
1597 2574 1698 2606 Lucos

992 2634 1025 2662 et
1047 2628 1226 2671 penetravit
1248 2631 1279 2659 et
1305 2626 1448 2667 reliquit]
1480 2624 1604 2665 Tangit
1641 2622 1698 2655 hic

993 2681 1198 2712 descensum
1207 2677 1326 2710 AEneae
1342 2677 1376 2708 in
1393 2674 1525 2708 Inferos
1541 2675 1629 2706 duce
1645 2674 1698 2706 Si-

993 2731 1100 2772 bylla,
1127 2739 1190 2771 per
1218 2727 1346 2760 Averni
1372 2725 1505 2759 fauces.
1564 2725 1698 2758 Fabula

992 2786 1075 2813 nota
1099 2790 1143 2812 ex
1173 2779 1249 2811 AEn.
1270 2786 1322 2810 vt.
1365 2776 1500 2818 Averni]
1521 2774 1695 2808 Avernum
