1800 3060
0 412 9 450 »-=r
0 311 10 395 -t-n-.

603 210 878 242 svnvARun
913 210 1007 240 mu.
1042 211 1071 241 ι.
1101 200 1142 241 3.
1522 202 1602 244 121

147 302 240 346 Aut
258 304 406 360 potuit
423 304 560 346 sociae
581 307 848 348 commercia
867 317 1050 347 noscere
1068 307 1196 360 ripae,

147 372 464 427 Certantesque
484 373 571 414 sibi
588 374 811 416 dominum
831 373 1066 416 defendere
1087 375 1239 426 villas;

145 439 279 482 Illum
299 453 380 482 nec
401 440 550 482 calido
569 440 747 484 latravit
766 441 911 483 Sirius
932 447 1072 493 astro,
1572 444 1601 483 5

146 506 244 549 Nec
263 508 410 562 gravis
431 508 614 563 aspexit
637 508 825 551 Nemees
842 509 1085 552 frondentis
1105 511 1331 552 alumnus:

143 574 271 616 Talis
289 575 444 631 hyems
465 577 608 627 tectis,
637 577 845 631 frangunt
862 579 929 620 sic
949 579 1154 632 improba
1172 579 1311 620 solem

144 641 343 697 Frigora,
365 644 604 698 Pisaeoque
623 645 782 688 domus
801 659 888 688 non
909 650 1067 688 aestuat
1085 659 1214 689 anuo.

141 769 230 820 beate
243 770 376 813 Aniene,
390 777 421 805 ee
431 775 673 814 poluitnoscere
679 775 846 816 fornicem,
859 787 918 818 quo
928 781 1093 818 uerumque
1104 777 1168 816 <ius
1181 777 1441 818 lietujnngitur‚
1455 788 1492 810 ac
1505 779 1597 810 Proe·

140 816 234 861 iona,
245 823 312 854 qua
325 817 470 848 certatim
483 821 670 850 contendunt
685 819 745 851 sibi
759 830 883 851 entare
897 821 1003 852 herum
1016 821 1197 852 incqumem
1209 832 1221 858 ,·
1244 831 1298 851 nee
1314 821 1420 852 Sirius
1434 822 1596 854 alhrtmrit

138 856 227 905 nllus-⁸
239 858 364 907 ardfuti
378 859 491 900 εἰσίω-ε,
505 871 560 893 nec
580 866 728 893 oesluasus
748 864 889 894 alumnus
908 865 1037 904 sylvosoe
1061 863 1195 895 Nemees
1219 864 1359 906 fierit:
1387 868 1493 896 tantus
1505 865 1596 904 algor

139 902 188 930 m
198 908 233 930 ιιι
246 901 377 942 θάψω,
391 906 423 934 et
437 906 561 936 lantum
577 904 690 945 frigus
710 906 872 938 contundit
885 908 1029 938 ardorem
1041 906 1128 948 solis,
1142 910 1179 939 nt
1195 907 1302 938 doum
1316 917 1376 938 non
1389 910 1500 940 asenec
1514 908 1595 948 ipso·

747 1000 984 1014 OOO‘OOOOO‘OO

138 1056 241 1090 hante
254 1057 403 1092 Handio.
446 1062 545 1094 Urat.
559 1065 589 1094 et
606 1063 738 1095 insertos
751 1074 764 1101 ,-
785 1065 884 1096 Rom.
911 1069 948 1096 et
974 1065 1114 1097 Venett.
1137 1068 1167 1096 et
1189 1065 1223 1096 in
1237 1066 1396 1096 serim—3
1420 1065 1546 1096 venet.
1561 1067 1592 1097 l.

133 1109 248 1141 ponere
261 1102 349 1144 ripa.
362 1103 490 1136 Markl.
507 1106 649 1146 monuit,
665 1116 708 1138 ne
724 1107 779 1139 cui
796 1107 1037 1140 adblandiatur
1051 1108 1162 1148 visere,
1173 1117 1215 1139 ex
1229 1107 1365 1139 Boethii
1378 1108 1515 1140 Consol.
1530 1109 1592 1140 lib.

137 1151 191 1176 ιν.
203 1144 310 1176 Metr.
322 1148 442 1179 12.—4
466 1147 685 1190 Cenanti-sque
701 1150 799 1182 Urat.
813 1151 914 1182 Voss.
931 1151 1059 1182 Venet.
1075 1154 1106 1183 1.
1117 1151 1233 1182 Parin.
1247 1150 1348 1182 Rom.
1360 1153 1389 1182 1.
1402 1154 1433 1182 2.
1450 1151 1592 1183 Venett.

135 1188 167 1218 2.
184 1189 218 1219 3.
231 1189 264 1220 4.
286 1188 383 1220 Brix.
399 1196 436 1222 et
450 1191 586 1223 vicent.
601 1192 692 1233 quod
719 1194 874 1234 reposuit
901 1193 1016 1225 Hand.
1064 1193 1232 1225 Cer-cantes
1249 1194 1357 1225 ceteri
1381 1193 1483 1225 codd.
1510 1204 1587 1225 cum

134 1228 238 1278 Aldd.
254 1230 365 1263 Colin.
381 1231 518 1274 Gryph.
533 1236 662 1266 δια-5
684 1235 795 1268 Scriv.
819 1236 862 1268 ad
889 1236 1041 1268 Martial.
1066 1245 1119 1268 iv.
1135 1240 1188 1268 57.
1210 1236 1358 1268 mutavit
1379 1236 1413 1267 iu
1440 1237 1590 1269 lacerarit

134 1270 241 1303 Smin
249 1283 264 1311 ,-
280 1273 425 1315 Hopfius
440 1285 520 1307 vero
535 1278 679 1309 lustrari&
692 1278 808 1311 Sirius.
854 1279 975 1310 Barth.
987 1279 1021 1310 in
1036 1278 1123 1310 libro
1139 1289 1202 1311 suo
1215 1280 1346 1310 notavit
1360 1288 1460 1310 mann
1476 1279 1591 1320 legen·

135 1313 214 1346 dum
237 1323 318 1359 esse·
338 1317 483 1356 latrabit,
499 1319 589 1361 quod
613 1330 689 1352 cum
717 1321 853 1363 reliquis
883 1331 950 1353 non
976 1322 1217 1354 cumcuin-6
1243 1323 1287 1354 N.
1317 1321 1437 1355 Heius.
1468 1323 1590 1353 maluit

131 1357 288 1406 adaperit,
301 1359 355 1391 vel
369 1361 509 1394 amit.
555 1362 690 1396 Wakef.
706 1364 741 1395 in
761 1365 854 1405 Sylv.
872 1365 957 1397 Crit.
971 1365 1065 1396 Tom.
1083 1374 1140 1396 ιιι.
1159 1375 1192 1406 p.
1209 1367 1263 1397 21.
1293 1365 1424 1396 Nemees
1435 1365 1589 1403 frenden-

133 1402 187 1430 ἐκ.
227 1400 298 1452 Sed
319 1401 364 1434 cf.
389 1403 542 1437 Martial-
572 1406 733 1446 Spectac.
762 1408 879 1448 Epigr.
896 1417 1017 1440 xxvii.
1033 1410 1132 1440 3.-8
1157 1408 1356 1449 Pinnamque
1370 1409 1402 1439 d.
1417 1418 1449 1440 n.
1464 1418 1503 1439 oe.
1531 1418 1588 1439 an-

133 1451 208 1474 nam
220 1444 386 1478 exhibent
398 1455 515 1480 omnes
530 1448 632 1482 codd.
646 1454 683 1482 et
698 1449 780 1482 edd.
796 1457 877 1483 ante
891 1451 1149 1490 Marklandum,
1170 1451 1230 1493 qui
1245 1451 1355 1483 edidit
1366 1456 1405 1483 ut
1423 1452 1456 1483 iu
1475 1455 1586 1484 textu.

783 1547 928 1581 NOTAE

135 1631 138 1633 Α
173 1607 194 1637 3
217 1606 319 1639 δοεὶιε
335 1609 519 1642 conmercia
539 1611 635 1653 ripae]
658 1611 831 1654 Intelligit

129 1654 382 1700 fornicem,qua
391 1664 533 1703 utraque
546 1671 624 1703 pars
633 1663 722 1695 villae
733 1664 830 1695 Man·

130 1706 166 1738 lii
180 1706 249 1740 sita
269 1709 303 1740 in
325 1715 470 1752 utraque
485 1710 629 1744 Anienis
652 1714 727 1755 ripa
749 1723 830 1747 con·

120 1756 345 1800 jungebatur,
359 1764 398 1792 ut
405 1760 480 1801 jum
492 1761 651 1796 diximus.

167 1809 190 1839 ὅ
212 1806 332 1850 sis-iun]
358 1811 423 1842 Est
450 1812 552 1845 stella
577 1814 830 1857 ardentissima,

128 1857 293 1892 Canicula
306 1860 412 1898 dicta,
424 1862 516 1895 unde
531 1866 646 1897 vocati
662 1866 671 1883 ‘
682 1865 757 1898 dies
773 1877 828 1899 ca·

126 1907 323 1943 niculares.'
365 1912 531 1957 latravit]
552 1915 687 1948 Alludit
711 1916 754 1948 ad
770 1928 826 1949 ca·

126 1966 205 1990 nem
220 1960 400 2003 Erigones,
416 1964 519 2005 quiin
534 1965 599 1998 hoc
611 1968 743 2008 signum
754 1977 828 1999 mu-

127 2011 221 2040 tatus
242 2010 379 2045 dicitur.
422 2014 479 2047 Sic
495 2015 601 2048 Theb.
617 2026 654 2048 ν.
690 2019 700 2035 ‘
717 2018 826 2050 Μετε-

126 2069 192 2101 que
206 2061 347 2095 AEstifer
360 2064 527 2106 Erigones
546 2071 683 2107 spumat
704 2068 823 2100 canis!

127 2109 288 2144 Manilius
307 2113 363 2147 lib.
379 2124 416 2147 v.
439 2117 449 2133 ‘
466 2116 658 2158 Latratque
677 2118 822 2150 Canicu-

125 2161 160 2192 la
173 2160 343 2205 flamma„
366 2167 412 2198 Et
427 2168 518 2208 rapit
532 2168 610 2209 igne
627 2178 702 2211 suo,
716 2171 822 2211 gemi-

124 2216 253 2253 natque
267 2213 425 2247 incendia
441 2217 542 2248 solis:

165 2263 188 2293 ὅ
211 2263 343 2296 Nemees
358 2266 517 2308 alumnus]
539 2267 710 2310 Intelligit
733 2270 821 2302 Leo-

122 2321 202 2345 nem
216 2315 367 2348 occisum
389 2317 433 2349 ab
457 2317 609 2350 Hercule
631 2319 667 2351 in
689 2320 823 2352 Nemea

122 2365 219 2406 sylva
238 2365 411 2410 Arcadiae,
429 2373 466 2401 et
491 2370 527 2401 in
551 2371 675 2402 coelum
701 2381 820 2413 recep-

121 2420 206 2456 tun!-
246 2417 374 2451 Sensus
387 2424 519 2452 autem:
544 2421 613 2455 Qui
626 2426 679 2453 est
693 2421 728 2453 in
740 2422 822 2454 villa

120 2465 242 2499 Manlii
256 2477 323 2500 non
345 2469 452 2502 sentit
475 2475 596 2502 aestum
617 2471 723 2503 etiam
745 2471 818 2504 die-

121 2516 183 2549 bus
195 2518 464 2561 canicularibns5
483 2521 539 2553 vel
553 2521 689 2563 quando
703 2522 753 2554 sol
763 2526 819 2555 est

118 2567 153 2599 in
177 2569 275 2610 signo
290 2570 430 2611 Leonis,
445 2571 509 2604 hoc
530 2576 594 2612 est,
613 2581 731 2605 mense
752 2573 814 2606 Ju-

116 2617 178 2656 lio,
198 2629 266 2661 quo
287 2629 404 2653 mense
429 2622 522 2653 calor
548 2623 715 2654 maximus
740 2633 815 2656 esse

117 2668 218 2709 solet,
231 2669 276 2701 ob
289 2679 364 2702 eam
378 2671 514 2703 scilicet
528 2674 709 2714 rationem,
722 2674 814 2715 quod

115 2718 201 2750 licet
220 2721 270 2752 sol
290 2721 354 2753 hoc
374 2726 529 2764 tempore
550 2724 657 2764 magis
675 2733 694 2755 a
715 2724 814 2756 nobis

117 2769 236 2812 distet,
255 2780 354 2813 quam
377 2773 457 2815 alio,
481 2783 543 2806 nos
568 2779 683 2807 tamen
707 2773 814 2808 feriat

883 1612 987 1645 radiis
1002 1613 1047 1645 ad
1071 1606 1387 1654 perpendicularem
1410 1612 1518 1654 magis
1530 1622 1586 1644 ac-

882 1663 1099 1701 cedentibus,
1122 1667 1160 1694 et
1190 1662 1269 1694 hinc
1296 1667 1393 1694 tanto
1415 1662 1587 1703 potentio·

882 1724 952 1746 rem
970 1713 1202 1747 reflectionem
1218 1712 1457 1746 efficientibus.

922 1768 942 1796 7
970 1765 1150 1806 Frangunt]
1171 1764 1298 1797 Sumsit
1313 1774 1332 1795 a
1348 1764 1513 1796 Cicerone
1524 1764 1585 1806 qui

880 1815 987 1848 dixit:
1014 1816 1144 1848 ‘Nune
1172 1820 1210 1847 et
1237 1815 1395 1846 Scaevola
1423 1815 1584 1856 quoniam

879 1865 914 1898 in
935 1866 1164 1898 Tusculanum
1186 1866 1236 1898 ire
1261 1865 1450 1905 coustituit,
1465 1867 1584 1907 paulu·

878 1916 948 1948 lum
975 1916 1185 1959 requiescet,
1206 1915 1286 1947 dum
1309 1925 1347 1947 se
1373 1915 1464 1947 calor
1489 1915 1583 1947 fran-

878 1967 962 2008 gat.'

922 2022 942 2050 8
964 2019 1128 2060 Fimoque
1148 2020 1257 2050 domu
1275 2028 1335 2050 m
1355 2021 1470 2050 estuat
1483 2018 1580 2060 anno]

879 2069 953 2101 Per
978 2078 1101 2101 annum
1128 2069 1278 2101 Pisaeum
1304 2068 1467 2109 intelligit
1495 2069 1579 2101 illud

877 2119 957 2151 anni
968 2124 1115 2161 tempus,
1123 2130 1188 2161 quo
1198 2119 1270 2151 ludi
1282 2118 1456 2160 Olympici
1470 2129 1579 2160 prope

876 2169 990 2201 Pisam
1014 2169 1050 2201 in
1071 2170 1172 2201 Elide
1195 2169 1471 2209 celebrabantur,
1487 2170 1579 2210 quod

875 2218 941 2252 fuit
967 2219 1030 2251 sub
1057 2220 1169 2262 ipsum
1195 2219 1388 2252 Solstitium
1412 2219 1576 2252 aestivale.

877 2270 953 2302 Non
972 2274 1086 2302 aduae
1099 2270 1195 2311 anno]
1217 2269 1260 2301 Id
1284 2274 1350 2310 est,
1376 2279 1444 2301 non
1469 2271 1579 2303 sentit

875 2321 1023 2352 calorem
1049 2325 1085 2352 et
1112 2324 1234 2351 aestum
1262 2319 1342 2351 anni
1371 2319 1485 2352 Pisaei.
1529 2321 1577 2352 Et

873 2373 1007 2402 ωηατ-ε
1032 2370 1090 2402 hic
1111 2370 1224 2401 active
1250 2370 1394 2401 sumitur
1420 2370 1512 2403 sicut
1538 2377 1576 2403 et

875 2420 1018 2452 verbum
1028 2423 1039 2439 ‘
1052 2419 1236 2452 anhelare?
1250 2420 1360 2452 Theb.
1372 2429 1426 2452 xr.
1449 2425 1458 2439 ⁸
1472 2421 1575 2453 Phle-

873 2482 942 2514 grae
966 2482 1026 2504 sen
1044 2470 1154 2503 fessus
1176 2471 1314 2503 anhelet
1334 2471 1485 2504 Praelia.'
1526 2473 1574 2504 Et

870 2522 978 2554 Theb.
993 2531 1030 2554 x.
1061 2520 1182 2553 Omnis
1197 2521 1334 2552 anhelet
1347 2521 1450 2552 Unda
1464 2520 1572 2554 nefas.

871 2571 1083 2603 Prudentius
1095 2571 1199 2602 etiam
1215 2571 1250 2602 id
1267 2570 1407 2602 verbum
1423 2581 1500 2603 cum
1515 2581 1571 2603 ac-

870 2623 1024 2655 cusativo
1035 2622 1214 2664 conJunxit
1223 2622 1362 2663 Hymno
1374 2622 1546 2654 Laurentii
1560 2634 1569 2655 :

868 2673 878 2691 ‘
894 2672 986 2705 Quid
1008 2672 1064 2703 ille
1089 2671 1226 2704 fervens
1249 2672 1391 2712 ambitu,
1410 2673 1570 2715 sitimque

867 2723 1004 2755 honoris
1019 2722 1193 2762 mtuansss
1206 2728 1245 2754 ut
1258 2722 1361 2754 habet
1376 2723 1569 2764 antiquissi-

866 2784 940 2806 mus
956 2774 1190 2806 Puteanorum
1205 2772 1326 2806 codex.
1362 2773 1487 2815 Vulgo,
1502 2775 1512 2792 ⁴
1525 2774 1568 2805 si-
