1800 3060
238 142 324 185 320
741 153 782 184 ε’.
804 152 1007 183 ruini!
1041 152 1205 183 STATn

239 249 339 291 Vos
361 247 575 303 Zephyris
597 248 764 303 aperite
787 249 937 291 sinus:
970 262 1075 304 pars
1097 253 1290 291 transtra
1310 257 1510 304 reponat,

241 318 356 359 Pars
374 317 577 358 demittat
593 317 725 371 aquis
746 330 897 380 curvae
914 319 1216 360 moderamina
1229 319 1410 373 puppis.

241 385 355 436 Sint,
375 384 534 439 quibus
554 385 759 438 exploret
773 398 907 440 rupes
927 386 1077 439 gravis
1099 390 1192 427 arte
1210 385 1450 440 molybdis‚
1643 388 1701 431 30

239 505 341 538 voniis
350 517 361 538 .·
381 516 456 548 pars
465 509 594 547 reponat
608 509 761 547 transtra,
773 517 850 547 pars
865 507 1033 546 immergat
1049 507 1083 539 in
1093 508 1439 548 aquasgubmaculum
1451 518 1555 540 curvoe
1566 508 1680 550 puppis
1692 519 1702 539 .·

240 548 316 591 sint,
337 559 406 591 quae
421 551 583 591 explorent
603 549 741 589 fundum
769 549 905 592 molybdi
920 551 983 581 lino
1002 552 1187 592 ponderosa,
1212 552 1285 583 olioe
1299 552 1474 584 revinciant
1488 556 1557 593 post
1578 555 1702 592 tergum

854 635 892 647 θ’
896 634 1071 647 “tecta“
1075 636 1093 647 0

243 687 435 720 Varronem
459 692 495 720 et
522 689 764 721 Festum—30
786 690 862 722 Sint
884 691 994 731 quibus
1018 692 1159 732 exploret
1182 692 1284 733 primo
1310 692 1422 732 gratis
1442 695 1511 724 arte
1537 692 1705 724 molorchos

243 731 354 762 codex
372 731 523 763 Florent.
570 732 644 764 Sint
656 733 765 773 quibus
778 734 917 774 explora
926 736 1013 774 prins
1025 736 1135 774 gravis
1147 739 1216 766 arte
1228 736 1379 767 molucros
1394 736 1509 767 Parm.
1553 735 1628 766 Sint
1638 735 1706 775 qui-

243 773 299 805 bus
314 775 453 815 exploret
468 784 558 814 rupes
568 777 678 814 gravis
688 780 757 807 arte
771 777 941 808 meum-hus
954 778 1051 808 Rom.
1064 782 1101 808 et
1116 778 1164 809 sic
1177 777 1322 810 Venett.
1332 777 1438 810 Aldd.
1447 778 1557 810 Colin.
1571 778 1642 818 Gry
1649 779 1706 817 pb.

243 817 352 848 Basil.
364 817 479 848 Plant.
493 817 637 850 Gevart.
651 818 804 851 Gronov.
820 820 939 851 Barth.
951 820 1061 852 Veen.
1077 824 1114 851 et
1130 820 1258 861 Delph.
1269 821 1335 852 nisi
1351 821 1442 862 qnod
1460 830 1523 861 pro
1533 820 1707 855 molorchos

244 859 409 891 exhibent
425 860 598 892 Molochus.
641 861 652 878 ‘
668 862 853 893 Salmasius
877 862 1046 903 putabat:
1071 862 1147 894 Sine
1168 863 1278 904 quibus
1296 865 1436 905 exploret
1450 863 1574 903 plumbo
1594 864 1706 903 pavis

245 902 312 933 alta
327 902 489 944 mdybetis,
502 903 590 945 quod
608 904 746 936 videtur
769 905 908 936 nimium
933 905 1110 937 recedere.
1154 906 1224 937 Sed
1247 916 1310 947 per
1325 907 1519 938 Molorchus·
1533 907 1706 938 nauticam

245 945 396 977 bolidem
421 947 475 978 hic
490 947 652 979 existimo
667 948 939 988 intelligendam,
955 949 1047 990 quod
1064 948 1220 989 magistri
1235 954 1371 982 veteres
1385 948 1529 981 volunt!
1551 949 1704 991 &heffen

245 988 337 1020 Vide
361 989 492 1030 Syllog.
510 990 625 1026 Epist.
651 992 746 1022 Tom.
762 1000 798 1022 v.
829 1001 863 1031 p.
877 993 952 1023 114.
977 993 1060 1023 item
1074 992 1171 1024 Tom.
1193 1000 1235 1023 11.
1260 1002 1294 1033 p.
1309 995 1385 1024 535.
1401 992 1599 1025 Gronovius
1616 993 1706 1033 conj.

244 1030 318 1063 Sint
346 1031 456 1072 quibus
477 1033 619 1073 exploret
643 1034 706 1065 lino
731 1034 842 1074 gravis
862 1035 929 1066 alta
952 1034 1114 1076 molybdis.
1157 1035 1342 1067 Salmasius
1364 1036 1467 1068 etiam
1493 1036 1529 1067 in
1554 1035 1705 1067 Plinian.

243 1074 401 1107 Exercit.
431 1085 463 1116 p.
486 1078 562 1108 712.
590 1077 680 1108 hunc
697 1087 830 1108 versum
857 1077 908 1109 ita
929 1077 1039 1109 citat:
1066 1077 1140 1109 Sint
1155 1078 1267 1118 quibus
1288 1080 1431 1120 exploret
1445 1077 1707 1119 rupesgrauitaeae

246 1117 418 1158 molybdus.
460 1118 470 1134 ‘
487 1119 557 1149 Pro
586 1119 766 1151 Molorchus
793 1120 930 1151 minime
961 1119 1099 1152 dubium
1129 1121 1235 1152 scribi
1261 1126 1424 1162 oportere
1452 1121 1617 1162 molubdis,
1645 1130 1707 1152 seu

245 1160 415 1202 molybdis:
436 1161 599 1201 μολυβδὶς,
612 1163 809 1202 plumbeum
833 1163 1094 1194 instrumentum
1113 1163 1156 1195 ad
1176 1164 1267 1196 hunc
1282 1174 1393 1204 usum,
1406 1166 1472 1206 (sc.
1496 1164 1540 1196 ad
1562 1164 1708 1195 latentia

245 1212 331 1234 saxa
346 1203 539 1244 indaganda
550 1204 577 1246 ς)
591 1205 682 1246 quod
699 1210 734 1236 et
746 1205 835 1242 βολὶς
848 1211 884 1238 et
899 1205 1138 1247 καταπειρητὴρ,
1148 1216 1206 1238 seu
1222 1206 1482 1250 καταπειρητηρία
1497 1206 1684 1239 vocabatur
1698 1218 1706 1238 ι

246 1245 291 1276 de
307 1247 435 1278 ceteris
451 1248 635 1279 tacendum
653 1254 748 1289 puto,
760 1249 870 1280 donec
886 1258 928 1280 ex
945 1250 1066 1281 codice
1082 1250 1196 1291 aliquo
1212 1254 1271 1282 aut
1288 1250 1381 1282 felici
1395 1251 1596 1291 conjectura
1607 1250 1706 1291 liqui-

246 1288 322 1321 dius
337 1289 466 1332 aliquid
489 1289 678 1333 effulgeat.'
700 1292 824 1324 Markl.
869 1292 1056 1334 Calepinus
1081 1292 1117 1324 in
1149 1293 1232 1325 Lex.
1249 1292 1305 1326 ed.
1328 1294 1515 1327 Facciolat.
1537 1292 1601 1325 sub
1624 1302 1707 1324 voce

907 1377 1049 1411 NOTAE

247 1448 305 1471 rus
321 1439 423 1471 etiam
439 1444 516 1472 erat
535 1451 643 1483 genus
664 1442 749 1474 levis
773 1452 812 1474 ac
827 1452 950 1484 angus-

246 1495 292 1524 tae
308 1492 483 1524 subucnlae
499 1493 613 1533 lineae,
628 1503 694 1535 quo
717 1493 951 1526 induebantur

246 1543 382 1584 puellae.
428 1543 572 1576 Festus:
597 1547 606 1562 ‘
631 1544 820 1586 Supparus,
849 1545 950 1577 vesti-

245 1598 399 1626 mentum
423 1594 614 1635 puellarum
638 1595 778 1636 lineum,
801 1595 891 1637 quod
914 1599 951 1628 et

246 1645 415 1676 subucula
429 1645 481 1676 vel
497 1645 638 1677 camisia
648 1646 752 1677 etiam
768 1644 921 1678 dicitur.’

290 1698 333 1727 29
357 1696 471 1727 Curvoe
485 1696 698 1727 moderamina
720 1696 852 1738 puppis]
877 1696 952 1729 Gu-

246 1744 470 1777 bernaculum
507 1745 686 1787 intelligit,
721 1756 788 1788 quo
821 1747 952 1787 regitur

247 1796 358 1838 navis,
379 1800 417 1828 et
439 1805 694 1839 quoquoversus
716 1797 951 1829 circumverti·

248 1851 316 1879 tur.

291 1900 333 1929 30
357 1897 445 1938 Sint,
458 1898 569 1939 quibus
582 1899 723 1939 exploret
740 1908 833 1939 rupes
844 1898 955 1938 gravis

247 1950 316 1979 arte
343 1948 492 1989 molybais
516 1948 708 1989 [Moloehus]
735 1948 823 1979 Sunt
846 1948 953 1979 inter-

249 2002 380 2040 pretes,
403 1998 458 2040 qui
489 2008 551 2038 per
566 1998 744 2029 Molucham
770 1998 954 2030 commenti

247 2053 328 2080 sunt
350 2048 572 2089 minatorem,
590 2049 645 2080 vel
666 2048 871 2080 navarchum
895 2049 954 2080 hu-

241 2100 341 2142 jusce
356 2100 502 2132 nominis
517 2100 780 2142 peritissimum3
803 2100 863 2132 sed
879 2101 954 2133 haec

248 2150 437 2192 explicatio
464 2160 583 2192 parum
605 2160 683 2182 cum
711 2154 825 2182 mente
852 2151 954 2183 Statii

248 2201 423 2234 convenit.
470 2200 539 2233 Alii
571 2201 677 2242 igitur
701 2201 862 2241 legerunt
883 2202 955 2232 Mo-

248 2252 406 2284 lorchum:
429 2251 488 2283 alii
509 2252 683 2288 motorium,
705 2260 782 2293 quae
799 2260 866 2282 vox
882 2260 954 2283 rec-

250 2309 322 2335 tum
334 2303 510 2345 plumbum
527 2302 711 2344 significat,
723 2303 757 2334 id
771 2307 835 2342 est,
847 2303 955 2344 plum-

250 2353 353 2385 beum
390 2353 670 2393 instrumentum,
708 2362 774 2394 quo
809 2353 954 2385 altitudo

248 2404 351 2436 maris
379 2405 603 2446 exploratur:
628 2404 746 2436 Graeci
775 2403 888 2440 βολίδα
901 2414 956 2436 vo·

249 2460 346 2496 cant,
357 2456 468 2497 quaid
483 2455 629 2496 faciunt,
643 2456 734 2487 linea
747 2465 883 2498 nempe,
899 2455 955 2488 cui

251 2506 425 2549 plumbum
442 2506 475 2537 in
491 2506 715 2538 extremitate
738 2517 952 2548 appensum:

250 2562 396 2589 vocatur
412 2562 448 2588 et
469 2556 708 2598 καταπειρητὴς,
725 2563 785 2589 aut
809 2569 956 2589 καταπει-

249 2607 358 2650 mrim,
376 2607 559 2640 Herodoto
578 2607 850 2650 κατατειρητηρία.
889 2609 955 2640 Lu-

250 2659 349 2691 cilius
374 2667 494 2691 vocem
520 2657 678 2691 Graecam
701 2660 881 2700 usurpavit
903 2659 955 2691 his

252 2708 430 2741 versibus:
453 2710 463 2727 ⁴
481 2708 527 2741 Et
555 2708 806 2750 catapiratcras
835 2708 957 2742 eodem

1005 1442 1153 1485 deferat,
1164 1453 1291 1477 uncum
1303 1443 1440 1476 Plumbi
1453 1443 1642 1485 pauxillum
1654 1453 1705 1476 ro-

1004 1492 1081 1534 dus,
1103 1494 1232 1536 linique
1256 1493 1452 1527 metaxamss
1496 1495 1707 1526 Instrumen-

1005 1548 1077 1576 tum
1090 1544 1173 1576 illud
1185 1549 1298 1576 autem
1313 1546 1512 1587 piumbeum
1527 1546 1596 1577 ima
1609 1549 1709 1586 parte

1005 1595 1106 1628 latius
1124 1601 1190 1636 est,
1203 1600 1240 1628 et
1266 1596 1470 1638 longissimis
1485 1595 1624 1628 funibus
1647 1604 1709 1636 ap·

1006 1645 1170 1686 penditur
1183 1657 1191 1677 :
1214 1655 1324 1686 eoque
1335 1650 1479 1679 utuntur
1490 1650 1618 1686 nautae,
1630 1655 1710 1678 cum

1006 1697 1092 1729 vada
1105 1697 1209 1729 maris
1225 1698 1350 1729 nullius
1365 1698 1492 1730 auxilio
1503 1698 1710 1730 instrumen-

1005 1748 1032 1780 ti
1047 1748 1193 1789 reperiri
1218 1753 1374 1790 possunt,
1386 1753 1425 1781 et
1446 1748 1608 1781 fortiores
1629 1753 1711 1779 sunt

1006 1799 1112 1840 venti,
1135 1804 1195 1831 aut
1218 1799 1364 1832 malacia
1385 1804 1450 1833 est.
1493 1800 1580 1832 Cum
1598 1799 1709 1841 'igitur

1005 1859 1111 1882 naves
1140 1851 1261 1883 sistere
1291 1851 1422 1889 volunt,
1449 1851 1549 1882 imam
1573 1853 1709 1891 partem

1007 1901 1135 1942 plumbi
1152 1901 1235 1933 sebo
1248 1901 1304 1932 vel
1319 1901 1420 1941 adipe
1434 1900 1584 1940 illinunt,
1598 1904 1634 1931 ct
1649 1899 1709 1930 de-

1006 1951 1150 1984 mittunt
1172 1951 1348 1993 plumbum
1372 1950 1509 1982 sonibus
1533 1950 1710 1992 alligatum

1008 2012 1076 2044 quo
1105 2012 1208 2045 usque
1237 2001 1383 2034 fundum
1419 2002 1587 2042 attigerit,
1614 2002 1712 2043 cnjus

1009 2056 1140 2084 tactum
1155 2052 1260 2084 facile
1282 2052 1459 2085 sentiunt:
1480 2053 1510 2083 si
1533 2060 1637 2083 arena
1652 2050 1711 2083 ad-

1007 2103 1144 2134 haeserit
1158 2103 1241 2135 sebo
1259 2103 1313 2135 vel
1340 2102 1447 2144 adipi,
1460 2111 1527 2134 non
1549 2101 1713 2134 dubitant

1009 2154 1173 2185 anchoras
1195 2154 1333 2195 jacere,
1353 2153 1382 2184 si
1407 2153 1491 2184 nibil
1514 2152 1713 2194 adhaeserit,

1009 2205 1201 2246 conjiciunt
1229 2204 1300 2236 illic
1325 2203 1442 2235 limum
1473 2202 1626 2242 subesse,
1652 2207 1714 2233 aut

1010 2265 1126 2296 rupes,
1142 2265 1218 2297 quae
1234 2254 1390 2286 anchorae
1406 2262 1553 2285 morsum
1569 2261 1637 2283 non
1652 2251 1713 2284 ad-

1009 2305 1167 2344 mittunt,
1199 2304 1344 2346 proinde
1381 2304 1525 2336 ulterius
1552 2306 1712 2344 pergunt.

1009 2355 1134 2396 Rupes]
1158 2355 1246 2387 Haec
1268 2363 1336 2387 vox
1363 2358 1526 2395 suspecta
1546 2353 1712 2385 salma-io

1008 2405 1043 2437 in
1069 2405 1237 2446 Epistola,
1248 2413 1348 2446 quam
1364 2403 1502 2445 scripsit
1517 2403 1560 2435 ad
1577 2403 1712 2435 Grono-

1009 2456 1113 2496 vium,
1133 2459 1173 2487 ut
1198 2455 1334 2487 adhunc
1361 2455 1473 2487 locum
1498 2452 1608 2486 refert
1636 2454 1712 2493 ipse

1008 2505 1218 2546 Gronovius,
1233 2514 1303 2537 non
1329 2505 1431 2544 enim,
1452 2509 1492 2536 ut
1512 2505 1562 2536 ait
1582 2504 1712 2536 Salma-

1007 2552 1092 2596 sius,
1112 2556 1339 2597 explorantur
1362 2565 1477 2597 rupes,
1498 2554 1559 2587 sed
1585 2554 1712 2587 fundus

1006 2606 1121 2646 maris,
1151 2610 1188 2637 et
1216 2605 1323 2647 ipsius
1352 2605 1510 2638 altimdo.
1555 2604 1603 2637 At
1632 2614 1712 2637 cum

1006 2656 1151 2690 subsunt
1174 2665 1292 2697 rupes,
1307 2665 1430 2698 magno
1452 2656 1487 2688 in
1511 2655 1712 2688 discrimine

1009 2711 1169 2740 versatur
1181 2706 1293 2748 navis,
1307 2712 1346 2739 et
1358 2715 1472 2740 serum
1487 2710 1542 2740 est
1559 2710 1640 2741 tunc
1653 2715 1714 2740 cx-
