1800 3060
185 217 245 259 94
690 229 731 257 P.
766 227 958 259 PAPlNll
992 227 1157 258 STA'rn

183 322 307 379 (Nec
328 323 439 365 satis
453 323 510 365 ad
526 322 697 377 cultus)
715 323 819 366 huie
838 323 955 366 Inda
973 323 1155 366 monilia
1175 322 1418 375 Glaucum,

187 391 454 446 Proteaque,
477 395 612 445 atque
633 405 803 433 omnem
826 391 1022 433 Nereida
1038 404 1232 446 quaerere
1246 391 1381 446 jussi.

188 458 324 500 Hanc
345 460 382 500 si
403 459 692 501 Thessalicos
712 459 917 509 vidisses,
937 459 1127 510 Phoebe,
1150 472 1228 514 per
1247 473 1393 514 agros,

187 527 365 568 Erraret
388 526 579 580 Daphne
601 539 784 568 secura:
817 527 864 567 in
884 526 1029 568 littore
1055 526 1179 570 Naxi

1566 462 1651 504 130

186 654 309 683 arenas,
322 646 391 684 (nec
403 646 519 688 sufficit
534 647 574 677 ad
587 645 732 686 ornatus)
747 645 782 677 in
797 644 863 684 ejus
884 655 972 677 usum
985 645 1119 686 praecept'
1137 645 1270 685 Glauco,
1287 646 1472 687 Proteaque,
1487 649 1518 678 et
1531 645 1652 678 cunctis

189 688 389 725 Nereidibus,
403 694 437 720 ut
452 693 670 720 scrutarentur
685 688 877 729 margaritas
890 689 1026 720 Indicas.
1070 690 1194 729 Apollo,
1209 689 1238 720 si
1249 689 1328 721 hanc
1341 689 1471 721 vidisses
1486 690 1518 720 iu
1533 690 1651 730 campis

190 729 367 772 Thessaliae,
380 732 519 774 Daphne
533 735 703 772 rogaretur
723 742 840 764 secura.
886 731 926 763 Si
950 732 1017 763 haec
1037 731 1105 763 visa
1121 731 1243 771 fuisset
1263 732 1298 764 in
1313 732 1421 765 littore
1435 732 1545 764 insula
1558 732 1651 764 Naxi

798 822 1037 835 OOOOOOOO'OOO

187 885 398 919 codd.—l28
421 887 547 920 Venet.
578 891 608 920 1.
631 888 705 919 hinc
725 889 821 927 inda,·
850 889 952 921 Urat.
978 890 1051 922 huic
1071 889 1196 926 vinda,-
1219 889 1253 920 in
1275 889 1342 921 alio
1370 889 1456 921 libro
1479 890 1550 922 huic
1576 891 1651 921 uda.

186 929 389 962 Bernartius
410 931 472 963 hos
496 941 612 963 versus
636 932 806 972 disposuit
829 933 893 965 hoc
915 933 1060 964 ordine:
1084 933 1154 964 Nec
1175 933 1264 971 satin,
1289 934 1344 972 ⁸5⁴⁶·
1381 933 1571 973 Proteaque,
1595 935 1650 973 sse.

185 972 275 1004 Huic
290 973 458 1014 Hermum,
471 975 633 1015 &sce—131
660 976 795 1007 Errant
806 985 916 1008 secura
933 976 1087 1017 Daphne.-
1109 976 1150 1016 si,
1164 977 1218 1016 Syc-
1252 974 1364 1007 Aldus
1377 976 1556 1017 distinguit
1573 980 1652 1015 post

186 1015 344 1056 Daphne,-
365 1017 455 1048 unde
480 1017 687 1049 Gevartius:
715 1019 852 1050 Erraret
876 1019 1031 1060 Daphne.-
1053 1019 1083 1051 si
1108 1029 1200 1050 curvo
1227 1018 1273 1057 in,
1297 1020 1350 1059 ἔμ’.
1375 1023 1411 1050 et
1437 1019 1487 1050 sic
1510 1021 1544 1050 in
1569 1020 1651 1050 Seu.

187 1058 279 1099 quod
297 1060 428 1099 placuit
450 1060 637 1100 Scaligero,
661 1061 809 1102 Cruceo,
826 1062 982 1102 Barthio‚
997 1062 1132 1094 Vossio.
1168 1061 1298 1093 Nostra
1313 1062 1490 1093 distinctio
1505 1067 1651 1103 apparet

186 1101 220 1132 in
237 1102 317 1134 Vat.
332 1105 362 1135 3.
393 1104 528 1135 Eri-aret
541 1113 649 1135 secura
664 1104 815 1146 Daphnes
830 1105 978 1138 Vindob.
995 1105 1085 1137 unde
1100 1103 1248 1137 fortasse
1263 1105 1363 1136 Tomi
1377 1104 1512 1137 emend.
1527 1105 1651 1147 proba-

849 1191 992 1224 NOTAE

185 1258 302 1285 monte
319 1253 451 1286 fontem
463 1253 604 1293 habens,
620 1253 892 1297 interfluensque

186 1304 400 1346 Smyrnaeum
428 1314 560 1345 agrum,
587 1305 842 1347 Phrygiamque
872 1316 893 1337 a

186 1356 290 1388 Caria
304 1355 473 1396 dividens,
489 1357 628 1389 tandem
647 1357 788 1398 Lydiam
809 1357 893 1389 allu-

186 1416 258 1446 ens,
273 1407 307 1437 in
327 1416 422 1438 mare
444 1406 569 1439 influit.
614 1406 749 1439 Arenas
772 1417 892 1440 aureas

185 1457 322 1488 trahere
337 1457 476 1489 dicitur.
525 1457 660 1498 Tagum]
683 1458 795 1499 Tagus
810 1458 892 1490 His-

186 1508 299 1549 paniae
322 1506 458 1549 fluvius,
481 1508 624 1548 aurifer,
639 1508 667 1540 si
690 1507 776 1540 fides
799 1507 892 1540 adhi-

184 1558 288 1590 betur
303 1559 492 1599 veteribus,
502 1557 632 1591 fontem
646 1559 750 1591 babet
763 1558 797 1590 in
815 1559 892 1591 Cel-

186 1610 324 1647 tiberia,
345 1610 468 1642 dividit
495 1610 720 1651 Lusitaniam,
743 1615 778 1642 et
803 1611 892 1642 ultra

185 1661 424 1702 Ulyssiponam
450 1661 483 1693 in
506 1661 687 1693 Oceanum
710 1662 891 1695 evolvitur.

186 1711 303 1744 Hodie
332 1716 475 1744 vocatur
503 1713 597 1754 Tajo.
643 1714 690 1744 Et
725 1713 826 1753 hunc,
856 1718 892 1745 et

185 1764 312 1797 multos
328 1764 412 1795 alios
429 1763 612 1795 Lusitaniae
636 1763 756 1795 fluvios
771 1764 891 1795 etiam-

186 1824 267 1846 num
291 1812 458 1845 auriferos
482 1823 558 1845 esse
585 1813 733 1846 affirmat
747 1814 801 1846 vir
821 1814 891 1846 fide

186 1864 310 1905 diguus
339 1864 505 1896 Emanuel
531 1864 705 1896 Henricus
728 1864 892 1897 Ortelius.

186 1916 288 1947 Fulvo
317 1915 405 1955 limo]
437 1914 479 1946 Id
507 1919 570 1955 est,
598 1924 715 1946 aureo.
759 1915 894 1946 Fulcum

186 1965 276 1998 euim
290 1966 462 2006 proprium
475 1964 652 2006 epitheton
663 1964 749 1996 auri.
794 1965 893 1997 Idem

187 2016 322 2048 omnino
353 2016 527 2048 Martialis
559 2016 602 2047 de
632 2017 738 2048 Stella
767 2026 893 2058 sponso

185 2067 396 2099 Violautillae
422 2066 510 2098 dicit
533 2067 594 2098 lib.
611 2076 679 2099 vu.
702 2066 822 2107 Epigr.
836 2070 891 2099 78.

186 2119 246 2151 ubi
275 2118 432 2150 ludorum
460 2119 580 2150 Stellae
605 2118 892 2160 magnificentiam

187 2169 374 2201 describit:
396 2170 405 2186 ‘
420 2168 498 2200 Non
516 2169 564 2200 illi
586 2169 668 2201 satis
684 2173 736 2201 est
755 2169 893 2201 turbato

186 2220 342 2252 sordibus
365 2229 447 2251 auro
471 2219 634 2259 Hermus,
659 2223 696 2252 et
719 2219 891 2261 Hesperio

188 2271 244 2312 qui
261 2275 361 2302 sonat
377 2270 460 2302 orbe
474 2269 612 2311 Tagus!

231 2323 295 2352 128
318 2322 387 2352 Nec
413 2321 492 2352 sutis
514 2322 556 2352 ud
575 2319 692 2361 cultus]
719 2321 796 2352 Hoc
824 2331 891 2353 non

187 2373 295 2404 solum
324 2371 360 2403 in
395 2372 538 2413 gratiam
565 2372 775 2404 Violantillae
805 2373 892 2405 dicit

186 2422 314 2462 Poeta,
338 2422 398 2453 sed
418 2423 522 2454 etiam
548 2423 582 2454 in
612 2422 756 2463 gratiam
786 2423 891 2464 ipsius

186 2474 318 2513 Stellae,
332 2482 433 2514 quem
458 2474 629 2505 Martialis
655 2473 741 2505 adeo
761 2474 891 2514 magui-

186 2524 288 2556 ficum
307 2534 347 2556 ac
369 2523 514 2555 nitidum
542 2525 575 2555 in
604 2525 700 2556 cultu
723 2525 892 2566 depingit,

188 2579 227 2606 ut
240 2574 383 2615 singulis
400 2583 535 2605 manum
557 2574 711 2606 articulis
729 2575 892 2616 plurimas

188 2635 339 2666 gemmas
354 2624 476 2664 ferret,
491 2624 552 2656 lib.
570 2634 605 2657 v.
622 2626 688 2666 Ep.
704 2629 756 2658 ll.
773 2626 815 2658 ad
830 2627 892 2659 Se-

191 2685 331 2708 verum:
366 2677 376 2694 ‘
394 2674 644 2716 Sardonychas,
675 2677 892 2718 Smaragdos,

189 2726 415 2768 Adamantas,
438 2726 595 2767 laspidas
620 2736 687 2758 uno
708 2728 835 2759 Versat
858 2729 893 2760 in

187 2776 335 2810 articulo
348 2776 469 2818 Stella,
480 2775 621 2818 Severe,
633 2785 740 2812 meus.
762 2779 894 2811 Multas

946 1255 981 1287 in
997 1255 1126 1298 digitis,
1142 1256 1267 1289 multas
1281 1256 1315 1288 in
1333 1256 1484 1289 carmine
1499 1266 1651 1299 gemmas

947 1307 1130 1339 Invenies:
1157 1305 1247 1338 unde
1272 1311 1326 1338 est
1341 1307 1425 1347 liaec,
1442 1312 1542 1348 puto,
1557 1308 1652 1340 culta

946 1356 1091 1390 manns.’
1136 1358 1217 1389 Inda
1231 1356 1373 1397 manilio]
1397 1358 1467 1389 Per
1480 1357 1568 1390 Inda
1581 1368 1651 1390 mo·

946 1409 1030 1441 uilia
1046 1409 1202 1450 designat
1217 1408 1419 1448 margaritas
1434 1412 1470 1440 et
1496 1409 1651 1450 uniones,

947 1468 990 1491 ex
1015 1460 1138 1501 quibus
1154 1458 1382 1491 conficiuntur
1404 1460 1555 1500 monilia,
1568 1471 1652 1503 quas

947 1510 980 1541 iu
997 1510 1120 1542 Indico
1135 1511 1220 1542 mari
1237 1510 1459 1552 pretiosiores
1477 1521 1553 1543 esse
1569 1512 1651 1543 scri-

950 1560 999 1592 bit
1015 1562 1150 1593 Plinius
1160 1561 1220 1592 lib.
1232 1569 1285 1593 xx.
1294 1570 1373 1602 cap.
1382 1563 1436 1593 35.
1450 1571 1551 1603 quem
1563 1561 1652 1594 vide.

947 1611 994 1644 Et
1008 1611 1108 1643 hodie
1124 1611 1270 1643 celebris
1285 1616 1338 1643 est
1353 1611 1387 1642 in
1402 1612 1467 1643 hoc
1482 1612 1568 1644 mari
1585 1614 1652 1654 pis-

947 1662 1039 1694 catio
1052 1662 1321 1704 margaritarum.
1353 1662 1522 1703 Glaucum]
1546 1663 1653 1695 Glau-

947 1723 1007 1745 cus
1024 1715 1121 1745 Deus
1144 1714 1303 1745 marinus.
1349 1713 1439 1746 Vide
1465 1724 1542 1755 quae
1564 1714 1651 1746 dixi-

946 1773 1020 1795 mus
1033 1763 1075 1794 de
1092 1763 1225 1795 Glauco
1237 1763 1347 1795 Theb.
1362 1772 1431 1795 vu.
1446 1766 1522 1796 335.

990 1815 1055 1845 129
1076 1811 1270 1853 Proteaque]
1293 1812 1442 1844 Proteus
1467 1813 1562 1844 Deus
1582 1823 1652 1845 rna-

948 1863 1054 1901 rinus,
1069 1861 1158 1893 filius
1173 1862 1306 1893 Oceani
1323 1866 1360 1894 et
1375 1862 1542 1904 Tethyos,
1555 1863 1651 1905 Nep-

948 1914 1019 1946 tuni
1050 1913 1186 1944 Phocas
1220 1913 1254 1943 in
1287 1913 1373 1944 mari
1401 1922 1557 1953 pascens,
1592 1914 1652 1945 de-

947 1964 1051 2006 nique
1069 1963 1310 1995 vaticiniorum
1338 1963 1575 2003 peritissimus,
1603 1973 1654 1995 as·

947 2024 1083 2046 sumens
1110 2014 1281 2056 quaslibet
1303 2012 1454 2052 formas;
1479 2013 1569 2045 unde
1594 2024 1652 2045 na-

947 2070 1020 2098 tum
1046 2065 1286 2107 proverbium:
1309 2065 1320 2082 ⁴
1339 2063 1540 2095 Mutabilior
1566 2064 1651 2096 Pro-

948 2115 1028 2148 teo!
1066 2115 1168 2147 Hunc
1184 2114 1382 2147 Herodotus
1405 2113 1493 2145 facit
1510 2114 1652 2156 AEgypti

948 2175 1078 2208 regem.
1105 2166 1194 2198 Vide
1211 2165 1333 2206 virgil.
1355 2165 1484 2206 Georg.
1499 2173 1554 2197 lv.
1585 2165 1651 2196 Ne-

947 2216 1050 2258 reida]
1078 2217 1165 2248 Vide
1179 2226 1281 2257 supra
1295 2227 1343 2248 vs.
1361 2218 1435 2247 115.

990 2272 1052 2301 130
1077 2268 1282 2309 Thessalicos]
1315 2268 1357 2300 Id
1380 2273 1444 2307 est,
1463 2265 1651 2299 Thessaliae

947 2319 1096 2360 regionis
1118 2319 1280 2358 Graeciae,
1297 2328 1371 2359 qua·
1393 2326 1434 2348 ex
1462 2327 1530 2348 uua
1553 2323 1652 2357 parte

946 2370 1132 2410 Boeotiam,
1148 2379 1191 2401 ex
1208 2369 1317 2400 altera
1340 2368 1580 2399 Macedoniam
1601 2373 1652 2398 at-

947 2421 1062 2462 tingit,
1071 2421 1112 2452 ad
1126 2429 1218 2452 mare
1229 2420 1319 2450 inter
1334 2418 1486 2450 Peneum
1499 2424 1534 2450 et
1546 2419 1653 2451 Ther-

923 2512 931 2517 ·
947 2471 1101 2512 mopylas
1123 2475 1290 2501 extensa:
1316 2469 1409 2510 prius
1431 2468 1600 2508 AEmonia,
1616 2473 1653 2500 et

946 2521 1129 2562 Pelasgica
1149 2519 1273 2561 Argos,
1295 2519 1516 2561 Dryopisque
1537 2521 1653 2553 dicta:

947 2573 1113 2605 dividitur
1134 2574 1169 2617 in
1192 2577 1339 2615 quatuor
1361 2578 1492 2613 partes,
1506 2572 1652 2603 Thessa-

947 2624 1056 2664 liotin,
1071 2623 1264 2661 Plitbiotin‚
1279 2621 1503 2663 Pelasgiotin,
1518 2627 1553 2654 et
1569 2622 1652 2653 Tes-

947 2679 1060 2758 ueltgi·
1075 2723 1224 2766 Daphne]
1255 2723 1405 2765 Daphne
1417 2722 1489 2755 filia
1507 2722 1654 2756 Ladonis

947 2775 1054 2819 fluvii,
1065 2776 1223 2810 adamata
1231 2776 1274 2809 ab
1288 2775 1464 2817 Apolline,
1478 2780 1515 2807 et
1530 2775 1565 2807 in
1580 2775 1651 2807 lau-
