<?xml version="1.0" encoding="UTF-8"?>
<!DOCTYPE html PUBLIC "-//W3C//DTD XHTML 1.0 Transitional//EN"
    "http://www.w3.org/TR/xhtml1/DTD/xhtml1-transitional.dtd">
<html xmlns="http://www.w3.org/1999/xhtml" xml:lang="en" lang="en">
 <head>
  <title>
</title>
<meta http-equiv="Content-Type" content="text/html;charset=utf-8" />
  <meta name='ocr-system' content='tesseract 3.04.00' />
  <meta name='ocr-capabilities' content='ocr_page ocr_carea ocr_par ocr_line ocrx_word'/>
</head>
<body>
  <div class='ocr_page' id='page_1' title='image "./operaomniaexedit01statuoft_0057.png"; bbox 0 0 1800 3060; ppageno 0'>
   <div class='ocr_carea' id='block_1_1' title="bbox 657 147 1620 188">
    <p class='ocr_par' dir='ltr' id='par_1_1' title="bbox 657 147 1620 188">
     <span class='ocr_line' id='line_1_1' title="bbox 657 147 1620 188; baseline -0.004 -2"><span class='ocrx_word' id='word_1_1' title='bbox 657 154 935 187; x_wconf 74' lang='lat' dir='ltr'>SYLVARUM</span> <span class='ocrx_word' id='word_1_2' title='bbox 970 155 1067 185; x_wconf 75' lang='lat' dir='ltr'><strong>Lm.</strong></span> <span class='ocrx_word' id='word_1_3' title='bbox 1099 155 1131 184; x_wconf 85' lang='lat'><strong>1.</strong></span> <span class='ocrx_word' id='word_1_4' title='bbox 1563 147 1620 188; x_wconf 82' lang='grc'><strong>47</strong></span> 
     </span>
    </p>
   </div>
   <div class='ocr_carea' id='block_1_2' title="bbox 169 248 1622 709">
    <p class='ocr_par' dir='ltr' id='par_1_2' title="bbox 169 248 1622 709">
     <span class='ocr_line' id='line_1_2' title="bbox 169 248 1619 304; baseline -0.001 -8"><span class='ocrx_word' id='word_1_5' title='bbox 169 252 431 296; x_wconf 80' lang='lat' dir='ltr'><strong>auctoritate</strong></span> <span class='ocrx_word' id='word_1_6' title='bbox 450 250 657 293; x_wconf 86' lang='lat' dir='ltr'><strong>editionis</strong></span> <span class='ocrx_word' id='word_1_7' title='bbox 675 249 860 300; x_wconf 85' lang='lat' dir='ltr'><strong>onerari,</strong></span> <span class='ocrx_word' id='word_1_8' title='bbox 881 261 984 291; x_wconf 90' lang='lat' dir='ltr'><strong>cum</strong></span> <span class='ocrx_word' id='word_1_9' title='bbox 1003 248 1149 291; x_wconf 81' lang='lat' dir='ltr'><strong>adhuc</strong></span> <span class='ocrx_word' id='word_1_10' title='bbox 1170 262 1250 304; x_wconf 90' lang='lat' dir='ltr'><strong>pro</strong></span> <span class='ocrx_word' id='word_1_11' title='bbox 1270 248 1500 292; x_wconf 79' lang='lat' dir='ltr'><strong>Thebaide</strong></span> <span class='ocrx_word' id='word_1_12' title='bbox 1519 265 1619 294; x_wconf 88' lang='lat' dir='ltr'><strong>mea</strong></span> 
     </span>
     <span class='ocr_line' id='line_1_3' title="bbox 169 314 1616 376; baseline -0.001 -14"><span class='ocrx_word' id='word_1_13' title='bbox 169 319 392 376; x_wconf 77' lang='lat' dir='ltr'><strong>(quumvis</strong></span> <span class='ocrx_word' id='word_1_14' title='bbox 412 332 484 361; x_wconf 90' lang='lat' dir='ltr'><strong>me</strong></span> <span class='ocrx_word' id='word_1_15' title='bbox 503 315 744 373; x_wconf 84' lang='lat' dir='ltr'>reliquerit)</span> <span class='ocrx_word' id='word_1_16' title='bbox 763 318 894 359; x_wconf 88' lang='lat' dir='ltr'><strong>timeo</strong></span> <span class='ocrx_word' id='word_1_17' title='bbox 909 314 946 358; x_wconf 74' lang='lat' dir='ltr'><strong>‘l‘</strong></span> <span class='ocrx_word' id='word_1_18' title='bbox 972 317 1065 359; x_wconf 86' lang='lat' dir='ltr'><strong>Sed</strong></span> <span class='ocrx_word' id='word_1_19' title='bbox 1092 322 1139 358; x_wconf 88' lang='lat' dir='ltr'><strong>et</strong></span> <span class='ocrx_word' id='word_1_20' title='bbox 1159 316 1358 360; x_wconf 87' lang='lat' dir='ltr'><strong>Culicem</strong></span> <span class='ocrx_word' id='word_1_21' title='bbox 1370 323 1387 348; x_wconf 75' lang='lat'><strong>⁸</strong></span> <span class='ocrx_word' id='word_1_22' title='bbox 1415 319 1616 372; x_wconf 83' lang='lat' dir='ltr'><strong>legimus,</strong></span> 
     </span>
     <span class='ocr_line' id='line_1_4' title="bbox 170 383 1618 441; baseline -0.001 -11"><span class='ocrx_word' id='word_1_23' title='bbox 170 392 218 430; x_wconf 82' lang='lat' dir='ltr'><strong>et</strong></span> <span class='ocrx_word' id='word_1_24' title='bbox 234 385 779 441; x_wconf 79' lang='lat' dir='ltr'><strong>Batrachomyomachiam</strong></span> <span class='ocrx_word' id='word_1_25' title='bbox 793 391 812 418; x_wconf 87' lang='lat'>9</span> <span class='ocrx_word' id='word_1_26' title='bbox 826 383 844 408; x_wconf 83' lang='lat'><strong>¹¹</strong></span> <span class='ocrx_word' id='word_1_27' title='bbox 873 385 1008 427; x_wconf 86' lang='lat' dir='ltr'><strong>etiam</strong></span> <span class='ocrx_word' id='word_1_28' title='bbox 1038 385 1324 438; x_wconf 84' lang='lat' dir='ltr'>agnoscimus</span> <span class='ocrx_word' id='word_1_29' title='bbox 1337 399 1351 428; x_wconf 69' lang='grc' dir='ltr'>ε</span> <span class='ocrx_word' id='word_1_30' title='bbox 1390 398 1472 428; x_wconf 87' lang='lat' dir='ltr'><strong>nec</strong></span> <span class='ocrx_word' id='word_1_31' title='bbox 1495 387 1618 441; x_wconf 86' lang='lat' dir='ltr'><strong>quis-</strong></span> 
     </span>
     <span class='ocr_line' id='line_1_5' title="bbox 172 451 1618 510; baseline -0.001 -13"><span class='ocrx_word' id='word_1_32' title='bbox 172 467 305 510; x_wconf 81' lang='lat' dir='ltr'><strong>quam</strong></span> <span class='ocrx_word' id='word_1_33' title='bbox 322 458 390 496; x_wconf 88' lang='lat' dir='ltr'><strong>est</strong></span> <span class='ocrx_word' id='word_1_34' title='bbox 417 454 653 496; x_wconf 85' lang='lat' dir='ltr'><strong>illustrium</strong></span> <span class='ocrx_word' id='word_1_35' title='bbox 682 451 939 503; x_wconf 67' lang='lat' dir='ltr'><strong>Poetarum,</strong></span> <span class='ocrx_word' id='word_1_36' title='bbox 969 453 1048 507; x_wconf 91' lang='lat' dir='ltr'><strong>qui</strong></span> <span class='ocrx_word' id='word_1_37' title='bbox 1076 465 1166 494; x_wconf 91' lang='lat' dir='ltr'><strong>non</strong></span> <span class='ocrx_word' id='word_1_38' title='bbox 1195 451 1367 506; x_wconf 81' lang='lat' dir='ltr'><strong>aliquid</strong></span> <span class='ocrx_word' id='word_1_39' title='bbox 1404 454 1618 507; x_wconf 87' lang='lat' dir='ltr'><strong>operibus</strong></span> 
     </span>
     <span class='ocr_line' id='line_1_6' title="bbox 171 518 1617 576; baseline -0.001 -12"><span class='ocrx_word' id='word_1_40' title='bbox 171 522 265 564; x_wconf 87' lang='lat' dir='ltr'><strong>suis</strong></span> <span class='ocrx_word' id='word_1_41' title='bbox 280 527 315 546; x_wconf 83' lang='lat'><strong>¹⁰</strong></span> <span class='ocrx_word' id='word_1_42' title='bbox 344 521 460 576; x_wconf 83' lang='lat' dir='ltr'><strong>stylo</strong></span> <span class='ocrx_word' id='word_1_43' title='bbox 479 521 729 563; x_wconf 82' lang='lat' dir='ltr'><strong>remissiore</strong></span> <span class='ocrx_word' id='word_1_44' title='bbox 752 518 1081 574; x_wconf 69' lang='lat' dir='ltr'><strong>praeluserit.¹¹³</strong></span> <span class='ocrx_word' id='word_1_45' title='bbox 1141 519 1295 571; x_wconf 69' lang='lat' dir='ltr'><strong>Quid?</strong></span> <span class='ocrx_word' id='word_1_46' title='bbox 1326 521 1449 575; x_wconf 91' lang='lat' dir='ltr'><strong>quod</strong></span> <span class='ocrx_word' id='word_1_47' title='bbox 1467 521 1565 563; x_wconf 86' lang='lat' dir='ltr'><strong>baec</strong></span> <span class='ocrx_word' id='word_1_48' title='bbox 1582 525 1617 545; x_wconf 86' lang='lat'><strong>¹²</strong></span> 
     </span>
     <span class='ocr_line' id='line_1_7' title="bbox 171 587 1622 642; baseline -0.001 -11"><span class='ocrx_word' id='word_1_49' title='bbox 171 601 316 632; x_wconf 84' lang='lat' dir='ltr'><strong>serum</strong></span> <span class='ocrx_word' id='word_1_50' title='bbox 334 593 430 632; x_wconf 80' lang='lat' dir='ltr'><strong>erat</strong></span> <span class='ocrx_word' id='word_1_51' title='bbox 458 589 705 639; x_wconf 88' lang='lat' dir='ltr'><strong>continere,</strong></span> <span class='ocrx_word' id='word_1_52' title='bbox 735 601 837 630; x_wconf 87' lang='lat' dir='ltr'><strong>cum</strong></span> <span class='ocrx_word' id='word_1_53' title='bbox 866 587 944 629; x_wconf 90' lang='lat' dir='ltr'><strong>illa</strong></span> <span class='ocrx_word' id='word_1_54' title='bbox 972 600 1053 630; x_wconf 90' lang='lat' dir='ltr'><strong>vos</strong></span> <span class='ocrx_word' id='word_1_55' title='bbox 1081 593 1213 639; x_wconf 88' lang='lat' dir='ltr'><strong>certe,</strong></span> <span class='ocrx_word' id='word_1_56' title='bbox 1245 601 1433 642; x_wconf 90' lang='lat' dir='ltr'><strong>quorum</strong></span> <span class='ocrx_word' id='word_1_57' title='bbox 1462 588 1622 630; x_wconf 90' lang='lat' dir='ltr'><strong>honori</strong></span> 
     </span>
     <span class='ocr_line' id='line_1_8' title="bbox 171 655 1621 709; baseline -0.001 -10"><span class='ocrx_word' id='word_1_58' title='bbox 171 656 276 699; x_wconf 84' lang='lat' dir='ltr'><strong>data</strong></span> <span class='ocrx_word' id='word_1_59' title='bbox 293 660 410 707; x_wconf 89' lang='lat' dir='ltr'><strong>sunt,</strong></span> <span class='ocrx_word' id='word_1_60' title='bbox 428 656 661 698; x_wconf 81' lang='lat' dir='ltr'><strong>haberetiS.</strong></span> <span class='ocrx_word' id='word_1_61' title='bbox 720 655 812 698; x_wconf 88' lang='lat' dir='ltr'><strong>Sed</strong></span> <span class='ocrx_word' id='word_1_62' title='bbox 842 655 963 709; x_wconf 88' lang='lat' dir='ltr'><strong>apud</strong></span> <span class='ocrx_word' id='word_1_63' title='bbox 993 659 1164 698; x_wconf 87' lang='lat' dir='ltr'><strong>ceteros</strong></span> <span class='ocrx_word' id='word_1_64' title='bbox 1191 668 1377 698; x_wconf 89' lang='lat' dir='ltr'><strong>necesse</strong></span> <span class='ocrx_word' id='word_1_65' title='bbox 1406 662 1478 698; x_wconf 89' lang='lat' dir='ltr'><strong>est</strong></span> <span class='ocrx_word' id='word_1_66' title='bbox 1509 656 1621 698; x_wconf 91' lang='lat' dir='ltr'><strong>mul-</strong></span> 
     </span>
    </p>
   </div>
   <div class='ocr_carea' id='block_1_3' title="bbox 780 776 1014 790">
    <p class='ocr_par' dir='ltr' id='par_1_3' title="bbox 780 776 1014 790">
     <span class='ocr_line' id='line_1_9' title="bbox 780 776 1014 790; baseline 0.004 -1"><span class='ocrx_word' id='word_1_67' title='bbox 780 776 933 790; x_wconf 53' lang='grc' dir='ltr'><strong>0000,Νο</strong></span> <span class='ocrx_word' id='word_1_68' title='bbox 937 777 1014 790; x_wconf 59' lang='lat'><strong>0600</strong></span> 
     </span>
    </p>
   </div>
   <div class='ocr_carea' id='block_1_4' title="bbox 170 851 1629 1758">
    <p class='ocr_par' dir='ltr' id='par_1_4' title="bbox 170 851 1626 1321">
     <span class='ocr_line' id='line_1_10' title="bbox 170 851 1624 895; baseline 0.001 -11"><span class='ocrx_word' id='word_1_69' title='bbox 170 851 308 885; x_wconf 75' lang='lat' dir='ltr'><strong>inediti·</strong></span> <span class='ocrx_word' id='word_1_70' title='bbox 321 852 478 893; x_wconf 76' lang='lat' dir='ltr'><strong>scripsit:</strong></span> <span class='ocrx_word' id='word_1_71' title='bbox 503 852 589 889; x_wconf 72' lang='lat' dir='ltr'><strong>Quid</strong></span> <span class='ocrx_word' id='word_1_72' title='bbox 602 852 685 884; x_wconf 77' lang='lat' dir='ltr'><strong>enim</strong></span> <span class='ocrx_word' id='word_1_73' title='bbox 699 862 815 894; x_wconf 71' lang='lat' dir='ltr'><strong>quoque</strong></span> <span class='ocrx_word' id='word_1_74' title='bbox 828 854 1016 888; x_wconf 64' lang='lat' dir='ltr'><strong>auctorum</strong></span> <span class='ocrx_word' id='word_1_75' title='bbox 1028 863 1075 885; x_wconf 71' lang='lat' dir='ltr'><strong>me</strong></span> <span class='ocrx_word' id='word_1_76' title='bbox 1088 853 1236 885; x_wconf 68' lang='lat' dir='ltr'><strong>editionis</strong></span> <span class='ocrx_word' id='word_1_77' title='bbox 1250 852 1395 887; x_wconf 77' lang='lat' dir='ltr'><strong>onerun&#39;?</strong></span> <span class='ocrx_word' id='word_1_78' title='bbox 1416 854 1476 885; x_wconf 87' lang='lat' dir='ltr'><strong>Vir</strong></span> <span class='ocrx_word' id='word_1_79' title='bbox 1491 853 1624 895; x_wconf 84' lang='lat' dir='ltr'><strong>doctus,</strong></span> 
     </span>
     <span class='ocr_line' id='line_1_11' title="bbox 171 893 1625 937; baseline 0.002 -11"><span class='ocrx_word' id='word_1_80' title='bbox 171 904 271 937; x_wconf 81' lang='lat' dir='ltr'><strong>quem</strong></span> <span class='ocrx_word' id='word_1_81' title='bbox 284 893 409 926; x_wconf 72' lang='lat' dir='ltr'><strong>Huius</strong></span> <span class='ocrx_word' id='word_1_82' title='bbox 424 895 604 927; x_wconf 70' lang='lat' dir='ltr'><strong>Mor-ellum</strong></span> <span class='ocrx_word' id='word_1_83' title='bbox 616 905 690 927; x_wconf 77' lang='lat' dir='ltr'><strong>esse</strong></span> <span class='ocrx_word' id='word_1_84' title='bbox 707 900 818 936; x_wconf 87' lang='lat' dir='ltr'><strong>putat,</strong></span> <span class='ocrx_word' id='word_1_85' title='bbox 842 897 876 928; x_wconf 91' lang='lat' dir='ltr'><strong>in</strong></span> <span class='ocrx_word' id='word_1_86' title='bbox 903 897 1078 928; x_wconf 79' lang='lat' dir='ltr'><strong>Parmensi</strong></span> <span class='ocrx_word' id='word_1_87' title='bbox 1095 897 1251 936; x_wconf 82' lang='lat' dir='ltr'><strong>exemplo</strong></span> <span class='ocrx_word' id='word_1_88' title='bbox 1265 896 1488 936; x_wconf 78' lang='lat' dir='ltr'><strong>interpolavit</strong></span> <span class='ocrx_word' id='word_1_89' title='bbox 1502 907 1511 928; x_wconf 70' lang='grc' dir='ltr'>ι</span> <span class='ocrx_word' id='word_1_90' title='bbox 1538 898 1625 933; x_wconf 76' lang='lat' dir='ltr'><strong>Quid</strong></span> 
     </span>
     <span class='ocr_line' id='line_1_12' title="bbox 171 937 1625 1022; baseline 0.002 -11"><span class='ocrx_word' id='word_1_91' title='bbox 171 937 252 970; x_wconf 46' lang='grc' dir='ltr'><strong><em>ὼ</em></strong></span> <span class='ocrx_word' id='word_1_92' title='bbox 271 961 421 1012; x_wconf 64' lang='lat' dir='ltr'><strong>mariv</strong></span> <span class='ocrx_word' id='word_1_93' title='bbox 441 937 525 1021; x_wconf 47' lang='grc' dir='ltr'><strong>ιὶιωιιῃ</strong></span> <span class='ocrx_word' id='word_1_94' title='bbox 544 949 587 1021; x_wconf 62' lang='lat'><strong>250²</strong></span> <span class='ocrx_word' id='word_1_95' title='bbox 619 937 1281 1022; x_wconf 39' lang='grc' dir='ltr'><strong>ᾖιῗέεἷέῗῑῧὲᾗοῖἶῖιξι“ῗρῖἒιᾞωξιῗοῖιε</strong></span> <span class='ocrx_word' id='word_1_96' title='bbox 1296 939 1397 1013; x_wconf 54' lang='lat' dir='ltr'><strong>‹3ss</strong></span> <span class='ocrx_word' id='word_1_97' title='bbox 1407 940 1490 971; x_wconf 39' lang='grc' dir='ltr'>αὴ</span> <span class='ocrx_word' id='word_1_98' title='bbox 1503 943 1625 1014; x_wconf 36' lang='lat' dir='ltr'><strong>timeo&amp;</strong></span> 
     </span>
     <span class='ocr_line' id='line_1_13' title="bbox 173 1001 1615 1020; baseline 0.003 -8"><span class='ocrx_word' id='word_1_99' title='bbox 173 1002 184 1012; x_wconf 67' lang='lat' dir='ltr'>C</span> <span class='ocrx_word' id='word_1_100' title='bbox 198 1001 208 1009; x_wconf 69' lang='lat' dir='ltr'>fl</span> <span class='ocrx_word' id='word_1_101' title='bbox 221 1002 232 1012; x_wconf 67' lang='lat' dir='ltr'>fl</span> <span class='ocrx_word' id='word_1_102' title='bbox 247 1002 257 1012; x_wconf 69' lang='lat'>⁸</span> <span class='ocrx_word' id='word_1_103' title='bbox 404 1004 414 1013; x_wconf 67' lang='grc' dir='ltr'><strong><em>ο</em></strong></span> <span class='ocrx_word' id='word_1_104' title='bbox 522 1005 531 1020; x_wconf 57' lang='lat' dir='ltr'><strong>j</strong></span> <span class='ocrx_word' id='word_1_105' title='bbox 588 1002 597 1011; x_wconf 68' lang='lat'>0</span> <span class='ocrx_word' id='word_1_106' title='bbox 786 1005 794 1013; x_wconf 68' lang='grc'><strong>1</strong></span> <span class='ocrx_word' id='word_1_107' title='bbox 1158 1005 1168 1020; x_wconf 61' lang='lat' dir='ltr'><strong>j</strong></span> <span class='ocrx_word' id='word_1_108' title='bbox 1414 1006 1423 1014; x_wconf 73' lang='lat' dir='ltr'><em>O</em></span> <span class='ocrx_word' id='word_1_109' title='bbox 1436 1005 1446 1014; x_wconf 71' lang='grc' dir='ltr'>Ο</span> <span class='ocrx_word' id='word_1_110' title='bbox 1456 1006 1465 1015; x_wconf 70' lang='lat'>0</span> <span class='ocrx_word' id='word_1_111' title='bbox 1479 1005 1488 1014; x_wconf 68' lang='grc' dir='ltr'><em>Π</em></span> <span class='ocrx_word' id='word_1_112' title='bbox 1605 1007 1615 1016; x_wconf 73' lang='grc' dir='ltr'>Ι</span> 
     </span>
     <span class='ocr_line' id='line_1_14' title="bbox 172 1022 1623 1064; baseline 0.001 -11"><span class='ocrx_word' id='word_1_113' title='bbox 172 1022 383 1062; x_wconf 68' lang='lat' dir='ltr'><strong>Corrigenda</strong></span> <span class='ocrx_word' id='word_1_114' title='bbox 397 1023 502 1063; x_wconf 84' lang='lat' dir='ltr'><strong>igitur</strong></span> <span class='ocrx_word' id='word_1_115' title='bbox 517 1028 591 1055; x_wconf 83' lang='lat' dir='ltr'><strong>erat</strong></span> <span class='ocrx_word' id='word_1_116' title='bbox 605 1023 845 1064; x_wconf 78' lang='lat' dir='ltr'><strong>interpunctio.</strong></span> <span class='ocrx_word' id='word_1_117' title='bbox 889 1024 973 1055; x_wconf 84' lang='lat' dir='ltr'><strong>Mox</strong></span> <span class='ocrx_word' id='word_1_118' title='bbox 988 1026 1068 1064; x_wconf 79' lang='lat' dir='ltr'><strong>quod</strong></span> <span class='ocrx_word' id='word_1_119' title='bbox 1081 1025 1180 1055; x_wconf 74' lang='lat' dir='ltr'><strong>adhuc</strong></span> <span class='ocrx_word' id='word_1_120' title='bbox 1196 1024 1277 1058; x_wconf 90' lang='lat' dir='ltr'><strong>Par.</strong></span> <span class='ocrx_word' id='word_1_121' title='bbox 1291 1034 1367 1056; x_wconf 88' lang='lat' dir='ltr'><strong>cum</strong></span> <span class='ocrx_word' id='word_1_122' title='bbox 1383 1025 1526 1057; x_wconf 86' lang='lat' dir='ltr'><strong>Venett.</strong></span> <span class='ocrx_word' id='word_1_123' title='bbox 1542 1027 1575 1056; x_wconf 83' lang='lat'><strong>2.</strong></span> <span class='ocrx_word' id='word_1_124' title='bbox 1591 1027 1623 1056; x_wconf 74' lang='lat'><strong>3.</strong></span> 
     </span>
     <span class='ocr_line' id='line_1_15' title="bbox 170 1064 1621 1108; baseline 0.002 -12"><span class='ocrx_word' id='word_1_125' title='bbox 170 1067 205 1097; x_wconf 76' lang='lat'><strong>4.</strong></span> <span class='ocrx_word' id='word_1_126' title='bbox 229 1064 344 1096; x_wconf 73' lang='lat' dir='ltr'><strong>Parui.</strong></span> <span class='ocrx_word' id='word_1_127' title='bbox 360 1065 459 1097; x_wconf 88' lang='lat' dir='ltr'><strong>Rom.</strong></span> <span class='ocrx_word' id='word_1_128' title='bbox 474 1065 570 1098; x_wconf 82' lang='lat' dir='ltr'><strong>Brix.</strong></span> <span class='ocrx_word' id='word_1_129' title='bbox 585 1066 725 1098; x_wconf 88' lang='lat' dir='ltr'><strong>Vicent.</strong></span> <span class='ocrx_word' id='word_1_130' title='bbox 750 1065 853 1097; x_wconf 89' lang='lat' dir='ltr'><strong>Aldd.</strong></span> <span class='ocrx_word' id='word_1_131' title='bbox 877 1070 908 1099; x_wconf 89' lang='lat' dir='ltr'><strong>l.</strong></span> <span class='ocrx_word' id='word_1_132' title='bbox 933 1069 965 1098; x_wconf 80' lang='lat'><strong>2.</strong></span> <span class='ocrx_word' id='word_1_133' title='bbox 989 1067 1099 1097; x_wconf 86' lang='lat' dir='ltr'><strong>Colin.</strong></span> <span class='ocrx_word' id='word_1_134' title='bbox 1125 1067 1231 1099; x_wconf 82' lang='lat' dir='ltr'><strong>Basil.</strong></span> <span class='ocrx_word' id='word_1_135' title='bbox 1256 1067 1391 1108; x_wconf 83' lang='lat' dir='ltr'><strong>Gryph.</strong></span> <span class='ocrx_word' id='word_1_136' title='bbox 1409 1070 1440 1098; x_wconf 86' lang='lat'><strong>1.</strong></span> <span class='ocrx_word' id='word_1_137' title='bbox 1455 1071 1488 1099; x_wconf 82' lang='grc'><strong>2.</strong></span> <span class='ocrx_word' id='word_1_138' title='bbox 1515 1068 1621 1099; x_wconf 86' lang='lat' dir='ltr'><strong>Bern.</strong></span> 
     </span>
     <span class='ocr_line' id='line_1_16' title="bbox 173 1106 1624 1150; baseline 0.001 -11"><span class='ocrx_word' id='word_1_139' title='bbox 173 1106 316 1140; x_wconf 76' lang='lat' dir='ltr'><strong>Gevm.</strong></span> <span class='ocrx_word' id='word_1_140' title='bbox 330 1108 394 1139; x_wconf 80' lang='lat' dir='ltr'><strong>Til.</strong></span> <span class='ocrx_word' id='word_1_141' title='bbox 410 1107 529 1140; x_wconf 77' lang='lat' dir='ltr'><strong>Heius.</strong></span> <span class='ocrx_word' id='word_1_142' title='bbox 542 1108 695 1140; x_wconf 85' lang='lat' dir='ltr'><strong>Gronov.</strong></span> <span class='ocrx_word' id='word_1_143' title='bbox 711 1109 833 1141; x_wconf 76' lang='lat' dir='ltr'><strong>Barth.</strong></span> <span class='ocrx_word' id='word_1_144' title='bbox 848 1109 957 1140; x_wconf 83' lang='lat' dir='ltr'><strong>Veen.</strong></span> <span class='ocrx_word' id='word_1_145' title='bbox 985 1114 1022 1140; x_wconf 92' lang='lat' dir='ltr'><strong>et</strong></span> <span class='ocrx_word' id='word_1_146' title='bbox 1049 1109 1175 1149; x_wconf 85' lang='lat' dir='ltr'><strong>Delpb.</strong></span> <span class='ocrx_word' id='word_1_147' title='bbox 1197 1115 1234 1140; x_wconf 89' lang='lat' dir='ltr'><strong>et</strong></span> <span class='ocrx_word' id='word_1_148' title='bbox 1254 1119 1364 1150; x_wconf 85' lang='lat' dir='ltr'><strong>nuper</strong></span> <span class='ocrx_word' id='word_1_149' title='bbox 1379 1110 1513 1150; x_wconf 86' lang='lat' dir='ltr'><strong>recepit</strong></span> <span class='ocrx_word' id='word_1_150' title='bbox 1529 1110 1624 1142; x_wconf 81' lang='lat' dir='ltr'><strong>Han-</strong></span> 
     </span>
     <span class='ocr_line' id='line_1_17' title="bbox 171 1148 1625 1194; baseline 0.002 -13"><span class='ocrx_word' id='word_1_151' title='bbox 171 1148 340 1192; x_wconf 58' lang='lat' dir='ltr'><strong>din-:quo</strong></span> <span class='ocrx_word' id='word_1_152' title='bbox 352 1149 450 1182; x_wconf 60' lang='lat' dir='ltr'><strong>adhue</strong></span> <span class='ocrx_word' id='word_1_153' title='bbox 463 1150 540 1182; x_wconf 85' lang='lat' dir='ltr'><strong>cod.</strong></span> <span class='ocrx_word' id='word_1_154' title='bbox 555 1151 656 1183; x_wconf 85' lang='lat' dir='ltr'><strong>Urat.</strong></span> <span class='ocrx_word' id='word_1_155' title='bbox 675 1160 752 1182; x_wconf 89' lang='lat' dir='ltr'><strong>cum</strong></span> <span class='ocrx_word' id='word_1_156' title='bbox 770 1151 894 1183; x_wconf 88' lang='lat' dir='ltr'><strong>Venet.</strong></span> <span class='ocrx_word' id='word_1_157' title='bbox 923 1154 952 1183; x_wconf 89' lang='lat' dir='ltr'><strong>l.</strong></span> <span class='ocrx_word' id='word_1_158' title='bbox 997 1151 1089 1183; x_wconf 87' lang='lat' dir='ltr'><strong>Hinc</strong></span> <span class='ocrx_word' id='word_1_159' title='bbox 1108 1152 1333 1184; x_wconf 77' lang='lat' dir='ltr'><strong>Marklandus</strong></span> <span class='ocrx_word' id='word_1_160' title='bbox 1358 1153 1498 1194; x_wconf 80' lang='lat' dir='ltr'><strong>scripsit</strong></span> <span class='ocrx_word' id='word_1_161' title='bbox 1522 1163 1625 1194; x_wconf 79' lang='lat' dir='ltr'><strong>quom,</strong></span> 
     </span>
     <span class='ocr_line' id='line_1_18' title="bbox 170 1189 1623 1237; baseline 0.003 -14"><span class='ocrx_word' id='word_1_162' title='bbox 170 1189 275 1234; x_wconf 56' lang='grc' dir='ltr'><strong>(μὴ)</strong></span> <span class='ocrx_word' id='word_1_163' title='bbox 287 1193 311 1224; x_wconf 89' lang='lat' dir='ltr'><strong>i.</strong></span> <span class='ocrx_word' id='word_1_164' title='bbox 323 1201 357 1224; x_wconf 83' lang='lat' dir='ltr'><strong>e.</strong></span> <span class='ocrx_word' id='word_1_165' title='bbox 370 1202 475 1233; x_wconf 68' lang='lat' dir='ltr'><strong>quun.</strong></span> <span class='ocrx_word' id='word_1_166' title='bbox 520 1193 674 1224; x_wconf 80' lang='lat' dir='ltr'><strong>Haudius</strong></span> <span class='ocrx_word' id='word_1_167' title='bbox 690 1202 808 1224; x_wconf 88' lang='lat' dir='ltr'><strong>vocem</strong></span> <span class='ocrx_word' id='word_1_168' title='bbox 823 1196 901 1234; x_wconf 70' lang='lat' dir='ltr'><strong>quod</strong></span> <span class='ocrx_word' id='word_1_169' title='bbox 916 1194 1165 1234; x_wconf 83' lang='lat' dir='ltr'><strong>interpretatur</strong></span> <span class='ocrx_word' id='word_1_170' title='bbox 1187 1196 1197 1212; x_wconf 88' lang='lat'>‘</span> <span class='ocrx_word' id='word_1_171' title='bbox 1208 1194 1426 1237; x_wconf 62' lang='lat' dir='ltr'><strong>quanquam?</strong></span> <span class='ocrx_word' id='word_1_172' title='bbox 1471 1194 1526 1226; x_wconf 86' lang='lat' dir='ltr'><strong>Cf.</strong></span> <span class='ocrx_word' id='word_1_173' title='bbox 1545 1195 1623 1227; x_wconf 82' lang='lat' dir='ltr'><strong>Mu-</strong></span> 
     </span>
     <span class='ocr_line' id='line_1_19' title="bbox 173 1233 1626 1278; baseline 0.002 -12"><span class='ocrx_word' id='word_1_174' title='bbox 173 1238 238 1266; x_wconf 81' lang='lat' dir='ltr'><strong>ret.</strong></span> <span class='ocrx_word' id='word_1_175' title='bbox 251 1233 296 1267; x_wconf 69' lang='lat' dir='ltr'><strong>ad</strong></span> <span class='ocrx_word' id='word_1_176' title='bbox 309 1234 511 1267; x_wconf 78' lang='lat' dir='ltr'><strong>Catuli-xx.</strong></span> <span class='ocrx_word' id='word_1_177' title='bbox 528 1244 562 1276; x_wconf 88' lang='lat' dir='ltr'><strong>p.</strong></span> <span class='ocrx_word' id='word_1_178' title='bbox 574 1238 627 1267; x_wconf 71' lang='lat'><strong>³6.</strong></span> <span class='ocrx_word' id='word_1_179' title='bbox 653 1236 773 1268; x_wconf 80' lang='lat' dir='ltr'><strong>Heius.</strong></span> <span class='ocrx_word' id='word_1_180' title='bbox 799 1237 843 1268; x_wconf 87' lang='lat' dir='ltr'><strong>ad</strong></span> <span class='ocrx_word' id='word_1_181' title='bbox 869 1237 975 1269; x_wconf 91' lang='lat' dir='ltr'><strong>Ovid.</strong></span> <span class='ocrx_word' id='word_1_182' title='bbox 999 1237 1110 1278; x_wconf 84' lang='lat' dir='ltr'><strong>Epist.</strong></span> <span class='ocrx_word' id='word_1_183' title='bbox 1127 1246 1223 1269; x_wconf 82' lang='lat' dir='ltr'><strong>xvu.</strong></span> <span class='ocrx_word' id='word_1_184' title='bbox 1235 1241 1288 1269; x_wconf 88' lang='grc'><strong>51.</strong></span> <span class='ocrx_word' id='word_1_185' title='bbox 1303 1242 1341 1269; x_wconf 90' lang='lat' dir='ltr'><strong>et</strong></span> <span class='ocrx_word' id='word_1_186' title='bbox 1361 1238 1479 1269; x_wconf 89' lang='lat' dir='ltr'><strong>Burm.</strong></span> <span class='ocrx_word' id='word_1_187' title='bbox 1496 1237 1539 1269; x_wconf 78' lang='lat' dir='ltr'><strong>ad</strong></span> <span class='ocrx_word' id='word_1_188' title='bbox 1553 1238 1626 1269; x_wconf 86' lang='lat' dir='ltr'><strong>An·</strong></span> 
     </span>
     <span class='ocr_line' id='line_1_20' title="bbox 172 1276 1624 1321; baseline 0.003 -13"><span class='ocrx_word' id='word_1_189' title='bbox 172 1276 255 1309; x_wconf 81' lang='lat' dir='ltr'><strong>thol.</strong></span> <span class='ocrx_word' id='word_1_190' title='bbox 268 1277 344 1309; x_wconf 68' lang='lat' dir='ltr'><strong>Lat.</strong></span> <span class='ocrx_word' id='word_1_191' title='bbox 357 1277 452 1309; x_wconf 80' lang='lat' dir='ltr'><strong>Tom.</strong></span> <span class='ocrx_word' id='word_1_192' title='bbox 468 1286 510 1310; x_wconf 79' lang='grc' dir='ltr'><strong>η.</strong></span> <span class='ocrx_word' id='word_1_193' title='bbox 523 1287 559 1319; x_wconf 90' lang='lat' dir='ltr'><strong>p.</strong></span> <span class='ocrx_word' id='word_1_194' title='bbox 573 1281 716 1310; x_wconf 70' lang='grc'><strong>484.-9</strong></span> <span class='ocrx_word' id='word_1_195' title='bbox 736 1278 863 1311; x_wconf 86' lang='lat' dir='ltr'><strong>Venet.</strong></span> <span class='ocrx_word' id='word_1_196' title='bbox 879 1282 910 1310; x_wconf 92' lang='lat' dir='ltr'><strong>l.</strong></span> <span class='ocrx_word' id='word_1_197' title='bbox 925 1280 1204 1311; x_wconf 60' lang='lat' dir='ltr'><strong>hatrat-ornamina·</strong></span> <span class='ocrx_word' id='word_1_198' title='bbox 1214 1291 1225 1311; x_wconf 89' lang='lat'><strong>.·</strong></span> <span class='ocrx_word' id='word_1_199' title='bbox 1250 1280 1296 1312; x_wconf 89' lang='lat' dir='ltr'><strong>N.</strong></span> <span class='ocrx_word' id='word_1_200' title='bbox 1316 1280 1435 1312; x_wconf 82' lang='lat' dir='ltr'><strong>Heius.</strong></span> <span class='ocrx_word' id='word_1_201' title='bbox 1451 1280 1541 1321; x_wconf 88' lang='lat' dir='ltr'><strong>conj.</strong></span> <span class='ocrx_word' id='word_1_202' title='bbox 1556 1280 1624 1312; x_wconf 82' lang='lat' dir='ltr'><strong>Bu-</strong></span> 
     </span>
    </p>

    <p class='ocr_par' dir='ltr' id='par_1_5' title="bbox 170 1319 1629 1758">
     <span class='ocr_line' id='line_1_21' title="bbox 438 1319 1625 1361; baseline 0.003 -10"><span class='ocrx_word' id='word_1_203' title='bbox 438 1319 447 1327; x_wconf 83' lang='grc'><strong>”</strong></span> <span class='ocrx_word' id='word_1_204' title='bbox 488 1320 694 1360; x_wconf 50' lang='lat' dir='ltr'><strong>macinas.-</strong></span> <span class='ocrx_word' id='word_1_205' title='bbox 716 1321 877 1353; x_wconf 83' lang='lat' dir='ltr'><strong>Barthius</strong></span> <span class='ocrx_word' id='word_1_206' title='bbox 903 1322 938 1353; x_wconf 87' lang='lat' dir='ltr'><strong>in</strong></span> <span class='ocrx_word' id='word_1_207' title='bbox 964 1322 1103 1353; x_wconf 81' lang='lat' dir='ltr'><strong>ineditis</strong></span> <span class='ocrx_word' id='word_1_208' title='bbox 1126 1323 1270 1361; x_wconf 73' lang='lat' dir='ltr'><strong>notavit,</strong></span> <span class='ocrx_word' id='word_1_209' title='bbox 1292 1332 1411 1354; x_wconf 86' lang='lat' dir='ltr'><strong>vocem</strong></span> <span class='ocrx_word' id='word_1_210' title='bbox 1435 1323 1532 1354; x_wconf 72' lang='lat' dir='ltr'><strong>etium</strong></span> <span class='ocrx_word' id='word_1_211' title='bbox 1556 1332 1625 1355; x_wconf 87' lang='lat' dir='ltr'><strong>nou</strong></span> 
     </span>
     <span class='ocr_line' id='line_1_22' title="bbox 171 1359 1626 1406; baseline 0.003 -14"><span class='ocrx_word' id='word_1_212' title='bbox 171 1359 277 1393; x_wconf 79' lang='lat' dir='ltr'><strong>fnisse</strong></span> <span class='ocrx_word' id='word_1_213' title='bbox 291 1362 327 1394; x_wconf 86' lang='lat' dir='ltr'><strong>iu</strong></span> <span class='ocrx_word' id='word_1_214' title='bbox 341 1362 419 1394; x_wconf 88' lang='lat' dir='ltr'><strong>cod.</strong></span> <span class='ocrx_word' id='word_1_215' title='bbox 435 1363 656 1403; x_wconf 83' lang='lat' dir='ltr'><strong>Merseburg.</strong></span> <span class='ocrx_word' id='word_1_216' title='bbox 699 1363 856 1403; x_wconf 87' lang='lat' dir='ltr'><strong>Heynius</strong></span> <span class='ocrx_word' id='word_1_217' title='bbox 880 1364 915 1395; x_wconf 85' lang='lat' dir='ltr'><strong>in</strong></span> <span class='ocrx_word' id='word_1_218' title='bbox 941 1364 1111 1396; x_wconf 82' lang='lat' dir='ltr'><strong>Prooemio</strong></span> <span class='ocrx_word' id='word_1_219' title='bbox 1134 1365 1178 1396; x_wconf 87' lang='lat' dir='ltr'><strong>ad</strong></span> <span class='ocrx_word' id='word_1_220' title='bbox 1202 1365 1355 1397; x_wconf 86' lang='lat' dir='ltr'><strong>Culicem</strong></span> <span class='ocrx_word' id='word_1_221' title='bbox 1385 1375 1418 1405; x_wconf 89' lang='lat' dir='ltr'><strong>p.</strong></span> <span class='ocrx_word' id='word_1_222' title='bbox 1434 1368 1467 1397; x_wconf 79' lang='lat'><strong>4.</strong></span> <span class='ocrx_word' id='word_1_223' title='bbox 1483 1365 1626 1406; x_wconf 73' lang='lat' dir='ltr'><strong>scripsit</strong></span> 
     </span>
     <span class='ocr_line' id='line_1_23' title="bbox 170 1404 1625 1449; baseline 0.002 -13"><span class='ocrx_word' id='word_1_224' title='bbox 170 1404 380 1444; x_wconf 58' lang='lat' dir='ltr'><strong>monim</strong></span> <span class='ocrx_word' id='word_1_225' title='bbox 392 1414 456 1447; x_wconf 89' lang='lat' dir='ltr'><strong>pro</strong></span> <span class='ocrx_word' id='word_1_226' title='bbox 470 1406 759 1445; x_wconf 55' lang='lat' dir='ltr'><strong>m-—lo</strong></span> <span class='ocrx_word' id='word_1_227' title='bbox 783 1406 1006 1439; x_wconf 75' lang='lat' dir='ltr'><strong>Marklandus</strong></span> <span class='ocrx_word' id='word_1_228' title='bbox 1029 1407 1098 1448; x_wconf 83' lang='lat' dir='ltr'><strong>legi</strong></span> <span class='ocrx_word' id='word_1_229' title='bbox 1116 1408 1221 1448; x_wconf 89' lang='lat' dir='ltr'><strong>jussit</strong></span> <span class='ocrx_word' id='word_1_230' title='bbox 1238 1408 1342 1447; x_wconf 80' lang='lat' dir='ltr'><strong>seriis,</strong></span> <span class='ocrx_word' id='word_1_231' title='bbox 1363 1408 1454 1449; x_wconf 87' lang='lat' dir='ltr'><strong>quod</strong></span> <span class='ocrx_word' id='word_1_232' title='bbox 1479 1408 1513 1439; x_wconf 91' lang='lat' dir='ltr'><strong>in</strong></span> <span class='ocrx_word' id='word_1_233' title='bbox 1531 1408 1625 1440; x_wconf 82' lang='lat' dir='ltr'><strong>libris</strong></span> 
     </span>
     <span class='ocr_line' id='line_1_24' title="bbox 172 1446 1627 1495; baseline 0.005 -10"><span class='ocrx_word' id='word_1_234' title='bbox 172 1454 310 1495; x_wconf 70' lang='lat' dir='ltr'><strong>scriptis</strong></span> <span class='ocrx_word' id='word_1_235' title='bbox 324 1455 459 1487; x_wconf 79' lang='lat' dir='ltr'><strong>exarari</strong></span> <span class='ocrx_word' id='word_1_236' title='bbox 475 1455 612 1488; x_wconf 84' lang='lat' dir='ltr'><strong>solitum</strong></span> <span class='ocrx_word' id='word_1_237' title='bbox 637 1446 716 1495; x_wconf 56' lang='lat' dir='ltr'><strong>Jie&#39;u</strong></span> <span class='ocrx_word' id='word_1_238' title='bbox 738 1458 749 1476; x_wconf 90' lang='lat'>‘</span> <span class='ocrx_word' id='word_1_239' title='bbox 764 1457 854 1490; x_wconf 91' lang='lat' dir='ltr'><strong>unde</strong></span> <span class='ocrx_word' id='word_1_240' title='bbox 879 1459 1016 1491; x_wconf 80' lang='lat' dir='ltr'><strong>minima</strong></span> <span class='ocrx_word' id='word_1_241' title='bbox 1041 1460 1229 1492; x_wconf 77' lang='lat' dir='ltr'><strong>mutatione</strong></span> <span class='ocrx_word' id='word_1_242' title='bbox 1254 1459 1343 1492; x_wconf 55' lang='lat' dir='ltr'><strong>suis:</strong></span> <span class='ocrx_word' id='word_1_243' title='bbox 1391 1460 1467 1492; x_wconf 83' lang='lat' dir='ltr'><strong>Hoc</strong></span> <span class='ocrx_word' id='word_1_244' title='bbox 1489 1461 1627 1493; x_wconf 82' lang='lat' dir='ltr'><strong>damnat</strong></span> 
     </span>
     <span class='ocr_line' id='line_1_25' title="bbox 172 1496 1627 1545; baseline 0.005 -17"><span class='ocrx_word' id='word_1_245' title='bbox 172 1496 414 1529; x_wconf 57' lang='lat' dir='ltr'><strong>lanarium—ll</strong></span> <span class='ocrx_word' id='word_1_246' title='bbox 437 1498 631 1530; x_wconf 84' lang='lat' dir='ltr'><strong>Gronovius</strong></span> <span class='ocrx_word' id='word_1_247' title='bbox 658 1499 702 1531; x_wconf 87' lang='lat' dir='ltr'><strong>ad</strong></span> <span class='ocrx_word' id='word_1_248' title='bbox 725 1500 847 1532; x_wconf 86' lang='lat' dir='ltr'><strong>Senec.</strong></span> <span class='ocrx_word' id='word_1_249' title='bbox 871 1501 979 1533; x_wconf 87' lang='lat' dir='ltr'><strong>Herc.</strong></span> <span class='ocrx_word' id='word_1_250' title='bbox 1005 1502 1087 1533; x_wconf 78' lang='lat' dir='ltr'><strong>Fur.</strong></span> <span class='ocrx_word' id='word_1_251' title='bbox 1102 1505 1176 1534; x_wconf 79' lang='lat'><strong>222.</strong></span> <span class='ocrx_word' id='word_1_252' title='bbox 1191 1502 1372 1534; x_wconf 84' lang='lat' dir='ltr'><strong>contendit</strong></span> <span class='ocrx_word' id='word_1_253' title='bbox 1387 1503 1511 1545; x_wconf 90' lang='lat' dir='ltr'><strong>ubique</strong></span> <span class='ocrx_word' id='word_1_254' title='bbox 1528 1505 1627 1536; x_wconf 88' lang='lat' dir='ltr'><strong>resti-</strong></span> 
     </span>
     <span class='ocr_line' id='line_1_26' title="bbox 175 1538 1626 1585; baseline 0.006 -15"><span class='ocrx_word' id='word_1_255' title='bbox 175 1538 338 1571; x_wconf 75' lang='lat' dir='ltr'><strong>tuendum</strong></span> <span class='ocrx_word' id='word_1_256' title='bbox 353 1549 429 1571; x_wconf 88' lang='lat' dir='ltr'><strong>esse</strong></span> <span class='ocrx_word' id='word_1_257' title='bbox 447 1541 610 1581; x_wconf 75' lang='lat' dir='ltr'><strong>proludere</strong></span> <span class='ocrx_word' id='word_1_258' title='bbox 624 1547 660 1573; x_wconf 86' lang='lat' dir='ltr'><strong>et</strong></span> <span class='ocrx_word' id='word_1_259' title='bbox 684 1543 833 1584; x_wconf 74' lang='lat' dir='ltr'><strong>prolusio,</strong></span> <span class='ocrx_word' id='word_1_260' title='bbox 854 1543 954 1575; x_wconf 79' lang='lat' dir='ltr'><strong>etiam</strong></span> <span class='ocrx_word' id='word_1_261' title='bbox 982 1553 1048 1575; x_wconf 89' lang='lat' dir='ltr'><strong>non</strong></span> <span class='ocrx_word' id='word_1_262' title='bbox 1075 1545 1342 1577; x_wconf 81' lang='lat' dir='ltr'><strong>assentientibus</strong></span> <span class='ocrx_word' id='word_1_263' title='bbox 1367 1545 1476 1585; x_wconf 87' lang='lat' dir='ltr'><strong>libris,</strong></span> <span class='ocrx_word' id='word_1_264' title='bbox 1498 1551 1536 1578; x_wconf 89' lang='lat' dir='ltr'><strong>ut</strong></span> <span class='ocrx_word' id='word_1_265' title='bbox 1560 1547 1626 1579; x_wconf 86' lang='lat' dir='ltr'><strong>hoe</strong></span> 
     </span>
     <span class='ocr_line' id='line_1_27' title="bbox 174 1580 1627 1624; baseline 0.007 -13"><span class='ocrx_word' id='word_1_266' title='bbox 174 1580 263 1613; x_wconf 81' lang='lat' dir='ltr'><strong>loeo.</strong></span> <span class='ocrx_word' id='word_1_267' title='bbox 305 1582 391 1616; x_wconf 80' lang='lat' dir='ltr'><strong>Quae</strong></span> <span class='ocrx_word' id='word_1_268' title='bbox 407 1583 578 1615; x_wconf 84' lang='lat' dir='ltr'><strong>sententia</strong></span> <span class='ocrx_word' id='word_1_269' title='bbox 593 1583 637 1614; x_wconf 88' lang='lat' dir='ltr'><strong>ab</strong></span> <span class='ocrx_word' id='word_1_270' title='bbox 655 1584 810 1624; x_wconf 81' lang='lat' dir='ltr'><strong>Heinsio,</strong></span> <span class='ocrx_word' id='word_1_271' title='bbox 831 1585 873 1616; x_wconf 85' lang='lat' dir='ltr'><strong>ad</strong></span> <span class='ocrx_word' id='word_1_272' title='bbox 891 1586 995 1619; x_wconf 85' lang='lat' dir='ltr'><strong>Ovid.</strong></span> <span class='ocrx_word' id='word_1_273' title='bbox 1013 1587 1090 1619; x_wconf 86' lang='lat' dir='ltr'><strong>Art.</strong></span> <span class='ocrx_word' id='word_1_274' title='bbox 1106 1586 1184 1619; x_wconf 86' lang='lat' dir='ltr'><strong>Am.</strong></span> <span class='ocrx_word' id='word_1_275' title='bbox 1200 1597 1259 1619; x_wconf 81' lang='grc' dir='ltr'>ιιι.</span> <span class='ocrx_word' id='word_1_276' title='bbox 1275 1591 1349 1620; x_wconf 85' lang='grc'><strong>115.</strong></span> <span class='ocrx_word' id='word_1_277' title='bbox 1365 1598 1385 1619; x_wconf 83' lang='lat' dir='ltr'><strong>a</strong></span> <span class='ocrx_word' id='word_1_278' title='bbox 1400 1589 1567 1620; x_wconf 87' lang='lat' dir='ltr'><strong>Duckero</strong></span> <span class='ocrx_word' id='word_1_279' title='bbox 1583 1591 1627 1622; x_wconf 86' lang='lat' dir='ltr'><strong>ad</strong></span> 
     </span>
     <span class='ocr_line' id='line_1_28' title="bbox 175 1623 1626 1668; baseline 0.007 -14"><span class='ocrx_word' id='word_1_280' title='bbox 175 1623 267 1655; x_wconf 82' lang='lat' dir='ltr'><strong>Flor.</strong></span> <span class='ocrx_word' id='word_1_281' title='bbox 283 1632 336 1656; x_wconf 76' lang='lat' dir='ltr'><strong>lv.</strong></span> <span class='ocrx_word' id='word_1_282' title='bbox 349 1627 382 1656; x_wconf 83' lang='lat'><strong>2.</strong></span> <span class='ocrx_word' id='word_1_283' title='bbox 396 1627 429 1656; x_wconf 77' lang='grc'><strong>2.</strong></span> <span class='ocrx_word' id='word_1_284' title='bbox 453 1630 489 1656; x_wconf 90' lang='lat' dir='ltr'><strong>et</strong></span> <span class='ocrx_word' id='word_1_285' title='bbox 506 1625 548 1656; x_wconf 85' lang='lat' dir='ltr'><strong>ab</strong></span> <span class='ocrx_word' id='word_1_286' title='bbox 563 1626 638 1656; x_wconf 78' lang='lat' dir='ltr'><strong>aliis</strong></span> <span class='ocrx_word' id='word_1_287' title='bbox 654 1631 810 1668; x_wconf 80' lang='lat' dir='ltr'><strong>accepta.</strong></span> <span class='ocrx_word' id='word_1_288' title='bbox 854 1628 943 1660; x_wconf 82' lang='lat' dir='ltr'><strong>Vide</strong></span> <span class='ocrx_word' id='word_1_289' title='bbox 958 1629 1062 1660; x_wconf 89' lang='lat' dir='ltr'><strong>etiam</strong></span> <span class='ocrx_word' id='word_1_290' title='bbox 1080 1629 1230 1662; x_wconf 78' lang='lat' dir='ltr'><strong>Freinsh.</strong></span> <span class='ocrx_word' id='word_1_291' title='bbox 1250 1630 1293 1661; x_wconf 83' lang='lat' dir='ltr'><strong>ad</strong></span> <span class='ocrx_word' id='word_1_292' title='bbox 1315 1631 1406 1662; x_wconf 82' lang='lat' dir='ltr'><strong>Flor.</strong></span> <span class='ocrx_word' id='word_1_293' title='bbox 1423 1631 1445 1662; x_wconf 93' lang='grc'><strong>1.</strong></span> <span class='ocrx_word' id='word_1_294' title='bbox 1459 1632 1481 1663; x_wconf 91' lang='lat' dir='ltr'><strong>l.</strong></span> <span class='ocrx_word' id='word_1_295' title='bbox 1507 1632 1626 1666; x_wconf 84' lang='lat' dir='ltr'><strong>Burm.</strong></span> 
     </span>
     <span class='ocr_line' id='line_1_29' title="bbox 176 1665 1626 1711; baseline 0.006 -15"><span class='ocrx_word' id='word_1_296' title='bbox 176 1665 220 1696; x_wconf 78' lang='lat' dir='ltr'><strong>ad</strong></span> <span class='ocrx_word' id='word_1_297' title='bbox 234 1666 331 1707; x_wconf 82' lang='lat' dir='ltr'><strong>Virg.</strong></span> <span class='ocrx_word' id='word_1_298' title='bbox 346 1675 414 1699; x_wconf 65' lang='grc' dir='ltr'><strong>ιιι.</strong></span> <span class='ocrx_word' id='word_1_299' title='bbox 430 1670 504 1699; x_wconf 83' lang='grc'><strong>106.</strong></span> <span class='ocrx_word' id='word_1_300' title='bbox 527 1674 563 1698; x_wconf 81' lang='lat' dir='ltr'><strong>et</strong></span> <span class='ocrx_word' id='word_1_301' title='bbox 578 1677 638 1699; x_wconf 82' lang='lat' dir='ltr'><strong>uos</strong></span> <span class='ocrx_word' id='word_1_302' title='bbox 653 1669 695 1699; x_wconf 84' lang='lat' dir='ltr'><strong>ad</strong></span> <span class='ocrx_word' id='word_1_303' title='bbox 714 1669 841 1702; x_wconf 81' lang='lat' dir='ltr'><strong>Catuli.</strong></span> <span class='ocrx_word' id='word_1_304' title='bbox 857 1671 1008 1711; x_wconf 84' lang='lat' dir='ltr'><strong>Epithal.</strong></span> <span class='ocrx_word' id='word_1_305' title='bbox 1028 1672 1123 1703; x_wconf 84' lang='lat' dir='ltr'><strong>Pelei</strong></span> <span class='ocrx_word' id='word_1_306' title='bbox 1139 1674 1303 1704; x_wconf 77' lang='lat'><strong>382.—12</strong></span> <span class='ocrx_word' id='word_1_307' title='bbox 1327 1674 1428 1704; x_wconf 81' lang='lat' dir='ltr'><strong>Lenz-</strong></span> <span class='ocrx_word' id='word_1_308' title='bbox 1449 1675 1546 1705; x_wconf 89' lang='lat' dir='ltr'><strong>malit</strong></span> <span class='ocrx_word' id='word_1_309' title='bbox 1560 1675 1626 1706; x_wconf 78' lang='lat' dir='ltr'><strong>haec</strong></span> 
     </span>
     <span class='ocr_line' id='line_1_30' title="bbox 178 1709 1629 1758; baseline 0.007 -19"><span class='ocrx_word' id='word_1_310' title='bbox 178 1709 411 1752; x_wconf 78' lang='lat' dir='ltr'><strong>exterminari,</strong></span> <span class='ocrx_word' id='word_1_311' title='bbox 434 1715 578 1755; x_wconf 84' lang='lat' dir='ltr'><strong>propter</strong></span> <span class='ocrx_word' id='word_1_312' title='bbox 601 1710 658 1742; x_wconf 73' lang='lat' dir='ltr'><strong>ina</strong></span> <span class='ocrx_word' id='word_1_313' title='bbox 674 1734 703 1743; x_wconf 91' lang='lat'><strong>..</strong></span> <span class='ocrx_word' id='word_1_314' title='bbox 716 1735 725 1743; x_wconf 95' lang='lat'><strong>.</strong></span> <span class='ocrx_word' id='word_1_315' title='bbox 738 1712 815 1753; x_wconf 71' lang='lat' dir='ltr'><strong>illis,</strong></span> <span class='ocrx_word' id='word_1_316' title='bbox 836 1722 913 1757; x_wconf 83' lang='lat' dir='ltr'><strong>quae</strong></span> <span class='ocrx_word' id='word_1_317' title='bbox 938 1720 1139 1756; x_wconf 84' lang='lat' dir='ltr'><strong>sequnntur.</strong></span> <span class='ocrx_word' id='word_1_318' title='bbox 1186 1715 1231 1747; x_wconf 89' lang='lat' dir='ltr'><strong>N.</strong></span> <span class='ocrx_word' id='word_1_319' title='bbox 1249 1715 1367 1749; x_wconf 82' lang='lat' dir='ltr'><strong>Heius.</strong></span> <span class='ocrx_word' id='word_1_320' title='bbox 1385 1717 1473 1758; x_wconf 84' lang='lat' dir='ltr'><strong>conj.</strong></span> <span class='ocrx_word' id='word_1_321' title='bbox 1495 1719 1576 1758; x_wconf 76' lang='lat' dir='ltr'><strong>quod</strong></span> <span class='ocrx_word' id='word_1_322' title='bbox 1596 1721 1629 1749; x_wconf 74' lang='lat' dir='ltr'><strong>et</strong></span> 
     </span>
    </p>
   </div>
   <div class='ocr_carea' id='block_1_5' title="bbox 832 1824 975 1858">
    <p class='ocr_par' dir='ltr' id='par_1_6' title="bbox 832 1824 975 1858">
     <span class='ocr_line' id='line_1_31' title="bbox 832 1824 975 1858; baseline 0.014 -2"><span class='ocrx_word' id='word_1_323' title='bbox 832 1824 975 1858; x_wconf 79' lang='lat' dir='ltr'>NOTAE</span> 
     </span>
    </p>
   </div>
   <div class='ocr_carea' id='block_1_6' title="bbox 177 1893 1629 1988">
    <p class='ocr_par' dir='ltr' id='par_1_7' title="bbox 177 1893 1629 1988">
     <span class='ocr_line' id='line_1_32' title="bbox 220 1893 1628 1944; baseline 0.006 -18"><span class='ocrx_word' id='word_1_324' title='bbox 220 1893 236 1915; x_wconf 65' lang='lat' dir='ltr'>f</span> <span class='ocrx_word' id='word_1_325' title='bbox 252 1895 339 1932; x_wconf 74' lang='lat' dir='ltr'><strong>Quia</strong></span> <span class='ocrx_word' id='word_1_326' title='bbox 362 1896 444 1928; x_wconf 74' lang='lat' dir='ltr'><strong>enim</strong></span> <span class='ocrx_word' id='word_1_327' title='bbox 468 1896 603 1938; x_wconf 75' lang='lat' dir='ltr'><strong>[oportet</strong></span> <span class='ocrx_word' id='word_1_328' title='bbox 629 1898 734 1939; x_wconf 70' lang='lat' dir='ltr'><strong>hujus]</strong></span> <span class='ocrx_word' id='word_1_329' title='bbox 760 1909 875 1941; x_wconf 74' lang='lat' dir='ltr'><strong>quoque</strong></span> <span class='ocrx_word' id='word_1_330' title='bbox 928 1901 1027 1933; x_wconf 69' lang='lat' dir='ltr'><strong>rudi!</strong></span> <span class='ocrx_word' id='word_1_331' title='bbox 1069 1903 1116 1934; x_wconf 85' lang='lat' dir='ltr'><strong>Et</strong></span> <span class='ocrx_word' id='word_1_332' title='bbox 1130 1902 1297 1944; x_wconf 76' lang='lat' dir='ltr'><strong>Papinius</strong></span> <span class='ocrx_word' id='word_1_333' title='bbox 1314 1902 1543 1935; x_wconf 79' lang='lat' dir='ltr'><strong>Genethliaco</strong></span> <span class='ocrx_word' id='word_1_334' title='bbox 1559 1903 1628 1935; x_wconf 85' lang='lat' dir='ltr'><strong>Lu·</strong></span> 
     </span>
     <span class='ocr_line' id='line_1_33' title="bbox 177 1946 1629 1988; baseline 0.004 -11"><span class='ocrx_word' id='word_1_335' title='bbox 177 1946 363 1978; x_wconf 67' lang='lat' dir='ltr'><strong>autoritate</strong></span> <span class='ocrx_word' id='word_1_336' title='bbox 376 1946 523 1978; x_wconf 71' lang='lat' dir='ltr'><strong>editionis</strong></span> <span class='ocrx_word' id='word_1_337' title='bbox 537 1948 673 1988; x_wconf 74' lang='lat' dir='ltr'><strong>onerari,</strong></span> <span class='ocrx_word' id='word_1_338' title='bbox 687 1958 756 1980; x_wconf 69' lang='lat' dir='ltr'><strong>cum</strong></span> <span class='ocrx_word' id='word_1_339' title='bbox 776 1951 876 1982; x_wconf 75' lang='lat' dir='ltr'><strong>adhuc</strong></span> <span class='ocrx_word' id='word_1_340' title='bbox 929 1951 1006 1983; x_wconf 85' lang='lat' dir='ltr'><strong>cani</strong></span> <span class='ocrx_word' id='word_1_341' title='bbox 1020 1962 1030 1982; x_wconf 73' lang='lat' dir='ltr'>z</span> <span class='ocrx_word' id='word_1_342' title='bbox 1053 1952 1063 1969; x_wconf 88' lang='lat'>‘</span> <span class='ocrx_word' id='word_1_343' title='bbox 1077 1952 1170 1983; x_wconf 83' lang='lat' dir='ltr'><strong>Ante</strong></span> <span class='ocrx_word' id='word_1_344' title='bbox 1190 1961 1295 1984; x_wconf 87' lang='lat' dir='ltr'><strong>annos</strong></span> <span class='ocrx_word' id='word_1_345' title='bbox 1321 1951 1450 1984; x_wconf 87' lang='lat' dir='ltr'><strong>Culicis</strong></span> <span class='ocrx_word' id='word_1_346' title='bbox 1474 1952 1629 1984; x_wconf 84' lang='lat' dir='ltr'><strong>Maroui-</strong></span> 
     </span>
    </p>
   </div>
   <div class='ocr_carea' id='block_1_7' title="bbox 174 1995 879 2733">
    <p class='ocr_par' dir='ltr' id='par_1_8' title="bbox 177 1995 878 2536">
     <span class='ocr_line' id='line_1_34' title="bbox 177 1995 876 2040; baseline 0.006 -14"><span class='ocrx_word' id='word_1_347' title='bbox 177 2005 236 2036; x_wconf 66' lang='grc' dir='ltr'><strong>,ιω</strong></span> <span class='ocrx_word' id='word_1_348' title='bbox 251 1995 403 2027; x_wconf 70' lang='lat' dir='ltr'><strong>Maiae</strong></span> <span class='ocrx_word' id='word_1_349' title='bbox 415 2006 483 2028; x_wconf 81' lang='lat' dir='ltr'><strong>meu</strong></span> <span class='ocrx_word' id='word_1_350' title='bbox 497 1995 655 2039; x_wconf 78' lang='lat' dir='ltr'><strong>(quumvis</strong></span> <span class='ocrx_word' id='word_1_351' title='bbox 679 2008 727 2029; x_wconf 82' lang='lat' dir='ltr'><strong>me</strong></span> <span class='ocrx_word' id='word_1_352' title='bbox 746 1999 876 2040; x_wconf 79' lang='lat' dir='ltr'><strong>relique-</strong></span> 
     </span>
     <span class='ocr_line' id='line_1_35' title="bbox 178 2044 875 2087; baseline 0.006 -10"><span class='ocrx_word' id='word_1_353' title='bbox 178 2044 240 2087; x_wconf 69' lang='lat' dir='ltr'><strong>rit)</strong></span> <span class='ocrx_word' id='word_1_354' title='bbox 252 2045 361 2087; x_wconf 70' lang='lat' dir='ltr'><strong>tineo]</strong></span> <span class='ocrx_word' id='word_1_355' title='bbox 388 2046 457 2078; x_wconf 83' lang='lat' dir='ltr'><strong>Hic</strong></span> <span class='ocrx_word' id='word_1_356' title='bbox 480 2047 565 2078; x_wconf 82' lang='lat' dir='ltr'><strong>satis</strong></span> <span class='ocrx_word' id='word_1_357' title='bbox 587 2047 652 2079; x_wconf 84' lang='lat' dir='ltr'><strong>sibi</strong></span> <span class='ocrx_word' id='word_1_358' title='bbox 677 2048 875 2082; x_wconf 86' lang='lat' dir='ltr'><strong>incumbere</strong></span> 
     </span>
     <span class='ocr_line' id='line_1_36' title="bbox 179 2095 877 2138; baseline 0.009 -13"><span class='ocrx_word' id='word_1_359' title='bbox 179 2095 292 2126; x_wconf 85' lang='lat' dir='ltr'><strong>oneris</strong></span> <span class='ocrx_word' id='word_1_360' title='bbox 306 2095 356 2126; x_wconf 81' lang='lat' dir='ltr'><strong>ait</strong></span> <span class='ocrx_word' id='word_1_361' title='bbox 366 2095 492 2135; x_wconf 66' lang='lat' dir='ltr'><strong>Poeta,</strong></span> <span class='ocrx_word' id='word_1_362' title='bbox 505 2096 592 2138; x_wconf 87' lang='lat' dir='ltr'><strong>quod</strong></span> <span class='ocrx_word' id='word_1_363' title='bbox 607 2097 791 2130; x_wconf 80' lang='lat' dir='ltr'><strong>Thebaidis</strong></span> <span class='ocrx_word' id='word_1_364' title='bbox 806 2099 877 2132; x_wconf 87' lang='lat' dir='ltr'><strong>edi·</strong></span> 
     </span>
     <span class='ocr_line' id='line_1_37' title="bbox 179 2143 878 2189; baseline 0.007 -14"><span class='ocrx_word' id='word_1_365' title='bbox 179 2143 266 2175; x_wconf 85' lang='lat' dir='ltr'><strong>tioni</strong></span> <span class='ocrx_word' id='word_1_366' title='bbox 292 2145 532 2178; x_wconf 81' lang='lat' dir='ltr'><strong>auctoritatem</strong></span> <span class='ocrx_word' id='word_1_367' title='bbox 558 2147 878 2189; x_wconf 82' lang='lat' dir='ltr'><strong>accommodaverit,</strong></span> 
     </span>
     <span class='ocr_line' id='line_1_38' title="bbox 181 2193 878 2239; baseline 0.01 -15"><span class='ocrx_word' id='word_1_368' title='bbox 181 2193 272 2234; x_wconf 88' lang='lat' dir='ltr'><strong>quod</strong></span> <span class='ocrx_word' id='word_1_369' title='bbox 296 2202 334 2225; x_wconf 81' lang='lat' dir='ltr'><strong>se</strong></span> <span class='ocrx_word' id='word_1_370' title='bbox 358 2199 498 2226; x_wconf 86' lang='lat' dir='ltr'><strong>auctore</strong></span> <span class='ocrx_word' id='word_1_371' title='bbox 521 2196 614 2228; x_wconf 85' lang='lat' dir='ltr'><strong>edita</strong></span> <span class='ocrx_word' id='word_1_372' title='bbox 638 2198 686 2229; x_wconf 85' lang='lat' dir='ltr'><strong>sit</strong></span> <span class='ocrx_word' id='word_1_373' title='bbox 706 2198 878 2239; x_wconf 85' lang='lat' dir='ltr'><strong>Thebais;</strong></span> 
     </span>
     <span class='ocr_line' id='line_1_39' title="bbox 179 2249 878 2289; baseline 0.01 -15"><span class='ocrx_word' id='word_1_374' title='bbox 179 2252 224 2275; x_wconf 82' lang='lat' dir='ltr'><strong>ne</strong></span> <span class='ocrx_word' id='word_1_375' title='bbox 238 2253 330 2276; x_wconf 86' lang='lat' dir='ltr'><strong>nuuc</strong></span> <span class='ocrx_word' id='word_1_376' title='bbox 344 2250 465 2285; x_wconf 77' lang='lat' dir='ltr'><strong>gravet</strong></span> <span class='ocrx_word' id='word_1_377' title='bbox 479 2256 515 2277; x_wconf 87' lang='lat' dir='ltr'><strong>se</strong></span> <span class='ocrx_word' id='word_1_378' title='bbox 527 2255 616 2278; x_wconf 87' lang='lat' dir='ltr'><strong>novo</strong></span> <span class='ocrx_word' id='word_1_379' title='bbox 629 2256 746 2288; x_wconf 89' lang='lat' dir='ltr'><strong>onere,</strong></span> <span class='ocrx_word' id='word_1_380' title='bbox 755 2249 878 2289; x_wconf 81' lang='lat' dir='ltr'><strong>Sylvas</strong></span> 
     </span>
     <span class='ocr_line' id='line_1_40' title="bbox 181 2295 876 2337; baseline 0.01 -12"><span class='ocrx_word' id='word_1_381' title='bbox 181 2303 315 2336; x_wconf 85' lang='lat' dir='ltr'><strong>quoque</strong></span> <span class='ocrx_word' id='word_1_382' title='bbox 338 2295 566 2336; x_wconf 84' lang='lat' dir='ltr'><strong>publicando:</strong></span> <span class='ocrx_word' id='word_1_383' title='bbox 590 2298 783 2337; x_wconf 83' lang='lat' dir='ltr'><strong>praesertim</strong></span> <span class='ocrx_word' id='word_1_384' title='bbox 799 2309 876 2332; x_wconf 86' lang='lat' dir='ltr'><strong>cum</strong></span> 
     </span>
     <span class='ocr_line' id='line_1_41' title="bbox 184 2343 876 2390; baseline 0.012 -16"><span class='ocrx_word' id='word_1_385' title='bbox 184 2343 295 2376; x_wconf 74' lang='lat' dir='ltr'><strong>adhuc</strong></span> <span class='ocrx_word' id='word_1_386' title='bbox 306 2344 427 2377; x_wconf 82' lang='lat' dir='ltr'><strong>timent</strong></span> <span class='ocrx_word' id='word_1_387' title='bbox 439 2355 502 2386; x_wconf 78' lang='lat' dir='ltr'><strong>pro</strong></span> <span class='ocrx_word' id='word_1_388' title='bbox 513 2346 700 2385; x_wconf 83' lang='lat' dir='ltr'><strong>Thebaide,</strong></span> <span class='ocrx_word' id='word_1_389' title='bbox 715 2358 791 2380; x_wconf 90' lang='lat' dir='ltr'><strong>cum</strong></span> <span class='ocrx_word' id='word_1_390' title='bbox 802 2349 876 2390; x_wconf 87' lang='lat' dir='ltr'><strong>jam</strong></span> 
     </span>
     <span class='ocr_line' id='line_1_42' title="bbox 181 2393 878 2440; baseline 0.011 -16"><span class='ocrx_word' id='word_1_391' title='bbox 181 2401 203 2431; x_wconf 62' lang='lat' dir='ltr'><strong>a</strong></span> <span class='ocrx_word' id='word_1_392' title='bbox 216 2401 253 2424; x_wconf 74' lang='lat' dir='ltr'><strong>se</strong></span> <span class='ocrx_word' id='word_1_393' title='bbox 267 2393 477 2435; x_wconf 78' lang='lat' dir='ltr'><strong>discesserit,</strong></span> <span class='ocrx_word' id='word_1_394' title='bbox 489 2405 566 2427; x_wconf 89' lang='lat' dir='ltr'><strong>cum</strong></span> <span class='ocrx_word' id='word_1_395' title='bbox 571 2396 645 2437; x_wconf 88' lang='lat' dir='ltr'><strong>jam</strong></span> <span class='ocrx_word' id='word_1_396' title='bbox 657 2398 785 2438; x_wconf 86' lang='lat' dir='ltr'><strong>publici</strong></span> <span class='ocrx_word' id='word_1_397' title='bbox 791 2399 878 2440; x_wconf 89' lang='lat' dir='ltr'><strong>juris</strong></span> 
     </span>
     <span class='ocr_line' id='line_1_43' title="bbox 179 2440 878 2486; baseline 0.011 -13"><span class='ocrx_word' id='word_1_398' title='bbox 179 2440 277 2474; x_wconf 77' lang='lat' dir='ltr'><strong>faeta</strong></span> <span class='ocrx_word' id='word_1_399' title='bbox 290 2443 358 2475; x_wconf 83' lang='lat' dir='ltr'><strong>sit:</strong></span> <span class='ocrx_word' id='word_1_400' title='bbox 380 2445 391 2462; x_wconf 87' lang='lat'>‘</span> <span class='ocrx_word' id='word_1_401' title='bbox 401 2444 616 2486; x_wconf 88' lang='lat' dir='ltr'><strong>relinquere&#39;</strong></span> <span class='ocrx_word' id='word_1_402' title='bbox 645 2448 735 2479; x_wconf 88' lang='lat' dir='ltr'><strong>enim</strong></span> <span class='ocrx_word' id='word_1_403' title='bbox 749 2458 811 2480; x_wconf 91' lang='lat' dir='ltr'><strong>nos</strong></span> <span class='ocrx_word' id='word_1_404' title='bbox 827 2449 878 2481; x_wconf 90' lang='lat' dir='ltr'><strong>di-</strong></span> 
     </span>
     <span class='ocr_line' id='line_1_44' title="bbox 183 2495 679 2536; baseline 0.012 -14"><span class='ocrx_word' id='word_1_405' title='bbox 183 2496 307 2524; x_wconf 84' lang='lat' dir='ltr'><strong>cuntur</strong></span> <span class='ocrx_word' id='word_1_406' title='bbox 317 2496 436 2534; x_wconf 81' lang='lat' dir='ltr'><strong>opera,</strong></span> <span class='ocrx_word' id='word_1_407' title='bbox 449 2504 525 2536; x_wconf 84' lang='lat' dir='ltr'><strong>quae</strong></span> <span class='ocrx_word' id='word_1_408' title='bbox 537 2495 679 2528; x_wconf 82' lang='lat' dir='ltr'><strong>edimus.</strong></span> 
     </span>
    </p>

    <p class='ocr_par' dir='ltr' id='par_1_9' title="bbox 174 2541 879 2733">
     <span class='ocr_line' id='line_1_45' title="bbox 174 2541 876 2590; baseline 0.014 -19"><span class='ocrx_word' id='word_1_409' title='bbox 174 2551 179 2554; x_wconf 90' lang='lat'><strong>·</strong></span> <span class='ocrx_word' id='word_1_410' title='bbox 222 2545 239 2568; x_wconf 71' lang='lat'>8</span> <span class='ocrx_word' id='word_1_411' title='bbox 261 2541 415 2583; x_wconf 78' lang='lat' dir='ltr'><strong>Culicem]</strong></span> <span class='ocrx_word' id='word_1_412' title='bbox 437 2543 642 2577; x_wconf 64' lang='lat' dir='ltr'><strong>Poemation</strong></span> <span class='ocrx_word' id='word_1_413' title='bbox 656 2547 800 2589; x_wconf 86' lang='lat' dir='ltr'><strong>Virgilii,</strong></span> <span class='ocrx_word' id='word_1_414' title='bbox 809 2558 876 2590; x_wconf 88' lang='lat' dir='ltr'><strong>qno</strong></span> 
     </span>
     <span class='ocr_line' id='line_1_46' title="bbox 180 2592 877 2639; baseline 0.014 -18"><span class='ocrx_word' id='word_1_415' title='bbox 180 2595 325 2623; x_wconf 87' lang='lat' dir='ltr'><strong>mortem</strong></span> <span class='ocrx_word' id='word_1_416' title='bbox 339 2592 465 2625; x_wconf 83' lang='lat' dir='ltr'><strong>Culicis</strong></span> <span class='ocrx_word' id='word_1_417' title='bbox 480 2595 628 2635; x_wconf 87' lang='lat' dir='ltr'><strong>pastoris</strong></span> <span class='ocrx_word' id='word_1_418' title='bbox 642 2596 758 2638; x_wconf 86' lang='lat' dir='ltr'><strong>deflet,</strong></span> <span class='ocrx_word' id='word_1_419' title='bbox 771 2599 877 2639; x_wconf 92' lang='lat' dir='ltr'><strong>quod-</strong></span> 
     </span>
     <span class='ocr_line' id='line_1_47' title="bbox 182 2643 879 2687; baseline 0.013 -15"><span class='ocrx_word' id='word_1_420' title='bbox 182 2650 248 2682; x_wconf 86' lang='lat' dir='ltr'><strong>que</strong></span> <span class='ocrx_word' id='word_1_421' title='bbox 277 2643 414 2683; x_wconf 88' lang='lat' dir='ltr'><strong>juvenis</strong></span> <span class='ocrx_word' id='word_1_422' title='bbox 442 2647 643 2687; x_wconf 89' lang='lat' dir='ltr'><strong>composuit.</strong></span> <span class='ocrx_word' id='word_1_423' title='bbox 688 2649 879 2681; x_wconf 84' lang='lat' dir='ltr'><strong>Martialis:</strong></span> 
     </span>
     <span class='ocr_line' id='line_1_48' title="bbox 184 2692 879 2733; baseline 0.009 -6"><span class='ocrx_word' id='word_1_424' title='bbox 184 2692 194 2710; x_wconf 88' lang='lat'>‘</span> <span class='ocrx_word' id='word_1_425' title='bbox 211 2693 387 2728; x_wconf 84' lang='lat' dir='ltr'><strong>Quomodo</strong></span> <span class='ocrx_word' id='word_1_426' title='bbox 403 2695 459 2728; x_wconf 86' lang='lat' dir='ltr'><strong>vix</strong></span> <span class='ocrx_word' id='word_1_427' title='bbox 485 2698 635 2731; x_wconf 78' lang='lat' dir='ltr'><strong>Culicem</strong></span> <span class='ocrx_word' id='word_1_428' title='bbox 656 2699 800 2733; x_wconf 85' lang='lat' dir='ltr'><strong>fleverat</strong></span> <span class='ocrx_word' id='word_1_429' title='bbox 822 2712 879 2733; x_wconf 83' lang='lat' dir='ltr'><strong>ore</strong></span> 
     </span>
    </p>
   </div>
   <div class='ocr_carea' id='block_1_8' title="bbox 929 2001 1632 2731">
    <p class='ocr_par' dir='ltr' id='par_1_10' title="bbox 933 2001 1014 2033">
     <span class='ocr_line' id='line_1_49' title="bbox 933 2001 1014 2033; baseline -0.012 0"><span class='ocrx_word' id='word_1_430' title='bbox 933 2001 1014 2033; x_wconf 65' lang='lat' dir='ltr'><strong>am!</strong></span> 
     </span>
    </p>

    <p class='ocr_par' dir='ltr' id='par_1_11' title="bbox 931 2050 1632 2283">
     <span class='ocr_line' id='line_1_50' title="bbox 971 2050 1630 2093; baseline 0 -10"><span class='ocrx_word' id='word_1_431' title='bbox 971 2050 987 2072; x_wconf 82' lang='lat'><strong>¹²</strong></span> <span class='ocrx_word' id='word_1_432' title='bbox 1009 2051 1409 2093; x_wconf 67' lang='lat' dir='ltr'><strong>Batrachomyomachiam]</strong></span> <span class='ocrx_word' id='word_1_433' title='bbox 1430 2050 1474 2083; x_wconf 91' lang='lat' dir='ltr'><strong>Id</strong></span> <span class='ocrx_word' id='word_1_434' title='bbox 1488 2056 1555 2092; x_wconf 89' lang='lat' dir='ltr'><strong>est,</strong></span> <span class='ocrx_word' id='word_1_435' title='bbox 1577 2062 1630 2083; x_wconf 81' lang='lat' dir='ltr'><strong>ra·</strong></span> 
     </span>
     <span class='ocr_line' id='line_1_51' title="bbox 932 2102 1630 2143; baseline 0.001 -12"><span class='ocrx_word' id='word_1_436' title='bbox 932 2109 1051 2133; x_wconf 79' lang='lat' dir='ltr'><strong>nurum</strong></span> <span class='ocrx_word' id='word_1_437' title='bbox 1067 2105 1103 2133; x_wconf 89' lang='lat' dir='ltr'><strong>et</strong></span> <span class='ocrx_word' id='word_1_438' title='bbox 1117 2103 1261 2133; x_wconf 90' lang='lat' dir='ltr'><strong>murium</strong></span> <span class='ocrx_word' id='word_1_439' title='bbox 1279 2111 1441 2142; x_wconf 82' lang='lat' dir='ltr'><strong>pugnam,</strong></span> <span class='ocrx_word' id='word_1_440' title='bbox 1463 2112 1564 2143; x_wconf 88' lang='lat' dir='ltr'><strong>quam</strong></span> <span class='ocrx_word' id='word_1_441' title='bbox 1581 2102 1630 2133; x_wconf 90' lang='lat' dir='ltr'><strong>lu-</strong></span> 
     </span>
     <span class='ocr_line' id='line_1_52' title="bbox 932 2150 1632 2192; baseline 0.001 -11"><span class='ocrx_word' id='word_1_442' title='bbox 932 2150 976 2182; x_wconf 86' lang='lat' dir='ltr'><strong>sit</strong></span> <span class='ocrx_word' id='word_1_443' title='bbox 991 2151 1184 2183; x_wconf 87' lang='lat' dir='ltr'><strong>Homerus:</strong></span> <span class='ocrx_word' id='word_1_444' title='bbox 1208 2156 1287 2183; x_wconf 89' lang='lat' dir='ltr'><strong>suut</strong></span> <span class='ocrx_word' id='word_1_445' title='bbox 1313 2158 1428 2183; x_wconf 86' lang='lat' dir='ltr'><strong>tamen</strong></span> <span class='ocrx_word' id='word_1_446' title='bbox 1452 2152 1568 2192; x_wconf 88' lang='lat' dir='ltr'><strong>aliqui,</strong></span> <span class='ocrx_word' id='word_1_447' title='bbox 1592 2157 1632 2183; x_wconf 92' lang='lat' dir='ltr'><strong>ut</strong></span> 
     </span>
     <span class='ocr_line' id='line_1_53' title="bbox 931 2201 1627 2243; baseline 0.001 -11"><span class='ocrx_word' id='word_1_448' title='bbox 931 2201 1150 2240; x_wconf 84' lang='lat' dir='ltr'><strong>Plutarchus,</strong></span> <span class='ocrx_word' id='word_1_449' title='bbox 1166 2202 1223 2243; x_wconf 91' lang='lat' dir='ltr'><strong>qui</strong></span> <span class='ocrx_word' id='word_1_450' title='bbox 1239 2206 1366 2242; x_wconf 87' lang='lat' dir='ltr'><strong>negent</strong></span> <span class='ocrx_word' id='word_1_451' title='bbox 1380 2202 1443 2233; x_wconf 89' lang='lat' dir='ltr'><strong>hoc</strong></span> <span class='ocrx_word' id='word_1_452' title='bbox 1457 2211 1541 2242; x_wconf 89' lang='lat' dir='ltr'><strong>opus</strong></span> <span class='ocrx_word' id='word_1_453' title='bbox 1551 2211 1627 2233; x_wconf 83' lang='lat' dir='ltr'><strong>esse</strong></span> 
     </span>
     <span class='ocr_line' id='line_1_54' title="bbox 932 2251 1088 2283; baseline -0.006 0"><span class='ocrx_word' id='word_1_454' title='bbox 932 2251 1088 2283; x_wconf 88' lang='lat' dir='ltr'><strong>Homeri.</strong></span> 
     </span>
    </p>

    <p class='ocr_par' dir='ltr' id='par_1_12' title="bbox 929 2299 1632 2731">
     <span class='ocr_line' id='line_1_55' title="bbox 972 2299 1632 2342; baseline -0.002 -9"><span class='ocrx_word' id='word_1_455' title='bbox 972 2301 981 2322; x_wconf 79' lang='lat'><em>¹</em></span> <span class='ocrx_word' id='word_1_456' title='bbox 1002 2301 1206 2342; x_wconf 73' lang='lat' dir='ltr'><strong>Proeluserit]</strong></span> <span class='ocrx_word' id='word_1_457' title='bbox 1230 2299 1422 2340; x_wconf 84' lang='lat' dir='ltr'><strong>Exercitio,</strong></span> <span class='ocrx_word' id='word_1_458' title='bbox 1443 2301 1536 2331; x_wconf 89' lang='lat' dir='ltr'><strong>velut</strong></span> <span class='ocrx_word' id='word_1_459' title='bbox 1550 2305 1632 2332; x_wconf 79' lang='lat' dir='ltr'><strong>aute</strong></span> 
     </span>
     <span class='ocr_line' id='line_1_56' title="bbox 931 2350 1632 2392; baseline 0 -10"><span class='ocrx_word' id='word_1_460' title='bbox 931 2355 1035 2392; x_wconf 72' lang='lat' dir='ltr'><strong>capta</strong></span> <span class='ocrx_word' id='word_1_461' title='bbox 1064 2361 1158 2382; x_wconf 87' lang='lat' dir='ltr'><strong>arma</strong></span> <span class='ocrx_word' id='word_1_462' title='bbox 1187 2354 1223 2381; x_wconf 90' lang='lat' dir='ltr'><strong>et</strong></span> <span class='ocrx_word' id='word_1_463' title='bbox 1250 2350 1377 2381; x_wconf 83' lang='lat' dir='ltr'><strong>bellum</strong></span> <span class='ocrx_word' id='word_1_464' title='bbox 1405 2350 1538 2382; x_wconf 86' lang='lat' dir='ltr'><strong>initum.</strong></span> <span class='ocrx_word' id='word_1_465' title='bbox 1584 2351 1632 2382; x_wconf 84' lang='lat' dir='ltr'><strong>Et</strong></span> 
     </span>
     <span class='ocr_line' id='line_1_57' title="bbox 931 2399 1630 2439; baseline 0 -7"><span class='ocrx_word' id='word_1_466' title='bbox 931 2401 1119 2432; x_wconf 87' lang='lat' dir='ltr'><strong>Citharoedi</strong></span> <span class='ocrx_word' id='word_1_467' title='bbox 1150 2399 1354 2432; x_wconf 79' lang='lat' dir='ltr'><strong>dicebantur</strong></span> <span class='ocrx_word' id='word_1_468' title='bbox 1387 2399 1398 2417; x_wconf 77' lang='lat'>⁸</span> <span class='ocrx_word' id='word_1_469' title='bbox 1413 2400 1630 2439; x_wconf 83' lang='lat' dir='ltr'><strong>praeludere’</strong></span> 
     </span>
     <span class='ocr_line' id='line_1_58' title="bbox 931 2449 1631 2492; baseline -0.001 -9"><span class='ocrx_word' id='word_1_470' title='bbox 931 2453 987 2483; x_wconf 86' lang='lat' dir='ltr'><strong>vel</strong></span> <span class='ocrx_word' id='word_1_471' title='bbox 1017 2449 1247 2492; x_wconf 86' lang='lat' dir='ltr'><strong>‘proludere‚&#39;</strong></span> <span class='ocrx_word' id='word_1_472' title='bbox 1272 2460 1349 2482; x_wconf 90' lang='lat' dir='ltr'><strong>cum</strong></span> <span class='ocrx_word' id='word_1_473' title='bbox 1374 2451 1631 2491; x_wconf 83' lang='lat' dir='ltr'><strong>praetentabant</strong></span> 
     </span>
     <span class='ocr_line' id='line_1_59' title="bbox 931 2500 1631 2542; baseline 0 -9"><span class='ocrx_word' id='word_1_474' title='bbox 931 2506 968 2533; x_wconf 88' lang='lat' dir='ltr'><strong>et</strong></span> <span class='ocrx_word' id='word_1_475' title='bbox 997 2500 1267 2542; x_wconf 78' lang='lat' dir='ltr'><strong>experiebantur</strong></span> <span class='ocrx_word' id='word_1_476' title='bbox 1294 2501 1449 2532; x_wconf 82' lang='lat' dir='ltr'><strong>chordas.</strong></span> <span class='ocrx_word' id='word_1_477' title='bbox 1509 2501 1564 2532; x_wconf 89' lang='lat' dir='ltr'><strong>Ita</strong></span> <span class='ocrx_word' id='word_1_478' title='bbox 1594 2503 1631 2533; x_wconf 90' lang='lat' dir='ltr'><strong>in</strong></span> 
     </span>
     <span class='ocr_line' id='line_1_60' title="bbox 929 2551 1632 2591; baseline -0.001 -8"><span class='ocrx_word' id='word_1_479' title='bbox 929 2551 1123 2583; x_wconf 84' lang='lat' dir='ltr'><strong>Achilleide</strong></span> <span class='ocrx_word' id='word_1_480' title='bbox 1150 2551 1194 2583; x_wconf 88' lang='lat' dir='ltr'><strong>ad</strong></span> <span class='ocrx_word' id='word_1_481' title='bbox 1222 2551 1477 2583; x_wconf 85' lang='lat' dir='ltr'><strong>Domitianum:</strong></span> <span class='ocrx_word' id='word_1_482' title='bbox 1511 2552 1632 2591; x_wconf 81' lang='lat' dir='ltr'><strong>‘Mag-</strong></span> 
     </span>
     <span class='ocr_line' id='line_1_61' title="bbox 930 2599 1630 2642; baseline 0.001 -11"><span class='ocrx_word' id='word_1_483' title='bbox 930 2610 1060 2642; x_wconf 89' lang='lat' dir='ltr'><strong>nusque</strong></span> <span class='ocrx_word' id='word_1_484' title='bbox 1072 2600 1135 2632; x_wconf 91' lang='lat' dir='ltr'><strong>tibi</strong></span> <span class='ocrx_word' id='word_1_485' title='bbox 1146 2600 1317 2642; x_wconf 83' lang='lat' dir='ltr'><strong>praeludat</strong></span> <span class='ocrx_word' id='word_1_486' title='bbox 1326 2599 1501 2632; x_wconf 63' lang='lat' dir='ltr'><strong>Achilles?</strong></span> <span class='ocrx_word' id='word_1_487' title='bbox 1520 2601 1530 2617; x_wconf 88' lang='lat'>‘</span> <span class='ocrx_word' id='word_1_488' title='bbox 1544 2601 1630 2632; x_wconf 90' lang='lat' dir='ltr'><strong>Pro-</strong></span> 
     </span>
     <span class='ocr_line' id='line_1_62' title="bbox 931 2650 1628 2692; baseline 0.003 -12"><span class='ocrx_word' id='word_1_489' title='bbox 931 2650 1075 2682; x_wconf 84' lang='lat' dir='ltr'><strong>ludere’</strong></span> <span class='ocrx_word' id='word_1_490' title='bbox 1099 2650 1199 2682; x_wconf 83' lang='lat' dir='ltr'><strong>simili</strong></span> <span class='ocrx_word' id='word_1_491' title='bbox 1223 2659 1324 2683; x_wconf 86' lang='lat' dir='ltr'><strong>sensu</strong></span> <span class='ocrx_word' id='word_1_492' title='bbox 1349 2650 1426 2683; x_wconf 86' lang='lat' dir='ltr'><strong>aliis</strong></span> <span class='ocrx_word' id='word_1_493' title='bbox 1454 2650 1628 2692; x_wconf 81' lang='lat' dir='ltr'><strong>scriptori-</strong></span> 
     </span>
     <span class='ocr_line' id='line_1_63' title="bbox 935 2700 1009 2731; baseline 0 0"><span class='ocrx_word' id='word_1_494' title='bbox 935 2700 1009 2731; x_wconf 80' lang='lat' dir='ltr'><strong>bus.</strong></span> 
     </span>
    </p>
   </div>
  </div>
 </body>
</html>
