1800 3060
225 209 320 252 2:28·
720 219 760 250 P.
794 220 986 252 PAPINH
1019 222 1183 254 srAru

227 313 345 366 Quae
365 313 447 357 tibi
467 314 780 369 Parthenopen
799 315 969 357 directo
986 316 1126 358 limite
1147 317 1271 371 ponti

225 381 415 436 Ingerit:
444 382 518 424 hic
538 381 691 423 Graiis
712 383 882 436 penitus
901 383 1078 424 desecta
1098 385 1292 426 metallis

226 449 378 491 Saxa:
409 449 526 502 quod
550 449 658 491 Eoae
676 450 894 503 respergit
913 463 1028 491 vena
1049 450 1243 504 Syenes3

225 516 429 570 Synnade
448 515 568 569 quod
587 519 750 558 moesta
772 517 976 571 Phrygiae
997 517 1150 559 fodere
1172 531 1349 559 secures

224 583 312 624 Per
334 582 523 637 Cybeles
543 584 733 637 lugentis
751 597 899 637 agros,
921 586 997 626 ubi
1018 598 1235 627 marmore
1255 586 1378 640 picto

226 649 430 692 Candida
450 663 671 704 purpureo
691 650 970 705 distinguitur
990 665 1092 693 area
1113 665 1236 706 gyro.

226 716 320 758 Hic
341 721 384 758 et
404 716 622 771 Amyclaei
642 731 807 760 caesum
830 719 884 760 de
903 724 1052 761 monte
1074 719 1267 773 Lycurgi

226 782 364 834 Quod
380 783 507 835 viret,
530 789 576 825 et
595 784 755 826 molles
776 785 972 828 imitatur
990 786 1180 840 rupibus
1197 786 1373 827 herbas.

224 849 318 891 Hic
340 849 597 893 Nomadum
616 852 764 895 lucent
778 854 987 895 flaventia
1008 866 1138 903 saxa,
1159 852 1437 907 Thasosque,

224 917 284 958 Et
305 917 455 968 Chios,
474 923 519 960 et
538 919 731 973 gaudens
750 920 889 962 fluctu
907 925 1075 962 certare
1098 920 1320 974 Carystos.

1621 719 1679 761 90

223 1047 280 1084 ris,
296 1048 375 1086 quod
399 1047 534 1078 ostendit
548 1047 607 1078 tien·
626 1048 841 1088 Parthenopen
856 1048 976 1079 directa
990 1047 1041 1078 via
1053 1058 1110 1089 per
1123 1059 1220 1080 mare.
1264 1047 1332 1079 Hic
1345 1058 1422 1080 saxa
1435 1048 1559 1089 penitus
1572 1051 1679 1083 excisa

223 1098 240 1119 e
270 1089 450 1128 lapidicinis
477 1090 636 1126 (ἔπει-ὴ,-
657 1094 687 1121 et
710 1100 777 1130 «μισ
795 1090 909 1129 sodina
934 1090 1106 1122 Orientali-2
1132 1091 1249 1132 Syenes
1271 1092 1426 1122 maculat:
1558 1103 1678 1125 secures

225 1130 379 1172 Phrygioe
392 1135 599 1163 extraxerunt
615 1142 631 1164 e
645 1132 734 1164 tristi
748 1132 893 1173 Synnade
909 1134 943 1163 in
956 1133 1073 1174 campis
1085 1134 1267 1174 plangentis
1283 1133 1410 1174 Cybelen
1418 1142 1431 1170 ;
1456 1134 1507 1165 aba·
1521 1135 1592 1166 alba
1604 1146 1679 1167 area

223 1173 458 1205 discriminatur
472 1174 505 1205 in
518 1175 603 1214 picto
617 1185 705 1214 saxo,
720 1175 812 1206 rubro
834 1175 914 1206 orbe.
961 1175 1028 1205 Hic
1052 1179 1083 1207 et
1106 1177 1213 1207 virens
1234 1185 1368 1207 marnam·
1390 1175 1535 1216 effossum
1546 1188 1563 1209 e
1575 1182 1680 1210 monte

223 1215 364 1256 Lycurgi
380 1217 547 1258 Amycloet',
563 1220 593 1248 et
608 1218 688 1257 quod
701 1218 800 1248 colore
820 1217 919 1255 refert
939 1216 972 1247 in
994 1219 1057 1249 suis
1077 1220 1166 1249 saxis
1187 1223 1294 1250 tenera
1315 1219 1474 1258 gramina.
1519 1219 1680 1262 Hicflam‘

222 1258 343 1299 lapides
358 1259 568 1291 Numidarum
580 1259 722 1300 fulgent,
745 1269 781 1291 ac
805 1269 942 1290 marmor
966 1259 1124 1300 Thasium,
1152 1261 1335 1302 (Inoamque,
1357 1271 1518 1294 seanxium
1535 1264 1681 1304 Carysti,

834 1353 1071 1367 005000000000

222 1421 308 1450 —85
335 1417 435 1450 Aldd.
452 1422 482 1450 1.
497 1422 529 1450 2.
548 1419 659 1450 Colin.
675 1424 711 1450 et
727 1419 862 1460 Gryph.
879 1421 909 1452 1.
927 1423 958 1451 2.
973 1419 1024 1451 hic
1036 1421 1138 1459 grais.
1183 1419 1301 1451 Parm.
1326 1419 1425 1452 Rom.
1449 1423 1487 1451 et
1511 1425 1580 1452 vet.
1595 1420 1676 1453 Lin-

223 1461 422 1498 denbrogii:
444 1461 562 1493 delecta
576 1462 806 1494 metatum—86
832 1463 928 1493 Rom:
943 1464 1022 1503 quod
1035 1463 1134 1500 Eoae;
1156 1462 1190 1493 in
1206 1462 1333 1494 ceteris
1355 1465 1526 1503 quote—S?
1548 1463 1677 1495 Eadem

224 1513 285 1543 pro
301 1507 374 1544 quot
384 1507 505 1542 moeeta,
527 1510 564 1535 ut
579 1504 612 1535 in
629 1505 753 1536 ceteris
768 1504 846 1536 edd.
860 1505 1000 1536 exhibet
1015 1507 1094 1545 quod
1115 1507 1232 1536 Μία.
1275 1505 1463 1545 Bipontina
1476 1504 1611 1544 saedere,
1633 1516 1679 1537 ex

222 1555 338 1578 errore
355 1547 699 1588 typographico.--93
721 1548 864 1579 Venett.
881 1550 912 1579 1.
926 1549 958 1579 2.
969 1550 1002 1580 3.
1017 1550 1050 1579 4.
1063 1548 1178 1579 Parin.
1193 1547 1295 1579 Rom.
1309 1547 1407 1579 Brix-
1419 1547 1556 1580 Vicent.
1570 1547 1691 1586 Anda„

877 1628 1023 1662 NOTAE

268 1694 311 1724 84
326 1693 563 1734 Parthenopen]
585 1689 818 1735 Parthenope,
833 1694 924 1725 Nea-

222 1742 324 1783 polis,
346 1748 384 1774 ut
399 1743 471 1783 jam
497 1744 655 1776 diximus.
699 1744 790 1775 Vide
806 1744 923 1785 Epith.

221 1792 338 1824 Stellae
355 1802 405 1823 vs.
421 1795 495 1824 261.

265 1845 308 1874 86
322 1843 505 1884 Respergit]
529 1844 627 1875 Bene
641 1843 809 1884 respergit.
833 1843 923 1875 Nam

222 1893 310 1934 lapis
326 1895 498 1934 Syenites,
513 1895 571 1935 qui
585 1894 679 1926 circa
690 1894 827 1935 Syenen
837 1894 924 1925 The·

223 1944 334 1976 haidis
350 1945 470 1976 urbem
494 1944 637 1984 foditur,
651 1945 845 1976 maculosus
858 1948 924 1984 est,

223 1996 314 2027 unde
337 1997 347 2013 ‘
362 1995 522 2036 poecilos’
560 1995 695 2037 Pyrrho
724 1995 923 2032 vocabatur,

222 2050 313 2078 teste
337 2046 463 2078 Plinio.
507 2047 639 2078 Trabes
669 2055 712 2077 ex
738 2055 779 2077 eo
805 2045 923 2077 fecere

221 2105 320 2137 reges
347 2097 492 2137 quodam
518 2096 719 2135 certamine,
743 2095 924 2127 Obeliscos

223 2150 401 2185 vocamen,
415 2145 503 2177 Solis
519 2145 648 2176 numini
667 2149 820 2177 sacratos
835 2156 843 2176 z
868 2154 923 2176 ra-

221 2195 354 2227 diorum
380 2197 456 2237 ejus
480 2199 716 2237 argumentum
745 2195 779 2226 in
809 2193 923 2235 effigie

222 2251 288 2285 est,
304 2252 340 2278 et
355 2247 403 2277 ita
419 2245 629 2287 significatur
643 2246 778 2277 nomine
794 2244 922 2285 AEgyp·

220 2298 281 2329 tio.
303 2298 393 2330 Vide
404 2298 551 2330 eundem
562 2298 711 2330 Plinium
722 2297 782 2328 lib.
792 2305 922 2328 xxxvl.

221 2356 298 2388 cap.
321 2351 354 2379 8.
399 2349 509 2389 Syene
537 2357 620 2380 vero
646 2347 773 2379 dicitur
801 2345 922 2386 ‘an,'

222 2398 303 2439 quia
316 2397 359 2429 ad
377 2398 555 2430 Orientem
571 2398 697 2439 vergit.

263 2450 306 2479 87
329 2448 478 2489 Synnade
498 2450 581 2489 quod
607 2447 734 2488 moesta]
754 2446 923 2487 Intelligit

219 2498 452 2538 synnaaieum
479 2508 640 2531 marmor.
684 2497 774 2530 Vide
796 2498 923 2529 Balne-

221 2558 278 2580 um
294 2549 458 2581 Hetrnsci
474 2559 523 2580 vs.
539 2552 592 2581 37.
637 2549 767 2590 Maesta]
781 2548 872 2582 Quia
886 2548 921 2578 in

219 2599 284 2631 hac
310 2599 394 2632 urbe
420 2609 518 2631 sacra
539 2599 670 2632 fiebant
695 2600 824 2640 Cybele
843 2607 921 2631 cum

1019 1697 1062 1726 88
1085 1695 1150 1727 Per
1176 1693 1306 1736 Cybeles
1329 1694 1467 1734 lugentis
1491 1695 1601 1736 agros]
1633 1694 1677 1726 Id

977 1750 1044 1781 est,
1067 1754 1130 1785 per
1155 1744 1356 1785 Phrygiam,
1389 1745 1425 1776 in
1452 1753 1519 1786 qun
1545 1745 1676 1785 Cybele

977 1797 1154 1837 praecipue
1177 1795 1365 1828 colebatur.
1409 1796 1571 1827 Marmore
1591 1797 1686 1837 picto-

979 1847 1123 1878 Candida
1134 1854 1288 1886 purpureo
1301 1845 1508 1885 distinguitur
1520 1854 1595 1877 area
1615 1855 1677 1887 gy-

977 1895 1027 1936 ro]
1049 1896 1279 1936 Synnadicum
1295 1895 1384 1927 enim
1399 1904 1544 1927 marmor
1559 1895 1677 1926 eandi-

977 1945 1057 1977 dum
1073 1949 1161 1985 erat,
1174 1945 1234 1976 sed
1250 1945 1380 1976 circulo
1393 1944 1538 1985 quodam
1549 1953 1676 1985 purpu-

977 2005 1036 2027 reo
1050 1995 1260 2035 distinctum,
1273 2004 1340 2036 quo
1349 1993 1434 2026 illud
1449 2003 1596 2025 marmor
1605 1993 1676 2025 vel-

974 2050 1014 2078 ut
1029 2046 1161 2087 pictum
1175 2049 1261 2077 erat.

1017 2098 1062 2127 9⁰
1083 2095 1153 2127 Hic
1166 2099 1198 2127 et
1211 2093 1365 2136 Amyezoei
1378 2103 1490 2125 ocem
1511 2094 1550 2125 de
1571 2095 1676 2124 mate

974 2144 1130 2186 Lycurgi]
1152 2146 1334 2186 Taygeton
1347 2148 1497 2175 montem
1508 2143 1677 2183 designat,

975 2196 1010 2226 in
1041 2205 1106 2236 quo
1137 2197 1340 2227 caedebatur
1379 2203 1527 2226 marmor
1555 2193 1674 2225 viride.

975 2245 1064 2276 Vide
1081 2246 1245 2277 Balneum
1263 2245 1426 2277 Hetrusci
1442 2254 1492 2275 vs.
1511 2246 1567 2276 40.
1610 2244 1674 2275 Di-

976 2297 1066 2328 citur
1087 2299 1097 2313 ‘
1111 2306 1206 2328 mons
1227 2295 1400 2338 Lycurgi,'
1421 2293 1607 2327 alludendo
1629 2293 1674 2326 ad

975 2348 1171 2388 Lycurgum
1179 2347 1465 2388 sapientissimum
1473 2346 1566 2377 illum
1572 2345 1676 2387 Spar·

976 2402 1022 2429 tae
1048 2398 1290 2438 legislatorem.
1331 2396 1484 2438 Amyeloez'
1510 2404 1591 2427 vero
1613 2404 1676 2426 sen

975 2448 1152 2490 Spartani,
1168 2448 1212 2479 ab
1234 2447 1390 2488 Amyclis
1411 2445 1542 2488 oppido
1566 2445 1674 2477 Laco-

975 2509 1053 2532 niae.

1016 2551 1057 2580 91
1077 2549 1121 2579 Et
1137 2548 1239 2579 moues
1252 2547 1396 2578 imitatur
1408 2545 1538 2587 rupibus
1546 2544 1674 2585 herbas]

975 2599 1102 2631 Colore
1116 2598 1262 2637 scilicet,
1278 2606 1355 2629 nam
1369 2596 1479 2628 viride
1495 2601 1562 2636 est,
1583 2602 1622 2628 ut
1634 2600 1672 2628 et

220 2651 335 2682 multis
353 2651 510 2693 lacrymis
526 2656 561 2682 et
576 2650 758 2691 ejulatibus
774 2650 819 2681 ob
835 2648 920 2681 infe·
970 2649 1087 2682 herbae
1103 2647 1238 2680 virides.

220 2702 306 2734 lices
323 2713 399 2735 suos
422 2713 499 2735 cum
523 2712 642 2745 puero,
668 2703 724 2734 cui
749 2702 839 2743 Atys
861 2711 920 2734 no-

220 2747 312 2793 men,
327 2763 470 2786 amores.
503 2779 510 2785 .

1014 2702 1058 2731 92
1082 2700 1256 2731 Nomadum
1278 2698 1380 2729 lucent
1396 2697 1553 2740 flaventia
1578 2696 1684 2738 saxa}

973 2749 1143 2791 Intelligit
1157 2758 1304 2782 marmor
1317 2748 1548 2782 Numidicum.
1581 2748 1686 2781 Vide·
