1800 3060
198 181 291 223 142

704 194 743 222 P.
777 191 969 223 PAPINll
1004 192 1170 224 STATlI

206 290 364 334 Volvit
383 302 524 346 opus:
555 289 679 333 videt
700 289 819 332 alma
837 289 939 344 pios
959 288 1153 343 Astraea,
1173 290 1204 334 J
1209 290 1369 346 ovique

818 397 936 410 eeeeee

940 398 1058 410 eeeeee

204 458 327 491 Salisb.
342 458 470 491 Soterici
488 458 601 490 Rutuli
619 458 761 497 Gallici;
785 458 998 492 Gronovius:
1025 459 1152 491 Soteria
1167 459 1286 492 Rutilii
1303 459 1430 497 Gallici,
1454 468 1502 492 sc.
1520 458 1667 492 nomine.

866 544 1009 578 NOTAE

253 608 431 649 *Soter-ia]
465 608 591 640 Soter-ia
627 609 764 650 quidam
794 610 916 642 volunt

209 669 284 692 esse
301 669 455 699 munera,
479 670 555 700 quae
581 658 623 690 ad
650 660 775 691 amicos
798 660 914 692 mitte-

209 711 350 748 bantur,
371 719 447 741 cum
473 718 515 740 ex
539 710 634 750 gravi
655 710 773 742 morbo
789 720 913 742 conva-

209 760 366 799 luissent,
395 765 432 791 et
461 759 614 800 probant
642 760 705 792 hoc
743 761 913 793 Martialis

209 809 488 850 Epigrammate:
505 810 515 828 ‘
530 809 687 851 AEgrotas
704 820 771 842 uno
787 811 915 852 decies,

210 865 270 893 aut
287 860 412 901 saepius
427 870 536 900 anno;
553 862 630 894 Nec
647 861 722 902 tibi,
737 861 798 893 sed
813 862 912 895 nobis

209 911 288 951 hoc,
303 911 541 952 Polycharme,
566 916 680 944 nocet.
722 912 812 943 Nam
831 922 914 954 quo-

210 961 276 992 ties
305 961 430 1002 surgis,
456 961 595 993 Soteria
622 961 736 1003 poscis
766 961 911 994 amicos:

209 1012 265 1045 Sit
281 1011 403 1053 pudor,
418 1016 551 1053 aegrota
566 1013 650 1053 jam,
672 1012 913 1054 Polycharmo,

210 1061 340 1094 semel?
385 1062 452 1094 Sed
468 1061 593 1094 Soter-ia
608 1063 691 1094 nihil
707 1063 798 1094 aliud
822 1068 915 1105 sunt,

210 1116 251 1144 ut
294 1111 383 1144 bene
425 1111 481 1144 hic
519 1113 680 1144 observat
714 1113 914 1155 Gevartius,

210 1171 312 1205 quam
336 1166 416 1195 vota
429 1167 466 1194 et
481 1162 661 1204 sacrificia,
675 1173 752 1205 quae
776 1174 838 1205 pro
861 1174 914 1196 sa-

210 1213 283 1244 lute
297 1212 500 1255 principum,
531 1224 607 1246 cum
624 1224 643 1246 e
659 1215 754 1256 gravi
770 1219 806 1246 et
825 1217 915 1256 peri-

211 1263 329 1295 culoso
351 1263 442 1296 bello
468 1264 552 1296 salvi
579 1269 853 1307 reverterentur,
876 1275 915 1297 ac

212 1324 275 1356 pro
291 1314 404 1346 salute
420 1315 622 1356 amicorum,
642 1325 719 1347 cum
737 1325 779 1347 ex
794 1316 915 1348 morbo

211 1365 511 1404 convalescerent,
540 1366 744 1398 solvebant:
778 1370 917 1398 servata

211 1416 351 1447 notione
366 1416 501 1453 Graeca,
517 1426 583 1458 qua
606 1415 742 1459 σωτήρια
765 1420 843 1449 sunt
866 1427 916 1448 sa-

209 1467 332 1509 crificia
345 1476 402 1508 pro
415 1468 516 1498 salute
530 1471 667 1508 accepta.
714 1466 815 1500 Quod
834 1476 915 1499 vero

211 1517 386 1549 Martialis
414 1517 568 1559 queritur
597 1517 642 1549 de
671 1517 914 1558 Polycharmo,

212 1567 306 1609 quod
321 1567 457 1599 Soteria
473 1571 594 1608 poscat
618 1567 756 1608 amicos,
770 1567 836 1599 hoc
852 1573 917 1608 est,

213 1618 305 1659 quod
317 1619 391 1650 haec
408 1622 487 1650 vota
508 1627 549 1650 ac
565 1617 746 1659 sacrificia,
760 1627 828 1650 non
845 1618 916 1649 sine

212 1670 344 1710 magnis
360 1669 539 1710 sumtibus,
563 1668 695 1700 fiebant
724 1678 764 1700 ae
790 1669 916 1709 persol-

214 1719 407 1751 vehantur:
431 1719 521 1762 quod
537 1719 620 1750 satis
631 1719 705 1759 ipse
717 1718 846 1750 Statius
858 1718 918 1749 de-

213 1770 334 1810 clarat,
347 1770 383 1801 in
399 1769 467 1801 fine
482 1769 707 1809 Soteriorum,
723 1769 765 1800 de
782 1769 915 1800 solven-

213 1819 266 1851 dis
279 1829 342 1860 pro
357 1820 543 1860 impetrata
553 1819 679 1851 Gallici
689 1819 802 1850 salute
814 1819 917 1850 sacri·

213 1869 315 1902 ficiis.
357 1869 491 1910 Rutilii]
514 1869 710 1901 Verisimile
736 1874 790 1900 est
818 1869 916 1900 Ruti-

215 1920 297 1952 lium
314 1919 432 1961 fuisse,
446 1924 485 1951 ut
511 1924 610 1961 patet
633 1929 677 1952 ex
699 1920 764 1952 hoc
789 1920 918 1960 libello,

213 1979 259 2002 ex
274 1970 415 2012 antiqua
430 1974 465 2002 et
480 1970 688 2001 nobilissima
710 1970 916 2001 Rutiliorum

215 2019 356 2056 familia,
384 2029 461 2062 quae
488 2020 604 2061 plures
635 2021 793 2052 consules
825 2021 918 2052 tulit.

215 2071 262 2103 Et
280 2071 371 2102 inter
387 2070 471 2101 alios
492 2070 599 2110 illum,
613 2070 670 2111 qui
693 2070 827 2102 occisus
853 2069 919 2101 fuit

214 2121 306 2154 bello
320 2121 457 2161 Italico,
468 2124 506 2152 nt
520 2125 668 2152 testatur
687 2121 837 2152 Velleius
853 2120 920 2152 Pa-

215 2171 367 2204 terculus
391 2171 450 2204 lib.
478 2181 520 2204 11.
548 2176 586 2203 et
611 2171 706 2203 illum
736 2171 919 2203 celeberri-

214 2232 308 2254 mum
323 2222 623 2263 jurisconsultum,
637 2222 695 2263 qui
718 2231 795 2254 cum
819 2222 918 2253 Man-

214 2272 261 2304 lio
289 2273 411 2304 consul
434 2271 502 2304 fuit
529 2282 616 2304 anno
641 2272 743 2304 Urbis
768 2272 917 2303 conditae

215 2325 293 2355 648.
315 2323 440 2364 quique
458 2323 689 2363 interrogatus
711 2321 919 2363 repetunda-

215 2381 305 2412 rum,
329 2372 475 2404 maximo
502 2381 578 2404 cum
603 2372 733 2413 gemitu
759 2371 920 2412 civitatis,

217 2421 395 2454 damnatus
411 2421 490 2454 fuit.
514 2423 618 2454 Hunc
628 2422 780 2454 Velleius
797 2421 918 2453 Pater-

217 2472 315 2504 culus
340 2475 376 2502 et
397 2472 519 2503 Cicero
547 2473 671 2512 passim
690 2475 810 2504 vocant
831 2471 919 2513 opti-

215 2531 308 2554 mum
323 2525 360 2553 et
373 2522 620 2554 sanctissimum
645 2523 765 2554 virum.
809 2522 921 2563 Smyr-

214 2580 293 2603 nam
309 2572 546 2612 commigravit
558 2573 748 2605 studiorum
760 2582 871 2610 causa,
885 2578 920 2604 et

218 2622 338 2654 maluit
360 2622 396 2653 in
420 2623 523 2654 exilio
543 2632 733 2664 remanere,
758 2633 859 2665 quam
884 2623 919 2655 in

218 2672 366 2712 patriam
393 2672 518 2713 redire,
547 2683 624 2705 cum
655 2674 690 2705 id
717 2675 749 2706 ei
777 2674 920 2707 victoria

216 2722 324 2764 Syllae
340 2727 536 2766 praestaret,
560 2733 604 2756 ne
619 2724 701 2767 quid
724 2730 844 2758 contra
871 2725 918 2757 le—

969 620 1029 652 ges
1065 609 1211 643 faceret.
1266 609 1428 642 Meminit
1456 613 1492 642 et
1526 609 1669 641 Orosius

968 661 1060 693 Hist.
1075 661 1135 693 lib.
1147 669 1183 693 v.
1198 670 1276 702 cap.
1289 663 1343 694 18.
1375 661 1417 692 P.
1431 660 1554 693 Rutilii
1569 660 1670 701 Lupi,

968 711 1026 752 qui
1041 711 1160 742 consul
1176 709 1243 742 fuit
1259 720 1336 742 eum
1361 711 1400 743 L.
1419 711 1557 742 Caesare
1582 719 1670 741 anno

967 760 1072 792 Urbis
1097 760 1249 792 conditae
1263 763 1339 793 663.
1363 765 1398 792 et
1425 760 1594 802 Ulpianus
1625 760 1670 791 de

967 811 1088 843 Veteri
1103 811 1189 844 Jure
1204 812 1313 844 Enuc.
1339 811 1402 844 lib.
1418 820 1442 843 1.
1466 810 1586 843 Rutilii
1609 810 1670 842 Se-

967 861 1052 893 veri.
1097 862 1145 893 Et
1170 862 1297 894 mentio
1323 860 1363 893 fit
1390 861 1534 893 alterins
1560 860 1670 894 Jurisa

966 913 1113 944 consulti
1129 912 1249 944 Rutilii
1265 912 1408 943 Maximi
1432 911 1476 944 ad
1499 912 1581 952 Leg.
1598 911 1671 943 Fal·

967 962 1089 994 cidiam
1114 962 1136 994 1.
1151 965 1226 994 125.
1245 962 1289 993 de
1316 962 1438 1002 Legat.
1460 961 1594 1003 Auctor
1614 971 1671 993 co·

966 1011 1114 1052 moediae,
1147 1022 1222 1054 quae
1256 1013 1266 1029 ‘
1281 1012 1451 1045 Querolus
1467 1010 1477 1026 '
1514 1015 1671 1051 vocatur,

967 1073 1054 1104 opus
1079 1073 1176 1094 suum
1203 1062 1343 1094 dedicat
1367 1061 1502 1094 cuidam
1527 1061 1670 1093 Rutilio.

968 1113 1145 1144 Habemus
1170 1113 1274 1143 etiam
1299 1112 1520 1143 Itinerarium
1550 1111 1673 1143 Rutilii

969 1163 1181 1204 Numatiani,
1197 1162 1254 1204 qui
1272 1166 1430 1203 tempore
1456 1161 1601 1194 Honorii
1624 1161 1672 1193 vi-

970 1213 1085 1251 vebat,
1101 1218 1231 1255 praeter
1247 1214 1370 1245 multos
1388 1212 1485 1255 alios,
1501 1213 1560 1254 qui
1586 1212 1673 1245 refe-

971 1268 1093 1295 runtur
1107 1264 1143 1295 in
1159 1264 1282 1296 Fastis.
1331 1264 1460 1295 Noster
1477 1273 1557 1296 vero
1574 1264 1671 1296 Ruti-

969 1313 1037 1345 lius
1074 1313 1228 1346 Gallicus
1276 1313 1520 1354 praefecturam
1568 1314 1671 1355 urbis,

972 1373 1072 1404 qnam
1091 1363 1184 1396 infra
1205 1363 1318 1396 Poe'ta
1333 1368 1436 1396 vocat
1459 1364 1469 1381 ί
1481 1363 1672 1396 custodiam

972 1413 1116 1453 Romae,'
1139 1414 1272 1446 Seneca
1290 1415 1299 1431 ‘
1311 1414 1454 1446 tutelam
1470 1413 1590 1454 urbis‚'
1611 1415 1672 1446 ob-

969 1466 1073 1498 tinuit
1088 1466 1151 1498 sub
1166 1466 1377 1507 Domitiano,
1389 1470 1426 1498 ut
1437 1467 1615 1508 colligitur
1628 1477 1671 1498 ex

968 1516 1139 1550 Juvenale
1150 1518 1252 1550 Satir.
1268 1526 1331 1550 xv.
1348 1518 1358 1536 ‘
1373 1518 1419 1549 Et
1433 1522 1550 1549 custos
1565 1518 1673 1549 Galli-

968 1577 1028 1599 cus
1058 1567 1175 1600 urbis!
1221 1567 1418 1600 Praefectus
1443 1567 1521 1599 urbi
1545 1567 1672 1600 dicitur

968 1618 1072 1650 etiam
1089 1623 1204 1650 custos
1219 1618 1382 1660 Josepho.

1014 1672 1032 1701 1
1053 1670 1152 1710 Estis,
1167 1670 1197 1700 io
1211 1669 1341 1711 Superi]
1358 1669 1454 1701 Nihil
1471 1669 1578 1711 magis
1595 1678 1673 1702 con-

970 1719 1128 1751 firmabat
1158 1723 1294 1751 veteres
1323 1720 1359 1750 in
1386 1719 1559 1760 opinione,
1582 1720 1673 1761 quod

970 1769 1033 1801 Dii
1047 1773 1172 1809 essent,
1187 1779 1288 1810 quam
1302 1779 1379 1800 cum
1402 1769 1483 1801 boni
1505 1769 1674 1811 probique

969 1818 1144 1856 florerent,
1161 1820 1240 1850 mali
1255 1829 1336 1851 vero
1350 1820 1478 1851 meritis
1493 1820 1602 1861 poenis
1625 1819 1675 1852 af-

970 1870 1177 1903 ficerentur:
1210 1871 1300 1902 unde
1329 1871 1358 1903 si
1387 1872 1534 1913 aliquem
1562 1872 1673 1904 virum

971 1921 1117 1962 probum
1142 1930 1183 1952 ac
1208 1921 1337 1953 virtute
1364 1926 1587 1963 praestantem
1613 1932 1673 1954 ex-

973 1971 1048 2002 tolli
1064 1971 1262 2008 honoribns‚
1279 1976 1339 2003 aut
1355 1971 1489 2003 liberari
1505 1972 1550 2004 ab
1566 1972 1673 2004 immi-

972 2020 1136 2052 nentibus
1170 2021 1336 2062 periculis
1361 2021 1536 2062 viderent,
1558 2022 1674 2054 subito

972 2071 1238 2103 exclamabant:
1272 2071 1373 2110 Estis,
1400 2071 1432 2102 io
1457 2071 1595 2113 ευμεν-ὴ
1634 2082 1674 2104 ac

973 2122 1071 2154 Deos
1088 2132 1162 2154 esse
1177 2126 1298 2164 aperte
1312 2122 1530 2155 fatebantur:
1548 2124 1577 2155 si
1593 2133 1673 2155 vero

972 2183 993 2204 e
1020 2177 1139 2205 contra
1164 2178 1349 2205 cernerent
1369 2174 1476 2205 malos
1501 2178 1674 2215 potentes,

973 2224 1203 2266 virtutemque
1214 2223 1388 2261 afflictam,
1397 2224 1513 2256 statim
1524 2224 1581 2255 illa
1590 2224 1675 2255 fides

973 2274 1188 2315 elabebatur,
1209 2284 1274 2306 nec
1295 2274 1464 2315 putabant
1477 2274 1569 2306 Deos
1586 2283 1673 2314 esse,

974 2330 1034 2356 aut
1050 2325 1170 2356 saltem
1182 2323 1346 2356 mundum
1363 2323 1480 2355 divina
1496 2324 1675 2363 providen-

974 2375 1022 2407 tia
1037 2375 1122 2415 regi,
1159 2374 1327 2415 Exempla
1343 2373 1465 2414 passim
1480 2372 1591 2405 obvia.
1621 2373 1674 2414 Io]

974 2426 1052 2456 Vox
1075 2424 1225 2456 laetantis
1250 2428 1287 2455 et
1313 2423 1564 2464 triumphantis.
1607 2427 1616 2441 ¹
1634 2423 1674 2455 Io

973 2473 1194 2511 Saturnalia‚’
1226 2473 1280 2504 ‘io
1312 2472 1502 2514 triumphe!
1562 2474 1676 2506 Quan-

975 2524 1088 2566 doque
1115 2524 1277 2556 dolentis.
1323 2523 1453 2555 Noster
1481 2523 1591 2556 Theb.
1616 2534 1674 2556 ιιι.

975 2576 985 2592 ‘
1000 2574 1038 2606 10
1052 2574 1173 2616 quanti
1195 2573 1362 2604 rubebitis
1383 2572 1520 2605 amnes!
1561 2573 1675 2605 Tibul-

973 2625 1047 2656 lus:
1072 2624 1186 2656 ‘Uxor
1200 2623 1233 2654 io
1248 2632 1352 2655 saevas
1379 2623 1463 2654 tolle
1489 2623 1603 2664 puella
1625 2623 1675 2655 fa-

973 2674 1056 2707 ces!

1030 2727 1050 2756 2
1073 2723 1216 2766 Astroea]
1257 2722 1407 2765 Astraea,
1443 2723 1520 2756 Dea
1559 2723 1667 2756 Justi-
