1800 3060
207 217 295 260 132
710 225 752 257 1².
785 223 979 256 PAP1N11
1011 223 1177 256 s'rArn

205 323 362 377 Teque
381 334 458 376 per
478 320 706 375 obliquum
721 322 894 376 penitus
915 334 1014 376 quae
1030 320 1194 363 laberis
1214 327 1398 372 amnem,

210 390 400 440 Marcia,
423 395 469 431 et
490 389 652 431 audaci
672 390 934 432 transcurris
954 389 1138 431 flumina
1152 389 1366 444 plumbo?

206 514 521 556 obliquumfluoium,
544 517 575 546 et
600 512 792 545 transcurris
815 522 921 545 amnes
944 512 1057 544 audaci
1071 511 1220 553 plumbo?
1240 511 1295 545 An
1307 513 1391 545 solus
1413 512 1552 555 Alpheus
1566 511 1672 546 Elidis

819 602 858 615 ee
861 601 998 615 ueoeaee
1001 603 1059 617 eu

206 664 418 703 Algentesque
431 662 537 699 lacus,·
560 660 672 698 Idem,
687 669 764 691 cum
780 660 887 692 Bern.
903 659 1025 691 Barth.
1042 663 1081 692 et
1096 660 1268 693 Christio:
1291 659 1426 703 aliosque
1440 661 1475 694 in
1491 672 1528 703 g.
1540 662 1673 702 sontes,-

206 706 327 738 Burm.
352 706 509 745 olidasque
534 703 570 735 in
589 713 626 744 g.
639 702 760 743 fontes,
781 702 842 734 sed
867 711 934 734 non
961 702 1096 735 omnino
1119 703 1264 736 damnat
1278 705 1360 736 altos
1368 714 1381 742 ,·
1403 704 1489 737 alius
1513 705 1671 747 quidam:

205 749 328 788 altoque
340 747 418 787 ing.
430 747 549 786 fontes.
597 746 690 777 Hinc
705 745 950 777 Marklandus:
972 745 1181 787 Albentesque
1204 747 1228 778 l.
1249 746 1447 789 gelidosque‚·
1470 751 1529 780 et:
1551 747 1672 788 Algen-

205 794 310 832 tesque
339 791 362 822 l.
390 789 556 831 albosque,·
589 793 625 820 et
653 787 823 830 denique:
857 787 998 827 albasque
1022 789 1057 819 in
1086 789 1230 829 margine
1242 789 1374 828 sontes;
1405 799 1485 822 nam
1499 790 1624 823 Venet.
1641 793 1674 823 1.

206 833 334 865 habet:
357 833 496 874 altosque
520 831 699 871 immergite
714 831 832 870 fontes.
877 830 993 862 Ceteri
1017 830 1096 862 libri
1114 841 1234 863 omnes
1257 831 1422 865 exhibent
1444 837 1485 865 ut
1509 833 1544 864 in
1564 836 1675 866 textu.

205 878 292 907 -67
316 875 442 907 Martia
470 884 587 907 omnes
615 874 715 906 codd.
745 878 780 906 et
809 872 888 904 edd.
915 876 1003 905 vett.
1033 873 1093 905 sed
1125 874 1292 906 Morellus
1319 874 1448 916 primus
1475 875 1627 908 correxit
1652 885 1677 908 e·

205 918 377 951 Strabone
407 927 442 950 v.
473 928 508 959 p.
536 920 612 949 240.
649 917 708 948 ubi
735 920 879 948 vocatur
902 914 940 947 τὸ
965 914 1103 958 Μάρκιον
1134 916 1225 958 ὕδωρ.
1279 917 1382 950 Hanc
1409 918 1674 958 correctionem,

205 971 275 994 non
315 961 493 993 nominato
531 965 699 1009 anctore&
724 958 823 990 dedit
865 959 1103 1008 Marklandus.
1164 959 1328 992 Heinsius
1355 959 1502 994 Advers.
1530 969 1589 993 111.
1618 963 1673 993 17.

205 1006 349 1079 {inii}
363 1004 554 1079 etsta?
564 1003 925 1086 tssiiffztaeff'ssffssxssz
935 1001 963 1040 f
960 1005 1098 1085 32132‘153:
1142 1003 1542 1088 ἕιῑωΒὶέἔεέἒὲΞῖῙῗέ
1561 1003 1675 1079 &22-

873 1134 1016 1167 NOTAE

206 1202 291 1233 lacus
319 1201 484 1243 intelligit
513 1200 670 1234 Albulas.
715 1200 914 1232 Observan-

205 1252 287 1284 dum
300 1256 366 1294 est‚
382 1252 565 1290 Anienem,
575 1251 633 1283 ubi
649 1261 693 1283 ex
704 1254 820 1283 monte
835 1250 915 1281 Tre-

202 1303 368 1336 banorum
382 1303 505 1344 oritur,
517 1307 588 1335 tres
604 1303 699 1334 lacus
715 1301 914 1334 amoenitate

204 1354 338 1386 nobiles
367 1353 551 1396 perfluere,
583 1357 622 1385 ut
651 1353 723 1394 jam
750 1351 912 1384 diximus.

205 1404 293 1436 Inde
308 1414 371 1446 per
385 1408 521 1436 montes
533 1407 571 1436 et
593 1403 708 1445 sylvas
723 1402 911 1434 decurrens

198 1454 304 1496 juxta
331 1454 440 1487 Tibur
469 1464 514 1487 ex
543 1453 743 1486 editissimis
772 1452 912 1494 rupibus

204 1504 444 1546 praecipitatur
479 1504 514 1536 in
559 1503 736 1545 subjectos
772 1511 912 1544 campos

204 1554 355 1586 maximo
378 1564 455 1587 cum
481 1554 644 1596 strepitu.
689 1552 827 1585 Alicubi
851 1562 914 1595 per

204 1606 363 1646 scopulos
387 1609 424 1637 et
447 1614 531 1637 saxa
554 1605 729 1646 delapsus,
744 1604 796 1635 sui
821 1613 914 1644 mag-

206 1665 286 1688 nam
316 1660 453 1698 partem
482 1655 653 1694 recondit,
675 1663 778 1696 qnam
807 1653 914 1685 aliubi

206 1711 323 1738 tamen
350 1707 386 1738 in
417 1705 589 1737 descensu
625 1705 719 1746 large
754 1703 913 1736 revomit.

206 1756 300 1789 Quin
316 1755 360 1787 ad
384 1755 547 1787 montium
570 1754 705 1786 radices
729 1763 789 1794 per
811 1753 914 1785 imam

206 1806 387 1848 planitiem
403 1805 547 1846 egelidis
563 1805 658 1837 venis
676 1803 836 1836 sulfureis
851 1814 914 1846 per

206 1856 433 1888 subterranea
455 1855 595 1887 metalla
619 1854 797 1894 derivatis,
820 1863 914 1895 spar-

207 1907 270 1938 sim
292 1906 452 1946 erumpit,
473 1915 556 1946 quas
580 1905 722 1937 Albulas
747 1909 872 1936 vocant
894 1914 914 1935 a

206 1956 319 1988 colore
345 1955 412 1986 seri
438 1955 551 1994 lactis,
566 1955 621 1986 cui
645 1954 772 1985 similes
797 1954 913 1985 viden-

207 2010 275 2038 tur.
321 2004 462 2037 Medica
486 2004 616 2036 virtute
644 2004 754 2035 multa
781 2003 914 2044 pollere

207 2056 369 2088 dicuntur
385 2059 454 2086 tam
477 2054 512 2086 in
533 2058 630 2096 potu,
643 2063 745 2095 quam
768 2052 914 2093 balneis,

207 2110 247 2138 ut
261 2106 364 2138 etiam
379 2104 504 2136 Strabo
521 2107 665 2136 testatur
684 2103 744 2135 lib.
760 2112 796 2135 V.
841 2103 914 2135 Pli-

207 2156 284 2188 nius
298 2155 357 2187 lib.
376 2163 484 2187 xxxr.
502 2164 578 2195 cap.
593 2157 626 2185 2.
644 2162 702 2185 eas
719 2153 913 2185 vulneribus

207 2205 341 2238 mederi
360 2205 493 2237 scribit.
537 2204 662 2246 Neque
683 2204 793 2236 solum
808 2203 914 2236 Albu-

209 2257 265 2295 lae,
281 2256 339 2287 sed
361 2259 398 2287 et
418 2254 596 2286 Albuneus
617 2264 723 2296 supra
742 2254 861 2294 Tibur,
878 2258 914 2286 et

208 2308 323 2340 Anien
349 2308 424 2349 ipse
451 2307 484 2338 vi
510 2307 655 2348 quadam
682 2316 743 2338 sua
764 2306 913 2338 naturali

209 2358 436 2397 consolidant,
463 2361 499 2389 et
528 2357 743 2398 agglutinant
767 2366 915 2398 corpora

210 2408 351 2450 quaevis,
362 2417 479 2439 verum
491 2412 527 2440 et
539 2407 698 2448 virgulta,
709 2407 811 2448 ligna,
821 2405 915 2447 folia,

211 2459 266 2490 vel
303 2458 440 2498 herbas,
470 2459 605 2500 aliaque
637 2458 809 2497 solidiora,
837 2467 914 2499 quae

211 2508 380 2551 perfluere
411 2509 593 2550 contingit,
620 2508 751 2541 cortice
780 2507 915 2549 lapideo

209 2560 334 2592 sensim
368 2559 556 2592 obducunt.
602 2559 803 2592 Albularum
839 2559 914 2590 aliae

211 2611 333 2644 calidae
361 2615 475 2651 erant,
497 2615 536 2642 ut
562 2615 709 2643 testatur
734 2610 915 2643 Suetonius

213 2661 371 2703 Augusto
399 2670 476 2702 cap.
507 2663 561 2692 82.
589 2661 666 2693 aliae
695 2660 847 2702 frigidae,
876 2664 916 2693 ut

212 2713 316 2744 habet
330 2712 456 2745 Strabo
472 2716 508 2744 et
528 2712 663 2744 Plinius
685 2712 769 2744 locis
785 2711 914 2744 citatis.

214 2763 367 2796 Galenus
389 2763 447 2796 lib.
463 2771 547 2796 vm.
573 2763 729 2797 Methodi
755 2763 914 2796 medendi

969 1203 1071 1231 vocat
1102 1198 1254 1237 ἅλβουλα.
1297 1200 1389 1233 vide
1418 1199 1508 1233 infra
1538 1209 1589 1234 vs.
1617 1202 1672 1235 ¹7⁵.

967 1249 1118 1291 meosque
1141 1251 1177 1282 in
1201 1251 1335 1292 gurgite
1355 1251 1481 1292 sontes]
1502 1252 1675 1295 Intelligit

967 1309 1072 1341 aquas
1089 1301 1248 1333 salientes
1265 1302 1318 1333 vel
1342 1302 1375 1333 in
1400 1302 1475 1343 ipso
1487 1301 1604 1343 fluvio,
1617 1303 1675 1336 vel

968 1349 1003 1381 in
1027 1355 1172 1393 utraque
1195 1351 1272 1393 ripa
1293 1351 1403 1392 fluvii,
1418 1357 1478 1384 aut
1493 1351 1637 1385 Albulas
1652 1361 1674 1384 e

968 1400 1122 1441 pluribus
1137 1400 1292 1433 fontibus
1307 1406 1543 1443 erumpentes.

1008 1453 1052 1483 66
1077 1452 1178 1494 Teque
1196 1462 1256 1494 per
1280 1452 1435 1494 obliquum
1456 1453 1580 1495 penitus
1602 1464 1674 1496 quoe

966 1501 1079 1533 laberis
1093 1512 1224 1543 amnem,
1238 1503 1365 1535 Marcia
1381 1504 1551 1546 [Martia],
1565 1508 1598 1537 et
1615 1515 1674 1537 au-

967 1552 1038 1584 daci
1050 1554 1243 1585 transcurris
1247 1554 1388 1595 flumina
1399 1554 1540 1597 plumbo]
1554 1554 1675 1587 Innuit

967 1603 1132 1636 Martiam
1165 1614 1227 1646 per
1254 1604 1401 1645 fistulas,
1437 1615 1499 1638 sen
1537 1606 1675 1639 tubulos

967 1653 1144 1694 plumbeos
1155 1654 1358 1695 perductam
1369 1654 1476 1688 fuisse
1485 1665 1549 1697 per
1563 1660 1674 1688 trans-

968 1712 1101 1735 versum
1127 1703 1296 1737 Anienem
1319 1706 1354 1738 in
1381 1706 1495 1738 villam
1520 1706 1675 1739 Tiburti-

967 1764 1058 1786 nam.
1101 1755 1225 1788 Audaci
1235 1757 1374 1798 plumbo]
1396 1758 1487 1791 Quia
1509 1761 1548 1790 nt
1562 1762 1674 1791 trans·

968 1806 1177 1838 veherentur
1193 1817 1289 1849 aquae
1306 1817 1370 1849 per
1385 1808 1557 1851 obliquum
1569 1808 1674 1841 Anie-

966 1865 1057 1896 nem,
1073 1857 1198 1889 multus
1211 1858 1309 1890 labor
1327 1859 1523 1900 sumendus,
1538 1860 1674 1892 multae-

968 1916 1032 1948 que
1046 1906 1208 1948 impensae
1221 1907 1400 1941 faciendae.
1439 1910 1564 1942 Martia
1578 1919 1674 1951 vero,

967 1960 1006 1987 ut
1023 1955 1135 1988 verbis
1158 1957 1262 1988 Plinii
1286 1962 1366 1989 utar
1387 1958 1449 1990 lib.
1470 1967 1579 1992 xxxl.
1594 1970 1671 2002 cap.

967 2009 999 2038 3.
1029 2008 1039 2025 ‘
1057 2006 1244 2038 clarissima
1268 2017 1432 2049 aquarum
1461 2010 1611 2042 omnium
1636 2011 1672 2043 in

968 2061 1044 2088 toto
1081 2057 1177 2097 orbe,
1214 2057 1349 2099 frigoris
1391 2059 1671 2102 salubritatisque

969 2108 1094 2149 palma,
1110 2109 1284 2149 praeconio
1303 2109 1408 2150 urbis,
1427 2110 1518 2142 inter
1542 2111 1674 2153 reliqua

969 2159 1082 2190 Deum
1107 2167 1245 2191 munere
1270 2159 1349 2191 urbi
1374 2159 1519 2192 tributa.
1561 2161 1674 2193 Voca-

968 2208 1071 2239 batur
1083 2208 1158 2240 haec
1183 2209 1352 2250 qnondam
1367 2209 1506 2250 Aufeia,
1520 2209 1673 2242 fausan-

969 2263 1037 2290 tem
1062 2259 1137 2299 ipse
1163 2259 1328 2292 Piconia:
1353 2260 1464 2292 oritur
1482 2260 1517 2292 in
1544 2261 1673 2293 ultimis

967 2309 1139 2342 montibus
1163 2311 1406 2352 Pelignorum:
1430 2311 1554 2342 transit
1579 2311 1672 2342 Mar-

969 2363 1089 2399 sos,'et
1104 2361 1268 2392 Fucinum
1294 2361 1418 2400 lacum,
1439 2361 1581 2392 Romam
1604 2369 1673 2392 non

969 2410 1075 2442 dubie
1093 2415 1237 2451 petens:
1262 2419 1340 2441 mox
1362 2419 1469 2451 specu
1491 2419 1616 2450 mersa,
1637 2410 1674 2442 in

969 2461 1148 2492 Tiburtina
1163 2470 1200 2492 se
1215 2461 1327 2501 aperit
1340 2470 1463 2493 novem
1477 2460 1580 2492 millia
1596 2470 1674 2502 pas·

970 2521 1066 2543 suum
1103 2511 1288 2543 fornicibus
1318 2511 1458 2544 structis
1492 2511 1672 2552 perducta.

970 2561 1108 2593 Primus
1124 2571 1197 2593 eam
1220 2561 1254 2593 in
1271 2562 1386 2593 urbem
1413 2560 1540 2593 ducere
1562 2561 1674 2602 auspi-

970 2617 1067 2645 catus
1083 2617 1136 2644 est
1151 2612 1268 2644 Ancus
1283 2612 1432 2644 Martius
1448 2621 1534 2643 unus
1549 2612 1674 2652 eregi-

969 2662 1032 2694 bus
1047 2672 1056 2694 :
1081 2667 1203 2704 postea
1224 2662 1268 2695 Q.
1283 2661 1430 2694 Martius
1446 2671 1506 2693 rex
1523 2661 1557 2693 in
1583 2671 1673 2702 prae-

969 2717 1070 2745 tura:
1093 2721 1275 2754 rursusque
1299 2712 1453 2744 restituit
1483 2712 1533 2744 M.
1550 2711 1674 2753 Agrip-

968 2762 1036 2805 pa.'
1082 2762 1171 2796 Vide
1193 2766 1230 2795 et
1260 2762 1460 2795 Frontinum
1481 2760 1525 2793 de
1547 2761 1674 2804 Αρπα-
