1800 3060
623 568 1258 616 ARGUMENTA

318 727 782 780 LIBRORUM
836 731 986 780 XII.
1041 731 1565 791 THEBAIDOS‚

444 891 512 924 EX
547 894 913 927 VETUSTISSIMO
945 896 1124 928 CODICE
1155 896 1434 928 TOLETANO.

268 1041 532 1085 SOLVITUR
551 1044 597 1085 in
617 1044 786 1086 PR1M0
806 1044 991 1086 fratrum
1011 1045 1247 1088 concordia
1266 1046 1395 1088 libro.

269 1110 468 1164 Denegat
484 1116 529 1152 et
549 1111 711 1163 foedus,
732 1113 1010 1167 repetitaque
1030 1126 1162 1167 regna
1181 1113 1467 1156 SECUNDUS.

266 1178 494 1221 TERTIUS
514 1179 560 1221 in
581 1180 760 1222 Thebas
774 1179 1018 1222 inflammat
1038 1180 1208 1222 Dorica
1226 1184 1386 1223 castra.

268 1246 322 1288 In
346 1247 562 1299 QUARTO
586 1248 770 1290 Mavors
790 1249 911 1290 bello
931 1250 1050 1303 rapit
1067 1249 1264 1303 undique
1285 1248 1462 1291 Graios.

269 1313 507 1366 QU1NTUS
529 1319 574 1357 et
592 1315 873 1371 Hypsipyles
894 1316 1058 1367 luctus,
1081 1321 1313 1371 narratque
1333 1315 1520 1359 dolores.
1632 1317 1662 1358 5

265 1383 526 1426 Archemori
546 1383 749 1426 SEXTUS
766 1384 897 1427 ludos
914 1385 972 1427 ad
991 1384 1148 1426 su'nera
1165 1384 1299 1426 ducit.

266 1452 523 1494 SEPTIMUS
545 1452 756 1494 obsessas
779 1453 975 1505 Thebas,
997 1454 1200 1507 vatisque
1222 1445 1490 1508 sepulcrum.

267 1520 447 1562 Occidit
466 1519 670 1561 OCTAVU
693 1519 943 1581 Menalippi
961 1521 1148 1576 cuspide
1165 1520 1366 1576 Tydeus.

267 1587 638 1643 Hippomedonta
657 1588 755 1630 solo
776 1588 856 1630 dat
876 1587 1051 1631 NONUS
1072 1592 1114 1631 et
1135 1587 1313 1630 Arcada
1332 1588 1435 1629 telo.

268 1655 464 1710 Cuspide
483 1656 698 1698 fulminea
718 1656 951 1700 DECIMUS
973 1657 1187 1712 Capanea
1208 1657 1387 1698 terebat.
1606 1656 1661 1696 10

266 1723 574 1767 UNDEGIMUS
593 1725 727 1779 parili
745 1739 977 1779 germanos
995 1726 1146 1768 funere
1159 1725 1320 1781 jungit.

268 1792 503 1835 ULTlMUS
526 1791 724 1847 Ogygias
744 1793 823 1835 dat
840 1795 1014 1836 vincere
1039 1794 1219 1836 Thesea
1240 1792 1434 1834 Thebas.

807 1914 866 1926 ‘N
869 1914 927 1927 ”O
931 1914 1026 1926 ‘No‘
1029 1915 1045 1926 O

252 1989 355 2022 Aliud
375 1990 407 2021 in
424 1988 597 2021 veteribus
612 1989 707 2020 libris
721 1988 848 2029 legitur
863 1988 969 2021 totius
985 1988 1111 2030 Operis
1129 1988 1375 2030 Argumentum
1390 1999 1399 2028 ;
1419 1988 1483 2020 hoc
1499 1996 1637 2028 nempe:

465 2032 611 2064 Associat
622 2032 789 2073 profugum
805 2031 932 2063 Primus
949 2032 1052 2074 Tydeo
1067 2032 1249 2073 Polynicen.

469 2074 573 2116 Tydea
587 2074 724 2115 legatum
737 2076 836 2114 docet,
858 2074 1060 2115 insidiasque,
1083 2075 1252 2107 Secundus.

468 2118 593 2149 Tertius
608 2118 832 2149 Hermonidem
846 2118 944 2156 canit,
964 2121 996 2150 et
1008 2122 1094 2149 vates
1109 2119 1281 2150 latitantes.

468 2161 610 2197 Quartus
623 2161 713 2192 habet
726 2171 825 2200 reges,
845 2161 986 2192 ineuntes
996 2161 1122 2202 proelia,
1142 2164 1266 2202 septem.

468 2204 551 2235 Mox
563 2204 664 2243 surioe
675 2205 744 2235 sem·
761 2204 878 2239 Quinto
892 2207 1076 2244 narrantur,
1097 2209 1127 2235 et
1142 2204 1265 2244 anguis.

466 2247 650 2279 Archemori
664 2246 799 2285 bustum,
821 2247 930 2286 Sexto,
951 2247 1075 2288 ludique
1088 2248 1243 2287 leguntur.

465 2290 535 2322 Dat
553 2290 670 2321 Graios
687 2289 812 2328 nobis,
832 2293 863 2321 et
877 2293 979 2322 vatem
993 2290 1150 2331 Septimus
1161 2289 1288 2322 umbrie.

469 2333 588 2364 Octavo
600 2333 712 2364 cecidit
730 2333 863 2374 Tydeus,
883 2343 953 2374 spes
964 2333 1038 2376 fida
1053 2333 1207 2372 Pelasgis.

465 2375 683 2416 Hippomedon
701 2377 790 2406 Nono
804 2375 958 2416 queritur,
978 2387 1048 2407 cum
1063 2376 1288 2416 Parthenopen.

466 2419 610 2450 Fulmine
622 2428 784 2460 percussus
800 2418 933 2450 Decimo
950 2419 1112 2460 Capaneus
1124 2423 1298 2459 superatur.

469 2461 637 2493 Undecimo
651 2471 717 2492 sese
730 2462 887 2502 perimunt
900 2472 955 2502 per
969 2463 1097 2493 vulnera
1110 2461 1242 2500 fratres.

463 2505 601 2544 Argiam
612 2504 747 2546 flentem
760 2508 909 2536 memorat
922 2505 1102 2545 DuodenuS,
1125 2508 1154 2536 et
1169 2505 1269 2544 ignes.

210 2547 312 2581 Nulla
330 2547 536 2588 Argumenta
554 2548 681 2579 habent
697 2546 799 2578 Aldd.
814 2548 926 2579 Colin.
942 2548 1076 2589 Gryph.
1092 2547 1196 2578 Basil.
1211 2553 1248 2579 et
1266 2547 1442 2580 Plant.-—-5
1462 2546 1527 2578 Pro
1544 2543 1660 2586 Hypsi-

204 2593 293 2633 pyles
309 2591 452 2624 Gevart.
470 2590 615 2623 Amstei.
631 2591 781 2623 Gronov.
799 2591 918 2624 Barth.
935 2593 1000 2624 διε.
1018 2590 1229 2632 Hypsiphiles.
