1800 3060
157 219 244 261 560

653 229 695 258 P.
730 228 919 259 PAPINn
955 224 1122 259 STATH

157 325 341 379 Ibycus,
361 329 404 367 et
426 325 598 368 tetricis
618 323 810 367 Alcman
831 331 1043 369 cantatus
1066 324 1282 382 Amyclis,

156 423 339 456 Pindaricae
354 428 507 457 recurrat.
553 425 640 461 Quid
655 425 819 468 scripserit
833 425 945 468 Ibycus
965 429 1094 466 rogator
1113 425 1231 466 avium,
1245 429 1277 458 et
1294 426 1423 458 Alcman
1439 430 1582 459 cantatus
1591 427 1625 460 ιἰι

770 511 1012 523 ‘numu

155 567 415 606 «ἐπῄει-153
443 565 586 596 Obsonus
601 568 631 597 et
647 565 769 597 tetricis
779 566 914 596 aloinum
928 566 1125 598 Parmensis
1142 577 1153 607 ;
1178 567 1309 599 Obsitum
1335 568 1434 600 Rom.
1448 569 1575 601 Venet.
1591 572 1623 603 2.

157 607 264 640 Aldd.
281 608 391 640 Colin.
413 608 549 650 Grypb.
565 610 629 641 διο.
653 609 768 651 Ibycus
783 609 977 641 emendavit
997 610 1191 642 Gulielmus
1218 612 1386 644 Canterus
1410 611 1502 644 Nov.
1527 613 1626 646 Lect.

819 697 965 729 NOTAE

159 764 331 794 testantur
357 760 508 794 historici
540 762 668 795 Graeci.
734 763 866 794 Extant

155 812 264 844 multa
291 813 550 855 Epigrammata
573 814 701 847 Graeca
724 813 757 846 iu
780 814 864 856 Iby-

157 873 248 904 cum,
284 873 327 894 ex
362 863 486 906 quibus
519 865 680 897 discimus
714 874 793 897 eum
831 857 865 896 in'

156 924 308 946 amorem
321 916 506 956 proclivem
517 915 642 948 fuisse:
659 916 749 958 qnod
763 920 799 948 et
812 926 865 949 re-

155 964 275 998 ferunt
300 967 351 999 Μ.
370 967 504 1008 Cicero,
527 967 726 1006 Athenaeus,
741 972 776 999 et
791 967 864 999 Sui-

155 1017 227 1051 das.
271 1017 325 1050 De
346 1023 457 1050 morte
482 1019 557 1060 ejus
582 1020 645 1051 hac
668 1018 864 1059 traduntur,

155 1073 193 1101 et
220 1067 353 1101 faciunt
377 1070 420 1102 ad
444 1070 704 1111 intelligentiam
722 1069 863 1110 hujusce

153 1119 235 1151 loci.
282 1120 368 1151 Cum
384 1119 681 1161 peregrinaretur,
697 1120 819 1152 incidit
830 1119 864 1151 in

154 1169 320 1210 latrones,
336 1170 395 1212 qui
410 1180 488 1203 cum
509 1180 545 1202 se
564 1175 804 1213 praepararent
821 1170 864 1202 ad

154 1221 250 1253 illum
275 1221 517 1261 occidendum,
542 1220 633 1254 forte
660 1221 800 1260 accidit,
826 1225 865 1252 ut

157 1273 442 1314 praetervolarent
458 1282 664 1315 grues‚quas
676 1272 802 1314 Ibycus
814 1272 864 1303 in—

156 1327 260 1354 tuens
275 1323 324 1355 ait
338 1333 347 1354 :
379 1324 389 1341 ⁸
405 1323 470 1354 Hae
483 1333 563 1355 aves
578 1322 763 1364 aliquando
778 1332 863 1353 meae

154 1372 275 1404 mortis
305 1372 459 1404 vindices
494 1372 630 1412 ernnt;'
670 1382 736 1414 quo
771 1373 865 1405 dicto

154 1423 291 1456 occisus
318 1427 384 1456 est.
429 1424 517 1455 Post
543 1423 683 1465 aliquod
714 1428 864 1465 teinpus,

153 1484 233 1507 cum
260 1474 294 1506 lii
324 1475 481 1507 latrones
511 1475 597 1506 nihil
634 1475 796 1507 timentes
830 1476 864 1507 in

154 1525 306 1566 theatro,
322 1526 391 1566 vel,
406 1530 445 1558 ut
461 1525 530 1565 alii,
545 1525 580 1557 in
598 1525 672 1557 foro
688 1526 864 1568 sederent,

154 1586 239 1608 ecce
254 1577 522 1618 supervolarunt
549 1585 666 1618 grues,
690 1586 774 1618 quas
790 1587 866 1610 cer-

153 1633 279 1660 nentes
305 1629 366 1666 illi,
393 1639 456 1671 per
475 1629 593 1671 jocum
618 1630 709 1661 inter
723 1639 761 1662 se
777 1639 866 1661 sum-

152 1679 259 1712 misse
289 1680 474 1713 dicebant:
500 1682 607 1713 ‘ecce
636 1681 737 1722 Ibyci
761 1681 867 1712 viudi-

153 1731 241 1763 ces.'
288 1731 377 1764 Haec
402 1731 508 1764 verba
522 1742 542 1763 a
557 1731 707 1774 quodam
721 1731 865 1763 circnm-

156 1782 324 1814 stantium
339 1788 491 1824 excepta
514 1783 558 1814 ad
580 1782 804 1824 magistratus
819 1782 866 1813 ci-

152 1831 276 1865 vitatis
305 1832 422 1865 delata
458 1838 551 1873 sunt,
587 1833 866 1875 apprehensique

153 1882 307 1916 latrones
332 1883 376 1916 de
401 1884 508 1926 Ibyco
532 1885 738 1925 interrogati
754 1885 866 1916 minus

153 1938 357 1967 constanter
367 1935 631 1977 responderunt.
653 1936 778 1977 Itaque
786 1935 866 1977 Iby-

153 1994 216 2017 cus
233 1986 342 2018 multa
364 1996 447 2018 cura
463 1987 672 2028 perquisitus
688 1991 763 2017 est:
787 1995 864 2017 cnm

152 2039 270 2067 autem
282 2045 350 2067 non
363 2036 782 2076 inveniret11r‚tormentis
792 2046 866 2069 sce-

153 2086 207 2117 lus
216 2095 314 2118 suum
326 2085 430 2118 fateri
442 2086 557 2118 adacti
581 2087 735 2119 latrones
746 2096 866 2128 poeuas

151 2136 265 2178 Ibyco
280 2136 463 2170 dederuut.
495 2137 686 2169 Historiam
699 2137 865 2179 perstrin-

153 2188 205 2230 git
218 2188 282 2220 boc
294 2188 466 2220 versiculo
482 2187 677 2220 Ausonius:
701 2189 711 2205 ⁴
723 2189 867 2230 Ibycus,

152 2246 192 2271 nt
206 2240 325 2281 periit,
345 2240 471 2271 vindex
483 2238 551 2271 fuit
564 2240 744 2272 altivolans
758 2238 866 2280 grus.'

153 2291 242 2324 Inde
255 2297 367 2324 ortum
386 2292 604 2334 proverbium
618 2303 627 2324 :
651 2293 662 2310 ‘
675 2292 773 2333 Ibyci
785 2301 865 2333 gru·

152 2342 215 2382 es,'
237 2343 293 2375 vel
313 2342 324 2361 ‘
338 2342 438 2385 Ibyci
455 2343 621 2384 ultrices,'
643 2343 678 2374 in
694 2353 767 2383 eos,
783 2353 865 2384 quo-

153 2403 229 2425 rum
245 2394 386 2426 crimina
404 2394 458 2426 via
481 2394 629 2437 quadam
645 2393 792 2426 mirabili
807 2393 864 2426 de·

151 2448 329 2486 teguntur.
374 2446 562 2477 Perierunt
591 2445 694 2487 Ibyci
722 2445 864 2486 scripta,

151 2500 192 2528 ut
218 2501 256 2529 et
277 2498 428 2529 omnium
459 2496 532 2529 fere
556 2498 771 2539 Lyricorum,
797 2497 863 2528 nisi

152 2547 299 2589 paucula
323 2547 480 2588 quaedarn
511 2557 532 2579 a
554 2547 780 2589 scriptoribus
803 2557 862 2579 ex-

151 2602 278 2639 cerpta
313 2601 350 2629 et
382 2597 502 2630 citata.
556 2598 706 2640 Scripsit
734 2598 861 2640 Ibycus

153 2647 289 2680 Dorica
311 2647 472 2680 dialecto.
514 2648 605 2680 Vide
627 2649 754 2681 Lilium
773 2649 862 2682 Gre-

153 2699 288 2740 gorinm
318 2698 510 2742 Gyraldum
542 2700 692 2742 Dialogo
727 2710 784 2733 rx.
816 2700 860 2732 de

151 2749 340 2782 Poetarum
357 2749 524 2782 Historia.

196 2802 260 2831 15³
299 2800 344 2831 Ec
379 2799 504 2833 tetricis
540 2800 676 2834 Alcman
712 2804 860 2834 cantatus

917 761 1075 804 Amyclis]
1097 762 1243 795 Variant
1256 763 1443 806 scriptores
1456 763 1501 796 de
1516 765 1628 806 patria

918 813 1108 846 Alcmanis.
1156 814 1322 857 Plerique
1344 815 1439 847 illum
1454 815 1627 848 Laconem

919 862 1094 905 fecerunt,
1125 870 1164 897 ut
1189 871 1308 898 noster
1328 866 1394 898 hoc
1423 867 1514 905 loco,
1534 867 1627 909 quod
1668 863 1670 865 ’

920 918 1038 946 tamen
1064 914 1248 948 manifeste
1271 922 1377 958 negat
1392 917 1544 949 Velleius
1560 917 1629 949 Pa-

920 967 1083 999 terculus.
1127 967 1278 1000 Quidam
1306 971 1427 999 natum
1454 967 1626 1001 Messanae

919 1017 1073 1056 tradunt,
1096 1017 1189 1050 inter
1217 1028 1301 1060 quos
1327 1018 1460 1050 Suidas.
1505 1018 1627 1064 Crates

919 1076 1002 1099 vero
1031 1071 1068 1099 et
1091 1068 1282 1111 Antipater
1311 1069 1347 1101 in
1376 1069 1523 1111 quodam
1554 1080 1629 1103 car-

921 1118 1024 1157 mine,
1039 1123 1074 1151 et
1089 1119 1258 1152 Leonidas
1282 1121 1317 1152 in
1341 1121 1417 1162 ejus
1441 1122 1627 1164 Epitaphio

920 1170 1105 1212 perhibent
1148 1180 1192 1203 ex
1228 1171 1347 1204 Sardis
1383 1171 1471 1204 urbe
1509 1172 1627 1214 Lydiae

920 1220 1038 1253 fuisse.
1082 1222 1216 1254 Floruit
1243 1222 1365 1254 eadem
1401 1226 1521 1264 aetate,
1558 1234 1629 1266 qua

920 1273 1093 1311 Pittacus,
1107 1275 1162 1306 53.
1179 1273 1316 1306 scilicet
1331 1273 1554 1315 Olympiade,
1569 1275 1627 1307 alii

919 1325 973 1355 28.
990 1328 1158 1364 regnante
1173 1324 1264 1366 apud
1281 1324 1399 1366 Lydos
1419 1324 1542 1362 Ardio.
1569 1327 1626 1368 qui

919 1378 956 1406 et
982 1374 1024 1407 ab
1050 1375 1221 1417 aliquibus
1250 1375 1356 1408 Ardis
1384 1381 1527 1408 vocatus
1559 1382 1627 1410 est.

918 1426 1046 1458 Ventri
1061 1436 1103 1458 ae
1119 1427 1208 1467 gulae
1233 1436 1373 1468 operam
1389 1427 1526 1459 dedisse
1548 1438 1626 1460 eum

919 1477 1076 1517 legimns,
1100 1481 1136 1509 et
1160 1477 1252 1509 inter
1268 1487 1411 1510 voraces
1428 1484 1627 1511 numeratur

919 1537 940 1559 a
964 1528 1114 1568 Graecis,
1140 1528 1195 1559 vel
1218 1528 1294 1570 ipso
1307 1528 1431 1561 eodem
1449 1530 1627 1571 teste‚qni

919 1588 956 1610 se
970 1578 1228 1620 πολυβρῶματον,
1243 1579 1278 1611 id
1293 1584 1358 1619 est,
1373 1590 1528 1621 voracem,
1542 1590 1627 1612 nun-

918 1637 1047 1673 cupat:
1072 1641 1113 1664 ea
1137 1638 1283 1674 propter
1297 1642 1363 1665 non
1374 1633 1501 1665 ‘mirum
1517 1637 1583 1673 est,
1598 1633 1628 1665 si

921 1691 1026 1723 supra
1045 1682 1183 1714 modum
1213 1683 1390 1715 amatoriis
1407 1687 1444 1715 et
1472 1683 1627 1715 venereis

920 1732 1025 1764 rebus
1055 1743 1196 1765 vacasse
1224 1733 1362 1766 dicitur.
1409 1733 1501 1767 Quin
1523 1734 1627 1765 etiam

917 1782 1029 1824 ipsum
1039 1784 1282 1816 amatoriorurn
1291 1784 1480 1818 carminum
1490 1782 1628 1825 ἧγέμονα

919 1834 1073 1866 nonnulli
1099 1834 1292 1867 credidere.
1336 1835 1441 1868 Certe
1464 1835 1628 1876 leguntur

919 1884 1012 1925 apud
1027 1884 1232 1918 Athenaenm
1247 1886 1323 1927 ejus
1338 1885 1447 1927 ipsius
1463 1886 1628 1926 carmina,

921 1935 1042 1978 quibus
1065 1936 1228 1968 discimus
1247 1947 1325 1969 eum
1340 1937 1626 1978 Megalostratam

919 1986 1090 2028 poetriam
1105 1986 1257 2019 efflictim
1271 1987 1476 2029 deperiisse.
1511 1987 1628 2028 Scrip-

914 2037 967 2069 -sit
989 2046 1053 2069 sex
1071 2037 1187 2069 libros·
1204 2037 1248 2069 de
1270 2037 1494 2070 familiaribus
1510 2048 1550 2070 ac
1565 2037 1626 2070 do-

918 2086 1087 2127 mesticis,
1110 2087 1259 2119 Melicos
1281 2088 1387 2120 etiam
1421 2097 1556 2127 versus,
1587 2092 1626 2120 et

920 2147 1007 2180 quas
1037 2138 1113 2179 ipse
1141 2138 1341 2180 Cozymbom
1356 2137 1505 2171 vocavit.
1549 2138 1627 2170 Pri-

920 2198 994 2220 mus
1031 2188 1175 2230 insuper
1210 2189 1444 2221 modulamina
1479 2188 1626 2229 induxit,

920 2249 996 2281 quae
1012 2239 1087 2271 sine
1103 2239 1315 2272 hexametris
1329 2244 1520 2272 canuntur:
1545 2249 1626 2272 usus

916 2295 974 2321 est
997 2290 1115 2332 lingua
1139 2290 1281 2331 Dorica,
1304 2300 1371 2332 qua
1388 2291 1438 2322 usi
1461 2295 1498 2323 et
1520 2291 1626 2323 Lace-

919 2341 1090 2374 daemonii.
1135 2339 1256 2373 Refert
1283 2340 1438 2373 AElianus
1457 2340 1624 2374 Alcmana

917 2402 1055 2423 servum
1071 2391 1175 2424 fuisse
1187 2391 1359 2433 Agesidis,
1369 2393 1430 2424 sed
1440 2392 1484 2424 ab
1499 2402 1540 2426 eo
1554 2402 1625 2424 ma-

917 2443 1099 2474 numissum
1117 2442 1162 2474 ob
1177 2442 1267 2474 illius
1282 2443 1441 2484 virtutes,
1458 2448 1495 2475 et
1509 2443 1622 2475 excel-

917 2494 1057 2526 lentiam
1073 2494 1211 2536 ingenii.
1235 2493 1337 2526 Unde
1349 2494 1485 2527 Graecis
1495 2492 1624 2534 γλυκὺς,

916 2545 981 2577 hoc
1011 2550 1080 2584 est,
1107 2546 1221 2583 dulcis,
1243 2545 1503 2586 cognominatus
1540 2549 1616 2576 est:

916 2597 1023 2638 periit
1059 2606 1142 2628 vero
1169 2595 1360 2637 pediculari
1391 2594 1520 2627 morbo.
1563 2594 1621 2627 Ab

912 2648 976 2680 hoc
994 2657 1132 2680 carmen
1148 2646 1386 2679 Alcmanicou.
1429 2645 1522 2677 Vide
1537 2654 1626 2678 eun·

913 2698 994 2732 dem
1012 2698 1203 2740 Gyraldum
1220 2696 1341 2729 eodem
1357 2695 1519 2738 Dialogo.
1564 2696 1623 2729 Te·

915 2750 1007 2782 tricis
1023 2747 1357 2790 AmycusJ-Amyclae
1371 2747 1538 2789 oppidum
1555 2747 1619 2780 La-

915 2801 1035 2833 couiae.
1081 2798 1230 2839 Tetrica]
1254 2799 1407 2840 Propter
1437 2799 1621 2832 austerita-

1730 2885 1800 2988 ,ᾗ
