1800 3060
213 174 299 217 304
713 183 753 214 P.
787 183 979 215 mmm
1012 183 1177 216 su'm

215 279 460 334 Abripiunt
479 278 657 322 famuli:
687 292 767 321 nec
789 291 879 333 quo
902 279 1108 320 convivia
1127 278 1343 333 migrent;

214 348 455 400 (Quamvis
475 347 716 389 innumerae
737 346 970 400 gaudentia
990 358 1090 388 rura
1110 359 1301 400 superne

216 415 427 457 Insedere
448 414 621 465 domus,
642 418 686 455 et
704 414 843 455 multo
859 414 1048 455 culmine
1071 414 1199 456 dives

219 482 358 525 Mons
378 481 512 535 nitet)
530 483 747 524 instantes
768 481 850 523 sed
869 481 1078 535 proxima
1099 494 1295 535 quaerere
1314 481 1453 522 nimbi
1624 480 1682 524 80

218 551 492 600 Suadebant,
512 550 698 604 laesique
718 549 829 591 fides
848 549 1044 590 reditura
1064 549 1220 590 sereni.

219 618 379 660 Stabat
400 617 522 659 dicta
541 616 683 659 sacris
700 616 847 658 tenuis
868 629 990 666 casa,
1010 616 1186 658 nomine
1208 617 1377 671 templi,

220 685 279 727 Et
298 697 506 739 magnum
527 684 719 726 Alciden
738 684 892 726 humili
914 686 1005 727 lare
1026 697 1165 739 parva
1186 685 1431 739 premebat,

222 753 513 807 Fluctivagos
533 756 708 803 nautas,
731 758 1093 808 scrutatoresque
1113 752 1322 806 profundi

222 893 258 914 ac
277 882 361 915 ami
375 882 436 914 cito
451 883 598 923 auset-unt
620 884 710 915 loetas
725 883 829 924 epulas
850 885 881 913 et
895 885 1040 914 coronata
1055 881 1140 922 rina,
1154 891 1214 913 non
1230 885 1333 914 tamen
1346 891 1404 923 quo
1417 883 1535 914 soleant
1549 883 1687 924 migrare

221 926 373 964 com-itia,
387 925 505 958 scilicet
520 926 554 957 in
568 927 726 964 sacellum,
741 925 801 957 etsi
811 925 979 956 innumeroe
994 925 1075 956 aedes
1089 934 1220 966 superne
1233 924 1431 957 inminet-ent
1444 926 1528 957 laetis
1540 926 1640 967 agris,
1656 930 1688 959 et

221 979 308 1000 mons
322 970 483 1010 opulentus
499 969 643 1008 fulgeret
657 968 764 1000 multis
778 969 879 1000 tectis.
925 968 990 1000 Sed
1005 968 1147 1007 ingentes
1162 967 1274 1000 imbres
1289 970 1320 999 et
1332 977 1403 1009 spes
1415 967 1592 1001 indubitata
1604 969 1688 1001 redi-

223 1016 274 1043 tus
288 1012 467 1043 serenitatis
482 1012 685 1043 hortabantur
698 1015 800 1052 petere
815 1013 913 1042 locum
923 1011 1111 1052 proximum.
1146 1011 1230 1042 Erat
1239 1020 1339 1052 parva
1353 1011 1471 1050 domus,
1485 1021 1554 1052 «μαι»
1568 1013 1688 1044 nomm

223 1055 327 1096 templi
342 1055 528 1095 dmtabatur‚
543 1058 573 1086 et
589 1065 656 1096 quoe
672 1054 788 1085 modico
802 1053 914 1095 spatio,
923 1057 953 1086 et
968 1054 1078 1085 humili
1092 1055 1159 1085 lare
1173 1053 1349 1086 coarctabat
1362 1053 1522 1093 ingentem
1535 1054 1688 1093 Alcidem.

1056 1150 1074 1162 O

225 1218 436 1250 Markl.——⁷7
461 1217 566 1250 Aldd.
581 1217 690 1250 Colin.
707 1217 842 1259 Gryph.
858 1218 922 1249 διο.
936 1226 974 1248 ne
988 1226 1046 1257 quo
1061 1216 1202 1248 convivia
1217 1217 1365 1257 mig-rent.
1410 1216 1526 1248 Parm.
1541 1216 1641 1248 Rom.
1655 1219 1692 1248 et

225 1267 294 1293 vet.
312 1261 427 1292 Paris.
443 1271 519 1298 nec,·
542 1265 578 1292 et
594 1261 642 1293 sic
655 1261 776 1302 legunt
792 1259 930 1292 Morell.
947 1260 1072 1291 Behot.
1089 1260 1232 1292 Salmas.
1257 1263 1294 1291 et
1323 1260 1475 1291 Gronov.
1520 1258 1530 1276 ‘
1543 1258 1607 1290 Est
1633 1258 1691 1290 ab·

226 1309 362 1344 ruptuS‚
385 1313 427 1334 ex
441 1314 534 1335 more
550 1304 700 1345 Papinii,
717 1314 842 1343 sermo,
862 1301 1203 1344 subaudiendumque
1220 1302 1359 1334 verbum
1375 1313 1383 1334 :
1406 1312 1462 1333 nec
1476 1311 1535 1343 quo
1549 1301 1691 1333 convivia

225 1347 363 1387 migrent
388 1346 666 1387 disceptabatur,
699 1347 760 1378 sed
786 1345 970 1387 petebatur
994 1345 1086 1376 illico
1113 1355 1194 1376 casa
1219 1345 1276 1376 illa
1303 1344 1480 1386 proxima:
1515 1348 1575 1376 aut
1605 1344 1692 1376 latet

226 1389 402 1421 obscurius
418 1389 591 1421 mendum.
635 1390 714 1421 Non
731 1390 837 1431 possis
851 1388 971 1419 melius
987 1387 1185 1426 emendare,
1208 1397 1310 1430 quam
1325 1388 1390 1419 hoc
1406 1387 1526 1419 modo:
1550 1396 1607 1418 nec
1629 1395 1689 1428 quo

225 1432 366 1463 convivia
380 1433 518 1471 migrent
535 1432 736 1468 Quoerimus:
759 1432 825 1463 nisi
841 1431 987 1467 obsistat
1003 1430 1092 1462 idem
1111 1431 1120 1448 ‘
1131 1429 1328 1470 quaerendi’
1355 1430 1495 1462 verbum
1519 1439 1598 1461 mox
1613 1429 1691 1461 sub-

227 1475 349 1506 ditum.
393 1476 518 1507 Potest
534 1482 648 1506 tamen
676 1479 712 1506 et
735 1476 872 1515 vulgata
901 1474 1074 1514 scriptura
1094 1472 1258 1505 defendi!
1280 1473 1397 1506 Barth.
1440 1471 1693 1504 ‘Adversativa

227 1517 398 1559 particula
422 1519 476 1549 sed
501 1518 535 1549 in
561 1518 721 1559 sequenti
748 1516 930 1549 sententiae
960 1515 1125 1556 membro,
1147 1517 1300 1548 instantes
1323 1517 1377 1547 sed
1397 1516 1541 1556 proxima
1553 1524 1693 1555 quaerere

226 1560 324 1592 nimbi
348 1559 538 1600 suadebant,
574 1561 765 1592 necessario
792 1560 936 1591 denotat
967 1559 1113 1600 aliquam
1143 1558 1394 1600 oppositionem
1423 1558 1514 1589 inter
1541 1557 1632 1590 hanc
1656 1562 1694 1589 et

227 1603 376 1644 priorem
393 1604 573 1635 sententiae
592 1607 745 1644 partem:
772 1603 821 1634 sic
837 1603 942 1643 igitur
957 1601 1208 1634 construendus
1225 1605 1278 1633 est
1294 1601 1400 1640 locus,
1424 1610 1508 1632 voce
1525 1610 1581 1632 nee
1599 1609 1692 1632 reso-

227 1647 298 1678 luta
315 1646 349 1677 in
363 1650 391 1678 et
408 1657 480 1686 non,
503 1651 541 1678 ut
559 1647 682 1687 passim
696 1657 703 1677 ε
729 1649 760 1678 et
775 1646 929 1677 instantes
942 1645 1041 1676 nimbi
1054 1644 1226 1676 suadebant
1239 1654 1375 1685 quoerere
1387 1653 1449 1675 non
1472 1653 1530 1684 quo
1552 1643 1695 1675 convivia

227 1689 377 1728 migrent,
399 1690 455 1720 sed
471 1690 635 1730 proxima.-
658 1689 797 1730 reliquis
813 1687 1010 1729 parenthesi
1027 1687 1188 1725 inclusis;
1213 1692 1247 1718 et
1264 1687 1314 1718 ita
1334 1687 1390 1718 edi
1407 1685 1549 1718 curavi.'
1572 1687 1694 1718 Markl.

229 1732 270 1763 In
284 1732 400 1764 Parni.
415 1738 451 1763 et
468 1733 566 1764 Rom.
581 1732 681 1764 deest
698 1742 764 1763 vox
777 1741 849 1772 quo,
863 1731 949 1763 elisa
966 1741 986 1762 a
1001 1730 1222 1761 similitudine
1238 1730 1411 1770 sequentis
1423 1731 1558 1761 ‹tm—82
1582 1728 1694 1760 Stabat

228 1775 314 1806 dicta
327 1776 410 1806 sacri
424 1775 566 1806 Venett.
581 1776 696 1807 Parm.
714 1775 812 1806 Rom.
827 1773 933 1806 Aldd.
957 1773 1067 1805 Colin.
1095 1772 1229 1813 Gryph.
1252 1772 1359 1803 Basil.
1386 1774 1451 1804 ὅτε.
1495 1776 1504 1789 ·
1522 1771 1644 1804 Nullus
1660 1771 1695 1803 in

228 1817 279 1849 his
297 1827 435 1850 sensus:
459 1818 554 1859 lege:
579 1817 692 1850 Stabat
704 1818 790 1849 dicta
803 1818 916 1857 sacris,
940 1815 962 1847 i.
978 1826 1008 1848 e.
1023 1815 1124 1848 rebus
1136 1815 1242 1847 sacris
1265 1814 1403 1847 dicata:
1427 1816 1437 1833 ‘
1450 1814 1566 1847 dicere
1578 1813 1588 1828 '
1617 1824 1694 1856 pro-

888 1912 1035 1946 NOTAE

228 1983 291 2015 sed
307 1984 411 2016 etiam
430 1985 506 2017 vina
523 1995 562 2019 ac
577 1986 700 2027 pocula
716 1983 936 2016 coronabant.

231 2034 442 2066 Notissimus
472 2045 555 2068 mos.
599 2035 690 2067 Vide
718 2034 826 2066 Theb.
851 2042 934 2066 vm.

991 1981 1099 2022 videt,
1113 1991 1178 2015 nec
1194 1991 1261 2024 qua
1275 1991 1311 2013 se
1326 1981 1450 2014 ardens
1465 1990 1500 2013 se
1517 1979 1694 2013 effundere

990 2032 1111 2074 possit.
1139 2051 1142 2054 Δ
1157 2032 1216 2064 Nil
1232 2031 1349 2073 animi,
1363 2031 1411 2063 nil
1427 2040 1534 2072 regna
1543 2029 1696 2072 juvant!

230 2087 308 2117 226.

274 2137 316 2166 77
341 2135 513 2176 Abripiunt
528 2135 668 2174 famuli.-
690 2145 744 2167 nec
772 2135 847 2177 qao]
868 2136 936 2167 Ex-

232 2185 363 2227 plicant
394 2186 562 2218 Morellus
592 2191 629 2218 et
658 2186 847 2218 Behotius:
871 2196 936 2218 nec

233 2240 350 2268 tamen
372 2237 576 2269 occurrebat
604 2238 712 2276 locus,
735 2246 804 2279 quo
827 2241 937 2268 trans-

233 2286 364 2319 ferrent
379 2287 512 2328 epulas.
555 2287 625 2319 Sed
642 2297 708 2319 non
720 2287 778 2319 hic
793 2292 848 2318 est
863 2296 938 2319 sen—

233 2347 291 2369 sus
321 2337 422 2378 hujus
451 2338 539 2370 loci:
565 2347 641 2369 nam
672 2341 709 2369 et
734 2337 940 2370 occurrebat

233 2387 316 2419 satis
332 2388 497 2426 locorum,
509 2392 546 2419 ut
558 2387 702 2428 exponit
716 2387 790 2428 ipse
805 2388 938 2420 statim.

232 2437 431 2469 Proximum
444 2438 586 2469 verbum
603 2438 763 2479 abripiunt
780 2442 939 2479 repeten-

234 2486 316 2519 dum
346 2491 420 2519 est:
452 2487 628 2528 abripiunt,
656 2498 722 2520 nec
752 2492 869 2520 tamen
898 2497 940 2520 eo

232 2537 406 2579 abripiunt,
417 2547 482 2579 quo
498 2538 629 2579 possint
643 2543 702 2570 aut
714 2538 846 2570 soleant
861 2547 942 2570 con-

234 2588 328 2620 vivia
353 2588 516 2629 migrare,
546 2589 682 2621 scilicet
712 2589 746 2621 in
777 2589 941 2621 sacellum

235 2640 291 2671 vel
329 2639 508 2671 mdiculam
549 2639 724 2672 Herculis.
781 2639 942 2671 Valerius

236 2690 382 2722 Flaccus
395 2689 526 2732 Argon.
542 2699 568 2721 1.
613 2690 623 2708 ‘
638 2690 747 2722 Saevit
762 2693 863 2722 atrox
874 2689 942 2722 Pe-

235 2740 310 2782 lias,
325 2740 532 2783 inimicaque
547 2739 678 2773 vertice
707 2740 752 2772 ab
769 2741 838 2773 alto
859 2740 944 2773 Vela

992 2083 1128 2124 Nempe
1143 2083 1153 2100 ‘
1171 2082 1249 2114 vela
1265 2081 1384 2123 videt,’
1398 2081 1460 2114 sed
1482 2091 1550 2113 non
1571 2080 1620 2112 ibi
1635 2085 1695 2112 aut

991 2141 1033 2164 eo
1048 2133 1126 2164 loco
1154 2131 1214 2164 ubi
1240 2132 1350 2173 possit
1376 2132 1461 2164 iram
1485 2131 1522 2165 in
1537 2135 1695 2163 vectores

991 2191 1187 2224 erumpere.
1235 2182 1426 2214 Gronovius.

1035 2235 1075 2265 81
1101 2233 1198 2265 fides
1208 2232 1350 2265 reditura
1358 2231 1475 2273 sereni]
1491 2231 1548 2273 Hy
1554 2231 1699 2274 palinge,

993 2294 1056 2326 pro
1071 2285 1207 2317 redituri
1221 2285 1335 2318 sereni.

1037 2338 1079 2368 82
1115 2335 1230 2368 Stabat
1251 2336 1339 2368 dicta
1359 2335 1458 2368 sacris
1482 2334 1586 2368 tenuis
1614 2343 1698 2374 caea,

993 2386 1116 2418 nomine
1144 2385 1268 2428 templi]
1291 2386 1392 2418 Dicit
1427 2386 1493 2418 hoc
1530 2383 1697 2425 templum

995 2436 1157 2469 Herculis
1194 2441 1263 2468 tam
1294 2436 1421 2468 humile
1453 2439 1490 2467 et
1521 2434 1698 2475 indignum

993 2490 1091 2519 tanto
1118 2486 1255 2518 numine
1282 2485 1400 2527 fuisse,
1420 2492 1460 2517 ut
1482 2484 1596 2526 potius
1619 2492 1699 2516 casa

993 2536 1063 2569 dici
1077 2540 1278 2574 mereretur,
1297 2545 1399 2578 quam
1412 2535 1590 2577 templum.

1039 2588 1080 2618 83
1103 2585 1252 2627 Alciden]
1275 2585 1472 2618 Herculem.

1040 2639 1083 2669 84
1100 2637 1301 2677 Fluctivagos
1315 2639 1441 2677 nauem,
1451 2637 1700 2676 scrutator-eoque

993 2686 1146 2729 profundi
1180 2686 1244 2718 Vix
1273 2686 1395 2728 operire
1425 2684 1541 2727 capax]
1565 2683 1698 2726 Supra:

999 2739 1009 2757 ‘
1024 2739 1237 2780 'rectumque
1253 2736 1347 2779 vagis
1362 2735 1551 2769 habitabile
1565 2734 1702 2768 nantis.¹

1784 658 1800 770 ...Α-,Α
