1800 3060
175 194 260 236 588
672 204 711 234 P.
748 202 938 235 PAPlNll
974 203 1137 235 s'm'ru

178 302 404 344 Uberibus
425 301 524 352 tibi,
545 313 700 356 parve,
719 299 847 342 dedi:
878 304 930 342 tu
944 313 1129 343 munera
1147 304 1297 343 nostra

176 370 392 422 Ridebas,
410 371 591 424 ignarus
611 369 787 412 adhuc:
818 369 1122 426 properaverit
1141 370 1229 420 ille,
1580 368 1639 409 75

177 438 268 480 Sed
286 439 443 479 merito
464 438 751 492 properabat,
774 450 923 490 amor3
954 450 1009 478 ne
1029 437 1234 492 perderet
1251 436 1391 478 ullum

177 507 382 548 Libertas
402 511 495 547 tam
515 519 651 560 parva
670 506 815 548 diem:
846 519 987 548 nonne
1007 505 1209 548 horridus
1229 505 1356 560 ipsos

179 574 356 616 Invidia
377 574 594 629 Superos,
616 573 869 629 injustaque
886 573 1076 616 Tartara
1093 573 1267 628 pulsem
1279 574 1299 615 ‘i

178 642 341 684 Nonne
359 655 531 696 gemam
551 646 610 694 te,
631 655 735 685 care
757 643 898 696 puer‘?
930 655 1022 696 quo
1045 641 1215 697 sospite
1234 645 1365 684 natos

180 710 287 752 Non
308 711 457 765 cupii:
487 710 629 765 primo
650 710 860 764 gremium
882 710 955 751 cui
977 710 1180 764 protinus
1203 714 1302 751 ortu
1587 707 1644 751 80

178 778 411 833 Applicui,
431 768 604 833 fixique
625 791 798 821 meum:
829 778 902 820 cui
924 778 1075 829 verba,
1107 791 1336 835 sonosque

180 845 446 897 Monstravi,
469 850 744 900 questusque
763 850 807 888 et
823 858 1048 888 murmura
1069 859 1193 888 caeca
1211 846 1443 888 resolvens
1459 859 1471 900 ;

182 914 543 970 Reptantemque
563 915 658 957 solo
680 914 902 956 demissus
923 914 980 956 ad
1001 914 1157 956 oscula
1177 913 1336 956 dextra

181 982 342 1036 Erexi3
371 983 614 1037 blandique
636 983 759 1024 sinus
774 981 872 1037 jam
886 982 1074 1038 Jamque
1097 986 1306 1025 natantes

178 1050 427 1106 Excepisse
447 1063 596 1105 genas,
619 1050 864 1105 dulcesque
884 1063 1122 1092 accersere
1138 1062 1330 1092 somnos.
1588 1050 1647 1093 85

180 1186 334 1218 mammis.
378 1185 453 1217 Heu
477 1186 577 1218 adhuc
598 1184 716 1217 inscius
735 1194 798 1217 non
823 1185 953 1217 curabas
973 1188 1082 1218 nostra
1095 1185 1186 1218 dona.
1231 1185 1292 1218 lue
1317 1194 1405 1217 amor
1423 1184 1646 1225 festinaverat,

179 1229 234 1259 sed
247 1228 322 1268 J'ure
336 1228 524 1268 festinabat,
545 1239 584 1261 ne
595 1229 724 1260 libertas
743 1232 810 1260 tam
825 1229 935 1268 exigui
950 1228 1099 1270 temporis
1113 1230 1274 1261 amitteret
1287 1229 1384 1261 ullum
1398 1229 1491 1261 diem,
1537 1229 1647 1260 Nonne

179 1273 341 1312 squalidus
354 1273 506 1304 incessam
516 1272 600 1313 ipsos
620 1273 718 1313 Deos,
740 1274 772 1303 et
785 1271 910 1313 iniquos
924 1271 1070 1311 Inferos?
1114 1273 1227 1305 Nonne
1242 1275 1273 1303 te
1279 1272 1392 1314 fleam,
1405 1272 1516 1304 dilecte
1529 1270 1648 1310 infans,

180 1323 240 1355 quo
253 1315 323 1347 vivo
338 1326 399 1347 non
420 1316 527 1357 optavi
541 1316 675 1347 liberos?
720 1314 801 1355 Qui,
815 1315 927 1347 statim
943 1326 978 1347 ac
991 1319 1086 1347 natus
1106 1325 1149 1352 es,
1173 1315 1324 1348 direxisti
1338 1316 1379 1346 ad
1398 1324 1448 1346 me
1461 1318 1495 1346 et
1508 1313 1647 1353 injecisti

180 1357 260 1388 mihi
272 1359 427 1399 vagitum,
441 1369 528 1400 quem
542 1359 633 1390 docui
646 1358 750 1398 verba,
763 1359 1111 1400 pronunciationemque
1128 1360 1287 1401 (detegam
1306 1358 1455 1399 querelae,
1469 1361 1501 1389 et
1515 1358 1649 1389 acuum

179 1401 306 1443 plagas)
320 1405 352 1433 et
367 1403 536 1434 inclinatus
556 1411 652 1434 manu
673 1401 774 1433 levavi
796 1403 836 1433 ad
860 1403 963 1434 oscula
976 1405 1153 1443 reptantem
1168 1412 1226 1444 per
1239 1405 1374 1434 terram:
1395 1401 1448 1434 cui
1466 1401 1600 1433 solebam
1612 1400 1649 1432 in

179 1444 264 1476 dulci
275 1446 397 1485 gremio
417 1447 531 1478 siccare
545 1445 705 1477 humentes
724 1445 839 1487 oculos,
853 1448 886 1477 et
906 1445 1070 1478 corwiliare
1086 1445 1230 1477 blandum
1243 1454 1396 1477 somnum.
1443 1444 1504 1476 Cui
1514 1443 1649 1486 primum

794 1550 814 1563 O
817 1548 1033 1564 ΝΜΟ

182 1629 291 1663 artus,·
316 1626 413 1659 Rom.
428 1627 554 1659 Venet.
570 1630 603 1660 2.
626 1632 663 1660 et
679 1632 748 1661 vet.
764 1628 1023 1670 Lindenbrogii,
1045 1632 1252 1662 πτοῖαι-74
1275 1628 1364 1661 Edd.
1388 1631 1474 1660 vett.
1498 1627 1559 1659 heu
1582 1636 1649 1658 mue

182 1679 258 1700 nera
272 1672 399 1707 nestun
420 1670 585 1702 Heinsius
602 1671 636 1702 in
653 1670 801 1703 Advers.
818 1672 878 1704 lib.
894 1682 921 1704 1.
943 1682 1021 1714 cap.
1047 1676 1099 1705 10.
1128 1673 1194 1705 Lex
1218 1682 1346 1705 munera
1363 1675 1483 1703 nostra.
1528 1670 1650 1702 Lectio

181 1712 347 1744 textualis
363 1716 416 1744 est
427 1723 446 1744 a
460 1713 768 1747 Marklaudo.—75
792 1716 871 1748 Sen.
888 1715 1005 1748 Parm.
1019 1716 1145 1748 Venet.
1162 1719 1193 1748 2.
1208 1721 1246 1748 et
1262 1716 1362 1748 Rom.
1376 1713 1523 1754 ingratus
1537 1713 1649 1746 adhuc.

181 1755 267 1787 Mox
280 1761 498 1797 properaverat
515 1757 614 1789 Rom.
629 1756 735 1790 Aldd.
752 1758 865 1790 Colin.
878 1758 1010 1800 Gryph.
1025 1761 1089 1791 &c.
1110 1759 1324 1800 properaverit
1336 1758 1452 1790 Pann.
1477 1756 1568 1799 qnod
1595 1765 1650 1788 re·

183 1798 299 1838 posuit
314 1798 635 1832 Marmaridum—76
658 1802 783 1833 Venet.
799 1804 832 1834 2.
849 1807 887 1833 et
902 1806 970 1834 vet.
985 1802 1250 1843 Liudenbrogii:
1272 1812 1311 1833 ne
1322 1802 1465 1843 perderet
1479 1809 1654 1832 amnena.—

184 1844 226 1873 80
251 1842 423 1883 Concupii:
443 1844 543 1884 primo
558 1844 674 1876 Parm.
691 1850 728 1876 et
744 1844 846 1876 codd.
864 1845 1021 1877 Domitii.
1069 1845 1158 1878 Edd.
1178 1850 1264 1877 vett.
1277 1845 1430 1886 gemitum
1445 1843 1518 1885 qui3
1544 1842 1652 1875 Hein-

183 1885 253 1916 sius
275 1884 311 1916 in
335 1884 482 1918 Advers.
509 1896 542 1928 p.
569 1889 644 1918 595.
669 1887 761 1928 conj.
784 1888 961 1927 gremium,·
991 1887 1082 1920 unde
1111 1888 1351 1927 Marklandus,
1382 1896 1449 1918 non
1477 1885 1652 1918 nominato

183 1927 342 1968 Heinsio,
362 1930 519 1968 gremium
533 1929 681 1962 σαὶ-81
707 1930 868 1972 Implicuit
880 1931 1022 1973 fixitque
1037 1931 1116 1962 edd.
1135 1937 1217 1962 vett.
1238 1930 1384 1972 Applicat·
1396 1929 1524 1970 fixique
1537 1933 1591 1960 est
1606 1937 1651 1959 ex

182 1971 320 2012 ingenio
337 1972 636 2004 Marklandi.-82
659 1972 804 2005 Veneti.
823 1976 853 2004 1.
869 1976 902 2005 2.
918 1976 950 2005 3.
966 1977 999 2005 4.
1015 1974 1129 2005 Parm.
1148 1973 1249 2005 Rom.
1270 1972 1375 2005 Aldd.
1390 1972 1501 2004 Colin.
1515 1971 1652 2012 Gryph.

183 2014 291 2046 Basil.
308 2014 426 2047 Plant.
439 2018 505 2047 διε.
527 2019 712 2057 questusque
732 2019 762 2048 et
778 2017 907 2048 vulnera
929 2025 1012 2048 caeca
1035 2018 1209 2054 resolvam3
1232 2016 1397 2047 Heinsius
1421 2015 1497 2046 loco
1521 2014 1652 2046 citato:

183 2060 364 2098 questusque
378 2058 413 2090 in
428 2068 588 2090 murmura
602 2069 684 2090 coeca
698 2060 854 2098 solutam,-
875 2059 931 2090 vel
946 2070 954 2091 :
978 2063 1157 2101 suetamque
1181 2060 1218 2091 in
1239 2069 1400 2091 amr-mura
1424 2067 1506 2090 coeca
1518 2057 1632 2089 resolvi
1640 2068 1654 2095 ‚-

184 2101 260 2133 vel:
293 2105 479 2142 questusque
504 2105 536 2134 et
557 2111 718 2134 munnura
744 2111 825 2134 caeca
849 2102 992 2134 cientem.
1038 2103 1129 2135 Hinc
1156 2102 1406 2134 Marklandus:
1438 2105 1471 2134 et
1494 2109 1655 2132 murmura

183 2153 265 2176 coeea
278 2145 453 2183 resolvem‚·
479 2144 659 2176 Heiusium
677 2154 770 2184 vero,
791 2145 836 2177 de
852 2155 960 2186 more,
980 2154 1046 2177 non
1062 2146 1226 2178 nominat.
1272 2145 1370 2177 Idem
1386 2143 1515 2176 Markl.
1537 2147 1652 2175 tenta-

182 2186 243 2218 bat
264 2187 391 2219 etiam:
416 2190 598 2228 questusque
620 2192 652 2220 et
679 2189 808 2220 vulnera
832 2198 914 2220 σασα
935 2189 1158 2221 resolvi.—84.
1183 2191 1223 2220 85
1247 2189 1366 2220 Parm.
1392 2189 1490 2220 Rom.
1519 2191 1556 2218 et
1581 2190 1652 2219 vet.

182 2229 449 2271 Lindenbrogii:
473 2230 642 2272 blandoque
655 2231 742 2262 sinus
756 2231 829 2270 ,iam
842 2231 973 2273 jamque
998 2233 1132 2265 nitentes
1147 2232 1309 2272 Excepere
1331 2241 1450 2272 επακ
1472 2231 1600 2262 Venet.
1617 2232 1649 2260 1.

183 2274 288 2305 etiam
302 2273 402 2313 sinus,
423 2278 459 2306 et
476 2274 645 2316 Excepere,
668 2274 728 2305 sed
744 2273 843 2306 deest
857 2284 923 2307 vox
939 2278 1094 2308 natantes.
1139 2274 1246 2307 Aldd.
1263 2275 1372 2307 Colin.
1389 2273 1525 2316 Gryph.
1545 2271 1654 2304 Besil.

848 2388 994 2422 NOTAE

227 2466 271 2496 '14
293 2463 430 2495 Munera
444 2463 568 2505 nostra]
591 2462 817 2505 Libertatem,
831 2473 891 2496 seu
988 2469 1031 2498 80
1054 2465 1166 2498 Primo
1178 2464 1345 2506 gremium,
1356 2455 1584 2506 &effeminem
1595 2462 1650 2503 qui

186 2523 329 2547 munera
354 2524 430 2557 quae
457 2514 565 2548 dabat
588 2513 759 2547 infantulo
786 2516 892 2558 Papi·
942 2517 1087 2559 protinus
1111 2520 1184 2548 ortu
1204 2515 1371 2558 implicuit,
1389 2515 1534 2558 fixitque
1555 2511 1650 2552 nulii]

188 2566 276 2598 nius·
946 2568 1062 2611 Aliqui
1085 2568 1228 2610 legunt:
1261 2568 1363 2610 primo
1390 2566 1532 2607 genitum·
1560 2573 1650 2606 quem

228 2619 249 2648 '1
252 2619 273 2648 6
295 2616 349 2649 Ne
371 2616 516 2658 perderet
536 2617 634 2648 ullum
660 2616 813 2649 Libertas
826 2620 892 2650 tam
942 2620 1089 2662 protinus
1103 2622 1175 2651 ortu
1187 2616 1478 2664 Implicui‚flaeique
1490 2615 1581 2648 mihi.

184 2677 284 2708 parva
307 2666 408 2709 diem]
431 2666 523 2701 Quia
542 2667 612 2699 cito
637 2668 810 2700 extinctus
839 2672 893 2701 est
991 2674 1032 2703 82
1057 2671 1225 2702 Murmura
1241 2667 1399 2710 [vumera]
1419 2666 1516 2708 σαι-α]
1539 2665 1652 2708 Virgi-

184 2718 244 2750 ffle
258 2727 362 2759 pner.
948 2723 1013 2755 lius
1026 2721 1102 2754 AEn.
1115 2730 1153 2754 x.
1192 2726 1200 2739 ‘
1218 2720 1295 2753 Nee
1305 2719 1402 2762 jacta
1421 2718 1553 2752 caec‘um
1568 2716 1651 2749 dare

227 2770 269 2799 77
293 2767 469 2810 Horridus]
491 2767 665 2803 Efferatue
682 2769 812 2805 dolore.
951 2772 1094 2815 cuspide
1109 2769 1256 2804 vulnus.’
