1800 3060
194 205 279 249 184

427 310 651 361 Gaudent,
677 310 780 352 dum
802 323 917 352 nova
936 310 1062 353 luera
1081 316 1421 364 comparantur.'

692 217 732 245 P.
765 214 954 245 PAPINM
990 214 1159 246 s'rA'I'u

425 378 604 420 Tollunt
622 379 876 421 innumeras
898 379 952 420 ad
977 384 1098 420 astra
1118 391 1271 429 voces,

427 447 681 487 Saturnalia
703 447 930 500 Principis
953 451 1188 497 sonantes;

424 513 483 555 Et
502 513 622 556 dulci
644 514 889 556 Dominum
910 515 1063 556 favore
1085 513 1300 555 clamant:

426 582 531 623 Hoc
554 582 701 623 solum
720 583 858 625 vetuit
876 582 1010 624 licere
1033 581 1200 624 Caesar.

425 650 627 692 Vixdum
649 650 822 692 coerula
840 662 930 692 nox
950 650 1127 692 subibat
1149 650 1314 700 orbem,

425 718 671 760 Descendit
691 718 838 760 media
856 718 999 759 nitens
1022 730 1155 760 arena

427 787 604 828 Densas
626 786 858 828 flammeus
879 786 999 827 orbis
1018 786 1131 827 inter
1149 785 1344 834 umbraS,

425 853 626 896 Vincens
647 853 892 896 Gnosiacae
913 852 1056 895 facem
1074 865 1263 895 coronae.

428 919 631 963 Collucet
650 921 782 976 polus
801 921 992 974 ignibus,
1014 920 1211 975 nihilque

429 987 647 1031 Obscurae
669 989 838 1043 patitur
855 989 988 1031 licere
1007 989 1145 1031 nocti.

1604 991 1662 1033 90

428 1055 561 1110 Fugit
579 1058 704 1111 pigra
726 1056 892 1109 Quies3
913 1057 1119 1111 inersque
1141 1056 1336 1098 Somnus

201 1187 265 1223 Qui
279 1187 406 1229 capiant
420 1189 581 1230 deficiunt,
597 1192 628 1221 et
643 1189 755 1226 referti
768 1189 853 1221 sinus
868 1190 1030 1228 munitur,
1043 1191 1116 1221 dum
1138 1200 1217 1220 πουιι
1238 1190 1325 1222 lucra
1347 1190 1533 1232 offeruntur.
1577 1190 1662 1221 Mie-

198 1233 270 1262 tunt
285 1233 326 1262 ad
339 1232 445 1265 sidera
459 1231 638 1264 innumeras
650 1242 750 1269 voces,
774 1233 941 1264 clamantes
963 1233 1150 1264 Saturnalia
1166 1233 1383 1274 Imperatoris,
1403 1236 1435 1265 et
1449 1236 1559 1264 vocant
1573 1233 1663 1265 illum

197 1274 355 1305 dominum
374 1274 486 1306 blando
499 1276 659 1315 applausu.
706 1275 778 1306 Hoc
791 1277 888 1307 solum
907 1276 1015 1306 Caesar
1035 1275 1135 1306 noluit
1155 1276 1310 1316 permitti.

1360 1276 1497 1308 Vixdum
1512 1280 1584 1307 atra
1598 1284 1663 1306 nox

198 1317 367 1357 occupabat
382 1318 498 1358 orbem,
512 1317 664 1358 fulgidus
685 1318 796 1358 globus
821 1318 906 1358 ignia
927 1318 1086 1350 descendit
1106 1318 1189 1350 inter
1203 1329 1314 1359 opacas
1327 1319 1468 1351 tenebras
1480 1319 1514 1350 in
1527 1318 1662 1350 mediam

198 1369 338 1398 arenam,
351 1370 500 1401 superans
514 1362 611 1392 lucem
635 1371 755 1393 corone
782 1361 973 1392 Gnossiacoe.
1020 1361 1138 1392 c'oelum
1163 1363 1336 1402 resplendet

1351 1362 1506 1404 flammis,
1529 1365 1560 1393 et
1580 1359 1664 1392 nihil

196 1403 354 1442 pemittit
377 1404 470 1436 licere
494 1405 598 1437 dem
618 1404 713 1438 nocti.
757 1404 861 1444 Pigra
885 1405 972 1446 quies
997 1405 1146 1445 emigrat,
1168 1406 1300 1437 ecdem
1313 1415 1450 1444 somnus,
1465 1405 1531 1436 ltaec
1543 1405 1664 1442 videns,

810 1518 1050 1533 ’,1000000010

199 1595 350 1628 editores
375 1596 655 1639 Bipontini.—80
676 1598 825 1632 laudant
857 1599 930 1630 dum
962 1598 1018 1630 ed.
1055 1602 1124 1631 vet.
1163 1598 1420 1640 Lindenbrogii.
1447 1601 1664 1639 temperantur

202 1639 329 1671 Venet.
344 1642 463 1672 1.—9o
484 1641 603 1674 Parm.
619 1651 727 1675 nocere
741 1650 804 1684 pro
826 1641 1018 1675 meree—92
1043 1640 1147 1675 Aldd.
1173 1641 1283 1674 Coun.
1307 1641 1439 1685 Gryph.
1468 1642 1574 1675 Basil.
1598 1643 1664 1678 &c-

860 1737 1002 1770 NOTAE

243 1815 286 1845 82
307 1811 492 1847 Saturnalia
501 1814 658 1856 principis
677 1813 836 1855 sonantes]
860 1815 906 1846 Et

198 1865 263 1898 hoc
278 1874 322 1896 ex
337 1874 445 1901 more.
489 1865 606 1899 Livius
620 1865 676 1898 lib.
694 1874 805 1898 xxm.
827 1867 838 1884 ‘
853 1865 906 1899 Ae

199 1926 263 1962 per
289 1916 408 1949 urbem
431 1917 628 1950 Saturnalia
652 1917 711 1948 die
735 1927 778 1949 ac
804 1922 907 1949 noete

199 1970 406 2017 clamatur-n!
449 1971 648 2002 Macrobius
662 1981 672 2002 ε
700 1971 710 1989 ‘
726 1971 804 2004 Quo
831 1972 905 2002 solo

198 2022 256 2055 die
271 2023 364 2064 apud
380 2023 490 2055 aedem
514 2024 668 2063 Saturni,
681 2024 840 2056 convivio
857 2035 910 2056 so.

198 2073 286 2113 luto,
300 2073 496 2105 Saturnalia
509 2074 771 2107 clamabantur!
815 2075 908 2107 Mar-

201 2123 290 2157 tialis
301 2123 362 2156 lib.
377 2132 419 2157 11.
436 2125 502 2165 Ep.
545 2128 555 2142 ‘
572 2125 732 2158 Clamant
742 2134 825 2157 eece
841 2127 908 2158 mei

197 2174 238 2208 Ῑο
248 2175 442 2207 Saturnalia
456 2174 598 2206 versus?
638 2175 708 2207 Sed
724 2175 779 2207 hic
795 2175 907 2208 Satur-

198 2226 288 2259 nalia
315 2226 469 2268 principis
498 2226 595 2265 dicit,
623 2236 691 2267 quo
721 2226 907 2267 significet,

198 2279 208 2296 ‘
224 2276 422 2309 Saturnalia
442 2277 670 2317 Imperatoris
683 2276 693 2291 '
709 2278 824 2309 omnia
838 2278 907 2309 alia

198 2328 396 2361 Saturnalia
411 2339 605 2370 superasse.

244 2381 286 2411 83
298 2380 345 2411 Et
353 2379 436 2412 dulci
447 2379 740 2419 Dominumfavore
751 2381 886 2413 clamant
895 2393 906 2413 .-

201 2429 276 2463 Hoc
290 2430 388 2462 solum
405 2431 504 2463 vetuit
530 2431 622 2463 licere
641 2432 768 2473 C'oesar]
787 2431 909 2464 Innuit

200 2480 257 2512 hie
274 2479 387 2512 Poeta
402 2480 654 2523 Domitianum,
665 2482 731 2514 etsi
747 2491 785 2514 se
800 2482 908 2514 domi·

201 2542 281 2565 num
294 2531 363 2564 dici
375 2531 486 2572 palam
500 2533 606 2564 vellet
618 2538 655 2566 et
667 2534 778 2565 Deum
790 2533 909 2574 etiam,

200 2583 360 2615 habuisse
374 2586 491 2614 tamen
508 2583 678 2615 rationem
694 2585 909 2617 Saturnaliu-

203 2643 292 2674 rum,
307 2633 342 2665 in
357 2632 480 2675 quibus
490 2642 608 2665 omnes
623 2644 725 2675 pares
741 2639 778 2667 et
793 2644 908 2677 aequa-

202 2685 253 2716 les
269 2688 382 2720 erant,
393 2692 458 2717 nec
473 2683 564 2715 servi
576 2690 678 2716 erant
692 2694 757 2717 nee
769 2685 910 2725 domini,

204 2739 240 2766 et
270 2733 347 2765 ideo
375 2734 525 2765 vetuisse
553 2742 597 2764 ne
624 2734 634 2752 ‘
646 2734 804 2767 dominus
815 2733 825 2750 ’
851 2734 908 2767 hie

204 2784 447 2827 appellaretur.
493 2784 540 2816 Et
554 2784 643 2818 bene
663 2784 673 2803 ‘
685 2784 908 2828 licere,’qnia

961 1814 1012 1846 his
1027 1814 1148 1846 diebus
1171 1823 1303 1845 summa
1325 1813 1505 1845 verborum
1525 1813 1665 1846 libertas

961 1868 1048 1898 erat.

1003 1918 1045 1948 87
1070 1915 1248 1948 Flammam
1274 1915 1361 1946 orbis
1394 1914 1527 1946 Vanam
1561 1916 1665 1949 Gnos-

960 1966 1164 2005 siwasacem
1177 1965 1312 2007 corona]
1333 1966 1444 2007 Supra
1459 1966 1605 2000 vidimus
1619 1977 1666 2000 ex

962 2019 1126 2052 Suetonio
1143 2018 1380 2052 Domitianum
1407 2017 1544 2050 dedisse
1565 2029 1666 2062 spec-

965 2071 1079 2103 tacula
1093 2075 1130 2103 et
1151 2069 1358 2112 gladiatores
1377 2068 1422 2101 ad
1443 2069 1665 2110 lychnuchos.

963 2122 1034 2153 Per
1047 2131 1192 2153 eoronam
1213 2125 1327 2152 antem
1345 2120 1549 2153 cnossiae-am
1565 2121 1668 2153 intel·

962 2173 1038 2212 ugit
1067 2171 1227 2203 Ariadna*
1253 2179 1427 2211 eoronam,
1450 2180 1553 2212 quam
1576 2170 1669 2204 iuter

962 2222 1076 2254 sidera
1112 2221 1271 2253 Bacchus
1323 2219 1453 2254 dieitur
1491 2219 1665 2253 retulisse.

964 2273 1169 2305 Gumiacam
1197 2281 1279 2303 vero
1315 2281 1376 2303 sen
1413 2271 1615 2303 Cretensem
1647 2281 1668 2303 a

962 2324 1099 2355 Gnosso
1114 2322 1244 2363 oppido
1261 2323 1391 2362 Creta,
1409 2320 1504 2361 regia
1528 2320 1666 2357 Minois,

962 2374 1071 2415 patris
1086 2371 1268 2404 Ariadnes.

1005 2426 1048 2455 88
1065 2421 1193 2462 Facem]
1209 2420 1373 2454 Lucidam
1390 2420 1524 2452 stellam
1539 2420 1666 2460 innuit,

963 2483 1039 2515 quoe
1067 2477 1134 2514 est,
1149 2481 1215 2514 qua
1238 2476 1340 2512 parte
1355 2480 1481 2503 eorona
1507 2475 1561 2503 est
1575 2471 1666 2503 solu-

963 2524 1056 2563 bilis,
1083 2527 1121 2555 et
1149 2526 1204 2554 est
1232 2530 1375 2553 numero
1403 2521 1525 2562 prims.
1581 2521 1667 2554 Eam

963 2574 1095 2608 Arabes
1117 2572 1275 2614 Alphea-a
1297 2575 1444 2611 vocant;
1466 2570 1501 2602 id
1526 2571 1667 2603 solutio-

962 2636 1040 2659 nem
1076 2623 1267 2666 significat:
1305 2622 1431 2655 dieitur
1467 2625 1504 2654 at
1540 2621 1666 2663 Mna-tr,

961 2676 1054 2721 quod
1069 2675 1225 2708 omnibus
1240 2673 1347 2709 stellis
1357 2671 1478 2707 lucidis
1487 2681 1668 2705 commune

953 2722 1016 2762 'est
1031 2734 1166 2759 nomen.
