1800 3060
228 219 313 261 204
726 229 765 259 P.
801 229 994 260 PAmNu
1029 228 1194 260 srA'ru

229 326 464 378 Cultibus;
495 329 540 368 et
556 325 668 367 visae
689 337 830 379 puero
853 324 1110 366 decrescere
1128 327 1292 365 vestes.

229 393 342 435 Cum
364 395 460 444 tibi,
483 406 598 447 quas
618 397 785 443 vestes,
805 405 903 447 quae
922 404 1009 432 non
1031 391 1278 445 gestamina
1295 389 1416 431 mitis

229 462 488 504 Festinabat
506 461 668 502 herus?
699 461 910 502 brevibus
932 460 1230 512 constringere
1249 459 1379 500 laenis

229 529 438 579 Pectora,
459 532 503 569 et
523 533 712 581 angusta
733 528 846 569 telas
862 527 1037 581 jactare
1058 527 1237 568 lacerna
1612 524 1698 566 130

230 596 411 637 Enormi
432 609 522 638 non
541 596 616 636 ille
639 596 803 644 sinens,
826 593 904 635 sed
928 607 1106 647 semper
1124 593 1180 635 ad
1203 605 1342 634 annos

227 663 379 705 Texta
399 664 562 717 legens,
584 663 716 704 modo
738 662 940 703 Puniceo
963 662 1142 703 velabat
1164 661 1347 712 amictu,

231 732 364 773 Nunc
387 731 544 773 herbas
564 730 768 772 imitante
792 730 909 780 sinu,
930 742 1045 770 nunc
1064 728 1196 770 dulce
1214 728 1386 770 rubenti

227 853 370 886 diminui.
420 855 500 886 Cum
515 854 584 891 tibi,
599 864 674 894 quos
689 855 801 892 cultus,
816 865 884 895 quoe
898 864 959 885 non
984 853 1169 886 vestimenta
1189 853 1331 886 dmninus
1353 853 1591 895 deproperabat?
1613 852 1697 887 colli-

225 906 305 935 gare
326 900 434 938 pectus
457 898 542 929 brevi
556 897 674 936 fascia,
699 901 729 928 et
751 901 874 928 arctare
899 897 978 928 talos
1000 900 1068 928 tuos
1089 897 1200 929 stricta
1221 898 1354 929 hicum.
1400 897 1477 928 Non
1501 896 1554 928 ille
1577 894 1696 935 eligens

228 941 364 971 laxiores
380 943 481 979 togas,
496 941 550 971 sed
570 950 687 980 semper
708 943 807 971 vestes
829 939 919 971 aetati
939 943 1038 981 aptas,
1060 941 1148 971 nwdo
1171 940 1294 980 tegebat
1316 943 1346 971 te
1358 940 1488 980 puniceo
1502 940 1693 978 indumento,

227 992 310 1014 nunc
324 986 408 1015 veste
423 983 545 1015 herbidi
559 984 679 1023 coloris,
695 993 776 1014 nunc
787 992 924 1024 purpura
940 983 1049 1014 blande
1070 983 1203 1024 rubenti,
1223 993 1305 1014 nunc
1318 983 1484 1015 laetabatur
1498 983 1693 1024 inflammare

845 1073 1083 1085 oeaeeeaeaeeooee

230 1139 336 1181 rago!
349 1139 357 1153 ’
380 1140 613 1172 Mareu—12⁷
630 1139 757 1171 Markl.
775 1139 866 1180 conj.
882 1142 912 1171 et
925 1139 984 1171 cisi
997 1148 1091 1179 puero
1105 1139 1277 1170 decrescere
1289 1139 1422 1179 cinctus,
1435 1139 1612 1179 &eu—129,
1627 1142 1693 1173 &c.

228 1183 298 1215 Hic
314 1183 410 1214 locus
427 1184 476 1213 ita
491 1191 528 1214 se
544 1182 650 1213 habet
666 1183 700 1213 in
714 1181 792 1213 edd.
809 1186 893 1214 vett.
918 1181 1060 1213 brevibus
1081 1192 1107 1213 c.
1133 1181 1213 1214 lenis
1230 1180 1389 1214 Pectora?
1409 1185 1440 1212 et
1460 1185 1595 1221 angusta
1614 1185 1694 1216 telas

229 1229 352 1257 arctare
379 1226 514 1257 lacerna.
573 1225 725 1256 Enormes
750 1234 810 1255 non
834 1224 888 1255 ille
909 1225 996 1256 sinus
1003 1235 1016 1262 ,·
1038 1225 1093 1256 sed
1114 1233 1233 1265 semper
1255 1225 1296 1256 ad
1320 1233 1417 1255 annos
1442 1224 1542 1256 Texta
1566 1226 1692 1265 legem.-

227 1270 330 1307 modo,
344 1270 398 1308 35⁰·
442 1269 451 1286 ‘
469 1267 573 1299 Vides
589 1272 672 1309 quot
688 1265 949 1299 difficultatibus
972 1272 1008 1299 et
1024 1266 1296 1298 absurditatibus
1311 1266 1444 1298 laborat
1458 1268 1573 1299 locus:
1598 1269 1694 1310 cujus

228 1320 272 1342 ex
297 1316 398 1351 parte
419 1311 675 1342 restitutionem
705 1310 766 1341 tibi
793 1310 946 1351 spondeo
963 1311 990 1341 si
1006 1319 1164 1341 amoveas
1178 1309 1433 1341 distinctionem
1458 1314 1535 1350 post
1557 1311 1694 1350 lacerna,

228 1359 264 1385 et
286 1363 348 1394 pro
363 1354 451 1385 sinus
475 1354 569 1394 legas
592 1354 697 1384 sinens
709 1363 721 1390 ;
744 1353 795 1384 ita
809 1364 816 1383 ε
839 1352 984 1384 brevibus
997 1363 1023 1385 c.
1039 1353 1060 1384 l.
1078 1353 1118 1384 Ρ.
1133 1357 1164 1383 et
1178 1362 1209 1383 a.
1226 1353 1305 1383 telas
1315 1355 1439 1384 arctare
1453 1353 1575 1385 lacerna
1592 1354 1694 1386 Enor-

229 1406 292 1428 mes
314 1407 348 1428 n.
373 1396 397 1428 i.
421 1397 538 1434 sinens,
563 1406 588 1427 s.
614 1406 641 1427 s.
670 1405 700 1428 a.
727 1405 757 1427 α.
784 1396 819 1427 Τ.
836 1396 952 1435 legens,
969 1396 1067 1434 modo,
1082 1396 1134 1435 ᾅ-ε.
1159 1395 1222 1426 hoc
1239 1395 1340 1426 modo
1356 1404 1445 1426 nova
1460 1405 1572 1427 rerum
1589 1396 1693 1428 facies

228 1440 322 1470 nasci
347 1439 481 1480 incipit.
527 1439 573 1470 Et
591 1439 665 1480 jam
693 1437 795 1470 video
819 1439 998 1479 legendum
1027 1447 1102 1469 esse
1128 1439 1252 1469 lacerna
1277 1438 1422 1477 Enormi,
1446 1443 1484 1469 ut
1499 1443 1696 1479 opponatur

228 1481 370 1514 brevibus
383 1482 496 1519 Iaenis;
519 1490 583 1512 nec
610 1481 751 1512 brevibus
777 1482 878 1522 tennis,
905 1491 969 1512 nec
992 1482 1117 1512 lacerna
1141 1480 1270 1512 enormi.
1317 1480 1407 1519 Hoc,
1434 1481 1532 1521 quasi
1557 1480 1630 1520 fiio,
1649 1482 1694 1514 ad

228 1534 364 1556 sensum
381 1524 536 1563 deducit,
551 1524 607 1565 qui
621 1524 676 1555 hic
692 1529 768 1555 est:
786 1524 862 1555 Nec
878 1524 1081 1564 permittens
1097 1523 1192 1554 laenis
1209 1522 1346 1554 nimium
1362 1523 1521 1555 brevibus
1539 1526 1574 1555 et
1587 1525 1693 1557 arctis

228 1573 351 1608 pectus
368 1568 618 1607 constringere,
641 1576 705 1598 nec
731 1572 853 1598 contra
877 1567 1016 1599 lacerna
1041 1565 1170 1597 enormi
1197 1565 1352 1596 membra
1368 1567 1512 1607 puerilia
1529 1576 1692 1608 gravare3

227 1611 287 1642 sed
313 1614 415 1651 prout
438 1610 686 1641 incrementum
711 1609 808 1650 pueri
834 1613 870 1640 et
892 1615 978 1641 aetas
1002 1609 1211 1650 postulabat,
1232 1609 1281 1639 ita
1306 1617 1442 1648 semper
1467 1608 1635 1650 adaptans
1657 1616 1695 1642 et

227 1654 345 1692 legens
363 1654 568 1685 vestimenta
583 1652 755 1684 interdum
774 1653 918 1692 puniceo
933 1652 1072 1691 amictu,
1088 1651 1260 1683 interdum
1273 1650 1374 1683 viridi
1390 1651 1467 1683 sinu
1483 1652 1536 1683 vel
1553 1652 1693 1684 thorace

228 1696 412 1728 vestiebat.
459 1696 547 1727 Haec
565 1695 700 1726 videtur
716 1705 791 1726 esse
819 1705 914 1726 inens
941 1695 1039 1735 hujus
1062 1695 1141 1734 loci,
1164 1695 1302 1735 elegans
1319 1697 1355 1725 et
1370 1694 1547 1726 concinna.
1593 1695 1694 1727 Viam

226 1739 290 1770 tibi
309 1738 427 1780 aperui
443 1748 451 1770 :
477 1739 503 1769 si
522 1738 675 1769 oculatus
691 1738 750 1776 sis,
774 1747 835 1779 per
850 1741 883 1769 te
900 1738 1031 1769 videbis
1048 1736 1128 1778 quid
1146 1735 1342 1768 faciendum
1365 1737 1409 1768 sit
1434 1737 1531 1769 istis:
1555 1742 1691 1778 angusta

226 1782 306 1813 telas
319 1785 467 1818 metare,-
490 1781 517 1812 si
534 1791 613 1820 non,
632 1780 815 1812 dicendum
833 1785 891 1812 aut
907 1781 1078 1818 irridebis,
1094 1784 1152 1811 aut
1166 1778 1268 1810 fidem
1284 1789 1352 1811 non
1367 1779 1516 1812 habebis.
1539 1780 1689 1813 Tantum

227 1834 349 1856 moneo
365 1834 407 1856 ne
425 1824 518 1865 legas
533 1828 654 1864 aptare,
671 1823 760 1865 quod
779 1823 888 1864 primo
903 1823 1032 1854 intuitu
1047 1822 1139 1854 forte
1156 1821 1420 1854 adblandietur.’
1437 1823 1557 1855 Markl.
1592 1826 1602 1841 ‘
1614 1824 1692 1855 Me-

227 1867 295 1898 rito
312 1868 425 1898 locum
441 1867 531 1898 hunc
550 1876 611 1906 pro
627 1866 886 1907 corruptissimo
903 1866 1034 1897 notavi.
1079 1866 1204 1896 Venet.
1223 1868 1254 1897 1.
1269 1864 1375 1896 habet
1390 1865 1469 1896 telas
1481 1867 1607 1905 jactare
1630 1875 1693 1907 pro

226 1914 351 1942 arctare
361 1920 373 1947 ‚·
397 1910 486 1941 unde
503 1909 584 1941 mihi
601 1909 824 1941 confirmatur
838 1909 928 1951 quod
945 1908 1072 1940 dudum
1095 1908 1289 1948 suspicatus
1305 1916 1412 1947 eram,
1435 1917 1557 1948 nempe
1575 1917 1692 1941 vocem

224 1956 350 1984 arctare
371 1953 449 1984 huic
475 1953 548 1984 ioco
575 1952 753 1992 irrepsisse
778 1950 956 1983 formatam
984 1961 1027 1983 ex
1050 1951 1115 1982 alia
1140 1950 1240 1981 simili
1267 1959 1373 1988 voce;
1397 1959 1520 1991 nempe
1545 1961 1587 1982 ex
1604 1961 1690 1983 voce

225 1999 334 2027 artus:
359 1995 502 2026 brevibus
516 2006 543 2026 c.
560 1995 581 2026 l.
595 1994 638 2027 P.
653 1998 682 2027 et
698 2005 729 2026 a.
745 1997 834 2025 artus
853 1994 989 2033 jactare,
1011 1992 1078 2035 850!
1120 1993 1217 2024 Idem
1244 1993 1278 2023 in
1303 1991 1494 2024 Addendis.
1541 1993 1690 2027 Quidam

226 2048 291 2079 pro
306 2039 396 2070 loenis
410 2042 579 2079 reponunt
594 2037 688 2077 lanis,
705 2037 921 2078 improbante
936 2037 1090 2068 Barthio.
1115 2040 1124 2054 ‘
1138 2035 1231 2068 Quid
1247 2040 1301 2067 est
1315 2036 1393 2067 telas
1406 2038 1530 2068 arctare
1543 2035 1693 2069 lacerna?

226 2081 335 2122 Spero
351 2090 404 2112 ine
427 2080 622 2111 habiturum
650 2085 685 2111 te
710 2080 916 2121 conjectnrae
933 2089 1017 2111 meae
1034 2079 1292 2120 obsequentem,
1316 2079 1371 2120 qui
1395 2078 1588 2120 corrigam:
1612 2080 1693 2111 talos

224 2128 359 2156 arctare.
404 2122 459 2154 Ad
477 2124 563 2154 talos
579 2123 671 2154 enim
688 2123 822 2154 lacerna
837 2122 1090 2154 descendebat:
1110 2122 1153 2153 de
1169 2121 1287 2152 instita
1300 2121 1467 2153 Horatius
1483 2132 1491 2152 :
1515 2123 1525 2138 ⁴
1537 2122 1691 2154 Subsuta

229 2168 313 2198 talos
329 2165 416 2208 tegit
431 2166 552 2198 instita
576 2165 688 2208 palia-¹
700 2165 709 2180 ’
735 2165 782 2196 N.
801 2165 914 2197 Heius.
930 2165 1100 2196 Gronovio.
1144 2163 1235 2197 Vide
1251 2164 1379 2206 Syllog.
1395 2164 1509 2206 Epist.
1522 2165 1618 2198 Tom.
1633 2174 1691 2198 111.

884 2262 1025 2294 NOTAE

270 2331 333 2360 126
359 2327 524 2369 Mensura]
557 2329 721 2360 Mensura
742 2327 798 2359 hie
822 2331 931 2358 statu-
986 2327 1071 2358 bant
1110 2326 1253 2358 viridem
1303 2326 1525 2368 pierumque:
1570 2325 1665 2358 Infra
1682 2335 1692 2357 ε

226 2388 298 2410 ram
314 2378 497 2419 significat.
985 2378 995 2395 ‘
1014 2377 1117 2408 Nunc
1133 2376 1254 2408 herbas
1270 2376 1428 2407 imitante
1443 2374 1540 2407 sinn.'

271 2431 332 2460 127
359 2429 403 2460 Et
424 2429 500 2460 eisae
516 2438 611 2470 puero
630 2429 802 2460 decrescere
815 2426 928 2468 testes]
1027 2429 1090 2458 130
1128 2427 1218 2457 Τείως
1253 2425 1363 2467 [talos]
1407 2425 1563 2456 Lucerna
1597 2424 1688 2456 enim

225 2478 292 2511 11¹0
308 2479 440 2510 scilicet
456 2483 646 2511 crescente.
983 2477 1106 2508 stricta
1122 2481 1211 2516 erat,
1227 2485 1292 2507 nec
1309 2473 1580 2506 diffundebatur.

271 2533 333 2561 128
358 2530 437 2566 Quoe
451 2540 511 2561 non
532 2529 708 2570 gestamina
722 2528 810 2560 mitis
825 2527 930 2560 Festi·
1027 2529 1088 2558 133
1113 2525 1240 2557 Herbas
1266 2525 1412 2557 imitante
1446 2525 1534 2566 sinu]
1568 2523 1687 2567 Aliqui

225 2580 320 2613 nabat
341 2579 449 2620 herus]
483 2580 608 2611 Similis
631 2580 724 2611 locus
748 2578 858 2610 Theb.
875 2587 926 2609 vr.
984 2575 1103 2608 dicunt
1118 2575 1237 2607 herbas
1253 2574 1358 2607 fuisse
1372 2575 1530 2616 depictas
1552 2576 1588 2607 in
1605 2581 1687 2617 toga

225 2632 235 2649 ‘
251 2633 345 2665 Quas
361 2640 429 2662 non
452 2630 487 2661 in
503 2639 626 2661 nomen
652 2629 794 2661 credula
819 2632 930 2661 vestes
983 2626 1148 2659 Glauciae.
1191 2625 1260 2657 Sed
1285 2626 1396 2656 verius
1422 2625 1605 2666 Papinium
1631 2635 1687 2658 co-

223 2681 380 2722 Urgebat
394 2679 530 2712 studio:
983 2677 1090 2708 lorem
1119 2674 1264 2707 viridem
1294 2674 1487 2715 designare,
1515 2675 1572 2716 qui
1602 2675 1685 2707 alias

270 2734 333 2763 129
349 2730 507 2763 Breeilms
519 2729 622 2771 loenis]
637 2729 792 2761 Fasciam
809 2733 929 2770 pecto·
981 2727 992 2745 ‘
1007 2725 1188 2758 herbidus’
1201 2725 1267 2757 dici
1283 2726 1381 2757 solet.
1418 2725 1473 2758 Ita
1487 2726 1686 2758 Surrentino

225 2782 329 2815 raiem
360 2781 539 2823 intelligit,
564 2789 664 2823 quam
694 2779 792 2822 pueri
816 2783 930 2821 gesta·
982 2777 1099 2819 Pollii,
1136 2776 1179 2809 de
1216 2775 1316 2809 viridi
1348 2775 1684 2810 Lacedaemoniorum
