1800 3060
605 191 881 223 SYLVARUM
916 190 1010 220 mu.
1034 191 1067 220 1.
1085 180 1128 220 4.

1514 178 1600 220 155

148 301 399 355 Expectare
418 297 535 340 fuit?
565 295 729 351 gaudet
744 295 1028 337 Trasimenus
1049 297 1095 336 et
1114 292 1274 349 Alpes,

149 367 487 420 Cannensesque
506 365 688 407 animae:
716 363 974 418 primusque
994 362 1164 415 insigne
1184 362 1397 403 tributum

148 435 254 490 Ipse
270 434 423 489 palam
440 434 591 475 lacera
608 431 829 486 poscebat
847 429 1051 484 Regulus
1070 430 1240 471 umbra.

147 542 185 564 ac
211 530 327 563 κιών-ω
355 531 543 569 Cannenses,
570 530 732 567 laetantur,
758 530 790 559 et
817 527 885 568 ipse
915 526 1055 566 Regulus
1082 527 1204 568 primus
1231 527 1333 558 lacera
1361 525 1470 557 ambra
1495 526 1601 566 palam

145 574 268 616 petebat
288 574 412 606 illustre
434 572 581 612 vectigal.
627 571 702 602 Non
728 573 818 601 vacat
845 578 977 601 narrare
1005 569 1278 610 septemtrionales
1310 578 1446 611 pugnae,
1483 573 1514 600 et
1550 579 1598 600 re-

754 662 889 676 OemOO
894 663 911 674 θ
914 662 932 675 0
935 662 993 675 m

149 724 264 756 beant.
309 722 386 755 Hoc
399 726 525 764 pacto:
549 721 652 754 Libia·
665 731 695 762 q.
710 731 753 752 m.
769 725 797 753 t.
812 718 993 761 Obsequio?
1037 720 1082 751 Et
1100 718 1224 758 jussum
1237 719 1308 761 (vel
1333 715 1477 759 missam)
1500 717 1602 749 media

149 768 183 798 d.
196 775 229 806 p.
244 765 432 806 triumphum
445 765 595 804 Laudem,
617 767 648 796 et
663 773 733 805 opes
747 761 877 794 tantas?
917 762 1054 802 Gaudet,
1074 763 1127 802 «isc.
1172 762 1230 793 Sic
1254 763 1355 802 plana
1377 762 1445 792 sint
1467 760 1603 791 omnia!

78 823 84 830 ·
150 807 354 840 Barth—ss
375 807 462 839 Post
476 807 566 839 bunc
579 815 715 838 versum
731 805 763 837 in
780 805 907 837 Venet.
922 807 953 836 l.
970 805 1087 836 Parm.
1111 808 1147 836 et
1165 805 1261 836 Rom.
1286 803 1471 835 inseritur:
1494 802 1601 834 Aetol-

150 852 214 883 un
227 853 322 883 cantu
331 860 342 882 .·
361 850 478 890 guadet
489 849 674 881 maneam
686 851 717 881 et
731 849 914 889 alpem—88
936 847 1008 888 Ipse

150 893 265 926 manni
286 903 309 925 a
329 902 378 924 m.
401 901 470 924 sec.
486 901 563 924 cum
579 892 694 924 Parm.
708 891 806 923 Rom.
830 895 866 922 et
878 890 1021 922 Venett.
1037 892 1070 921 8.
1082 891 1115 922 4.
1149 889 1222 930 Ipse

1018 847 1124 888 palam
1137 848 1211 879 loeta
1228 847 1370 888 poscebat
1386 845 1498 878 codex
1516 845 1601 875 Bur·

1347 890 1450 920 lacera
1459 887 1604 929 poscebat

152 935 262 968 codex
275 935 553 967 Bumanniam.
579 944 631 975 pr.
659 943 734 966 cnm
747 934 874 964 Venet.
891 935 924 964 1.
950 931 1056 964 Aldd.
1080 935 1110 963 l.
1136 934 1168 964 2.
1197 932 1309 964 Colis.
1333 931 1464 973 Grypu.
1494 930 1601 961 Basil.

153 978 311 1010 Gruter.
336 977 478 1010 Gerari-
500 981 538 1009 et
560 977 666 1008 Bern.
691 976 856 1017 probante
883 975 1050 1015 Barthi03
1075 975 1159 1006 illud
1185 979 1325 1007 tuentur
1345 975 1413 1006 Til.
1440 979 1477 1005 et
1503 973 1604 1004 Cruc.

153 1020 224 1062 1,oe
233 1021 339 1062 pah-i
351 1020 454 1052 luero
464 1019 630 1061 plaudebat
644 1019 799 1053 Jortinus
817 1018 961 1050 Nostras
986 1018 1021 1050 in
1045 1018 1148 1050 Obss.
1173 1017 1323 1051 Miscell.
1338 1017 1417 1049 Vol.
1433 1025 1474 1048 u.
1488 1016 1530 1048 P.
1547 1023 1605 1047 ιιι.

806 1102 948 1136 NOTAE

152 1173 274 1210 pectore
288 1169 373 1211 suit]
395 1169 439 1201 Id
462 1174 529 1211 est,
551 1171 663 1202 Tanta
690 1169 851 1201 celeritas

155 1220 295 1262 hujusce
321 1219 474 1252 victoriae
503 1219 583 1259 fuit,
614 1224 753 1261 tamque
782 1219 851 1251 cito

155 1269 280 1302 bellum
309 1268 501 1302 consectum
524 1273 591 1310 est,
619 1279 660 1301 ac
685 1269 852 1302 tributum

157 1319 318 1360 solutum,
329 1324 368 1351 nt
381 1319 612 1359 Domitianus,
636 1320 694 1362 qni
707 1320 787 1351 huic
803 1319 852 1350 rei

157 1369 324 1402 Rutilium
336 1369 624 1412 praesecet-aemon
636 1378 774 1411 sperare
783 1374 853 1401 tam

155 1419 251 1452 boevi
262 1424 416 1462 tempore
437 1418 513 1452 fieri
538 1429 638 1462 posse
659 1429 727 1452 non
752 1429 854 1452 ansus

156 1469 273 1503 fuerit.

200 1521 468 1563 sostoebnmas]
495 1520 734 1553 Thrasimenns
761 1520 855 1552 lacus

159 1575 211 1602 est
242 1571 277 1602 in
303 1580 386 1612 agro
413 1571 592 1608 Perusino,
623 1571 728 1612 juxta
753 1580 856 1612 quem

161 1621 331 1654 Hannibal
345 1622 428 1654 vicit
450 1622 654 1654 Flaminium
668 1622 854 1662 consulem,

161 1679 203 1703 ac
240 1670 410 1702 Romanos
444 1681 570 1712 magna
598 1671 699 1703 clade
725 1670 853 1705 affecit.

160 1719 271 1762 Alpes]
302 1721 439 1753 Montes
467 1721 634 1762 altissimi,
661 1731 681 1753 a
706 1721 854 1754 candore

161 1771 288 1803 nivium
298 1771 348 1803 sic
360 1770 459 1811 dicti,
472 1770 618 1804 Galliam
634 1771 679 1803 ab
691 1771 792 1804 Italia
803 1771 853 1804 di-

160 1820 330 1854 videntes.

203 1873 245 1903 87
262 1870 494 1912 comaque
506 1870 635 1912 animo]
658 1871 779 1903 Manes
789 1872 854 1904 sci-

160 1921 245 1954 llcet
255 1918 480 1953 Romanorum
492 1921 659 1953 victorum
675 1931 714 1954 ae
726 1922 855 1954 occiso-

163 1980 238 2003 rum
253 1971 343 2013 apud
360 1971 505 2008 Cannas,
525 1972 637 2004 vicum
652 1971 799 2013 Apuliae,
814 1972 857 2004 ab

163 2020 370 2054 Hannibale.
413 2022 502 2054 Vide
526 2021 720 2055 Historicos
736 2022 858 2055 Roma-

163 2079 240 2103 nos.
296 2070 397 2104 Dicit
421 2081 504 2113 ergo
526 2071 637 2103 Poeta
656 2071 859 2112 Thrasyme-

162 2128 255 2162 uum,
275 2121 393 2163 Alpes,
416 2131 458 2154 ac
483 2123 604 2154 Manes
632 2122 859 2155 Romanorum

164 2171 354 2203 occisorum
383 2172 475 2213 apud
501 2173 650 2211 Cannas,
673 2173 787 2204 laetari
815 2173 860 2205 de

165 2219 355 2262 profligatis
371 2221 475 2262 Afris,
498 2222 558 2263 qui
579 2222 641 2254 sub
665 2222 861 2255 Hannibale

163 2271 334 2313 quondam
357 2275 410 2304 tot
431 2271 585 2303 cladibus
605 2281 642 2304 se
664 2271 861 2313 affecerant,

163 2328 204 2353 ac
218 2329 296 2353 suos
313 2321 447 2353 accolas
460 2321 623 2354 vicerant.
643 2321 753 2364 Alpes
768 2332 862 2364 vero,

165 2370 256 2412 quod
267 2369 442 2403 Hannibal
468 2380 544 2403 cum
564 2370 660 2403 Afris
676 2371 738 2404 has
762 2382 861 2405 exsu-

165 2422 349 2463 peraverit,
372 2421 512 2464 dirupto
544 2427 661 2456 monte
696 2422 790 2458 facto
811 2425 863 2458 in-

166 2470 303 2512 cendio,
346 2471 528 2515 infusoque
565 2473 709 2516 insuper
748 2479 861 2509 aceto.

166 2521 259 2554 Nam
271 2521 391 2564 Alpes,
402 2526 443 2555 ut
454 2522 574 2555 scribit
587 2523 735 2566 Plinius,
750 2525 863 2559 Italiae

166 2579 228 2613 pro
248 2572 353 2604 muris
376 2571 538 2605 adversus
560 2573 709 2615 impetus
733 2575 864 2608 Barba-

168 2630 282 2654 rorum
296 2622 394 2656 dedit
408 2628 543 2664 natura,
569 2630 605 2656 et
622 2625 768 2667 prodigii
788 2627 864 2659 loco

167 2671 321 2706 habitum
336 2678 402 2715 est,
415 2683 493 2707 cum
504 2674 679 2707 Hannibal
693 2685 751 2709 eas
765 2686 864 2719 supe·

168 2723 306 2756 raverit.

945 1169 988 1199 88
1012 1167 1167 1209 Regulus]
1186 1165 1327 1199 Attilius
1343 1166 1506 1207 Regulus,
1527 1170 1606 1206 post

905 1217 1119 1258 gravissimas
1138 1216 1475 1258 Carthaginiensibus
1489 1216 1606 1247 clades

905 1267 1028 1306 illatas,
1066 1266 1188 1298 incidit
1225 1266 1366 1298 tandem
1394 1267 1427 1297 in
1454 1266 1607 1304 insidias,

907 1327 990 1360 quas
1003 1317 1052 1349 illi
1066 1317 1261 1349 Hasdrubal
1273 1326 1312 1348 ac
1327 1317 1524 1358 Xantippus
1537 1316 1607 1348 dux

906 1370 1095 1411 Spartanus
1109 1374 1318 1407 struxerant,
1346 1369 1464 1410 sicque
1484 1373 1608 1409 captus

906 1419 1094 1461 perductus
1131 1423 1186 1450 est
1222 1419 1480 1460 Carthaginem.
1538 1418 1607 1450 Sed

908 1479 984 1502 cnm
997 1469 1196 1502 nobilissimi
1207 1479 1248 1502 ac
1258 1469 1359 1501 validi
1368 1469 1518 1511 juvenes
1527 1469 1610 1502 Car-

908 1520 1171 1561 tbaginiensium
1189 1520 1362 1552 venissent
1375 1519 1479 1551 etiam
1495 1520 1528 1550 in
1539 1528 1609 1550 ma—

908 1579 971 1602 nus
1016 1571 1262 1611 Romanorum,
1307 1570 1610 1611 Carthaginienses

909 1626 1163 1663 proposuerunt
1179 1620 1329 1661 Regulo,
1345 1630 1382 1652 se
1403 1630 1480 1652 eum
1496 1619 1611 1651 reddi-

909 1676 1005 1704 turos
1020 1681 1124 1703 nuum
1151 1671 1260 1703 solum
1283 1680 1346 1712 pro
1362 1670 1428 1702 suis
1441 1670 1610 1710 omnibns,

908 1723 1183 1765 remiseruntque
1208 1732 1285 1754 eum
1311 1723 1452 1755 Romam
1477 1722 1519 1754 ad
1545 1722 1610 1754 hoc

909 1772 1134 1806 obtinendum
1158 1783 1178 1805 a
1203 1774 1355 1806 Senatu:
1390 1778 1536 1814 accepta
1561 1768 1611 1804 tu->

908 1832 986 1855 men
1013 1823 1105 1865 prins
1127 1823 1203 1864 ejus
1234 1822 1303 1854 fide
1336 1832 1373 1854 se
1396 1831 1611 1854 reversurum

910 1873 1164 1915 Carthaginem,
1177 1883 1214 1905 re
1229 1872 1369 1905 infectu.
1406 1872 1491 1904 Cum
1507 1873 1612 1914 igitur

910 1922 1054 1955 Romam
1067 1923 1229 1963 venisset,
1255 1932 1296 1954 ac
1320 1923 1355 1954 in
1381 1922 1512 1954 Senatu
1534 1932 1611 1964 per-

909 1974 1131 2006 mutationem
1144 1973 1373 2015 exposuisset,
1389 1978 1527 2014 rogatns
1537 1982 1612 2005 sen-

910 2025 1067 2065 tentiam,
1085 2024 1226 2066 negavit
1241 2033 1305 2066 pro
1322 2033 1359 2055 se
1376 2033 1442 2055 uno
1458 2034 1499 2055 ac
1519 2033 1613 2063 sene,

910 2079 964 2106 tot
970 2075 1117 2115 juvenes
1138 2084 1179 2106 ac
1200 2074 1330 2106 validos
1354 2074 1613 2114 Carthaginien-

911 2125 1004 2157 sibus
1029 2124 1274 2164 restituendos,
1301 2123 1521 2165 labantesqne
1552 2133 1612 2164 pa-

914 2181 985 2208 tres
1011 2176 1060 2208 ita
1087 2175 1249 2215 firmavit,
1277 2175 1371 2207 utin
1407 2175 1613 2207 sententiam

915 2226 990 2268 ejus
1005 2226 1124 2258 iretur.
1171 2225 1258 2258 Cum
1282 2235 1362 2258 vero
1383 2225 1476 2257 illum
1496 2226 1612 2258 Romae

915 2277 1063 2308 retinere
1077 2277 1206 2308 vellent
1221 2279 1351 2317 patra,
1368 2280 1530 2317 negantes
1544 2286 1613 2308 ser-

916 2327 1062 2359 vandam
1086 2337 1163 2358 esse
1186 2326 1289 2358 fidem
1315 2327 1415 2367 hosti,
1436 2327 1492 2368 qui
1509 2328 1613 2360 toties

916 2378 1010 2409 illam
1024 2376 1212 2416 fefellerat,
1233 2377 1329 2408 nulla
1342 2377 1476 2409 ratione
1489 2377 1614 2410 adduci

915 2427 1044 2469 potuit,
1057 2430 1097 2458 ut
1114 2435 1135 2458 a
1157 2425 1227 2458 fide
1248 2425 1444 2460 desisteret.
1488 2428 1615 2470 Itaque

915 2486 1071 2509 reversus
1086 2479 1141 2508 est
1150 2476 1406 2518 Carthaginem.
1450 2477 1614 2510 Ceterum

916 2536 984 2568 quo
999 2526 1123 2558 clarior
1138 2526 1213 2568 ejus
1228 2531 1320 2559 esset
1334 2527 1453 2568 gloria,
1466 2529 1616 2560 Cartha-

917 2576 1087 2617 ginienses
1114 2576 1262 2608 moribns
1288 2578 1356 2609 suis
1383 2578 1433 2609 usi
1457 2583 1549 2619 sunt,
1577 2579 1616 2610 il-

916 2629 1055 2670 lumque
1069 2628 1164 2660 novis
1184 2633 1221 2661 et
1235 2629 1416 2670 exquisitis
1430 2630 1616 2662 crudelita-

918 2678 962 2709 tis
984 2678 1150 2720 exemplis
1172 2683 1352 2710 necarunt.
1396 2679 1486 2712 Vide
1514 2681 1615 2713 Vale-

919 2729 1007 2760 rium
1021 2728 1209 2761 Maximum
1235 2729 1296 2761 lib.
1314 2738 1340 2762 1.
1367 2729 1410 2762 de
1427 2730 1616 2772 Religione,
