1800 3060
213 183 302 228 302

215 291 348 333 Unda
367 290 502 342 domi,
526 303 657 332 curas
677 290 884 340 mulcere,
904 294 1133 344 aestusque
1155 290 1302 332 levare

217 359 503 410 Sufficerent3
534 363 664 399 notas
684 358 889 399 Sirenum
911 359 1091 400 nomine
1110 372 1259 413 rupes,

217 427 507 481 Facundique
527 427 663 467 larem
685 426 809 467 Polli
829 438 920 467 non
939 427 1106 480 hospes
1126 427 1345 468 habebam
1362 439 1375 479 ;

216 493 416 547 Assidue
435 506 671 547 moresque
691 493 788 544 viri,
810 505 1074 548 pacemque,
1095 507 1326 548 novosque

215 560 443 602 Pieridum
463 559 612 610 flores,
632 560 886 614 intactaque
907 561 1104 603 carmina
1126 561 1328 604 discens,

217 628 350 670 Forte
372 627 491 669 diem
511 628 676 670 Triviae
697 628 799 669 dum
819 628 966 670 littore
987 628 1192 670 ducimus
1211 628 1319 680 udo,

216 695 535 750 Angustasque
554 695 675 737 fores
695 700 964 750 assuetaque
985 699 1104 738 tecta
1124 696 1295 750 gravati

718 195 758 225 P.
791 194 982 226 PAPlNlI
1018 194 1183 226 STATII

1624 426 1683 468 65

216 815 352 857 tudina,
369 820 400 849 et
414 818 522 850 sedare
541 817 765 858 gravissimum
778 816 923 855 colorent,
934 815 1076 856 petebam
1098 820 1203 849 tamen
1225 827 1259 850 sc
1385 818 1518 850 celebres
1533 817 1682 854 Sirenum

215 860 352 900 nomine,
367 864 398 893 et
418 861 542 892 domum
556 860 724 901 eloquentis
745 858 858 897 Pouii,
872 859 907 889 in
931 868 992 900 qua
1017 869 1078 890 nou
1103 859 1223 901 hospes,
1246 861 1301 893 sed
1313 861 1504 901 familiaris,
1529 861 1682 893 discebam

215 911 315 935 mores
328 903 394 943 ejus
408 907 499 944 atque
513 902 611 934 animi
627 902 898 944 tranquillitatem,
913 905 945 932 et
958 911 1052 933 novos
1063 902 1163 944 flores
1187 904 1366 944 Musarum,
1388 908 1420 936 et
1435 914 1540 936 sersus
1554 914 1575 935 a
1595 903 1681 935 nullo

216 947 363 979 tentatos.
408 947 505 979 Forte
518 947 592 978 dum
613 946 802 978 celebramus
824 945 907 976 diem
924 944 1040 976 Triviae
1053 946 1088 976 in
1102 945 1228 978 humido
1248 946 1351 989 litore,
1370 947 1500 989 pertesi
1513 944 1678 989 niagmfict‘

828 1041 1059 1055 6¹me

218 1103 423 1136 parm—69
445 1103 666 1146 Augustusque
680 1104 781 1144 sores,
804 1108 986 1146 assuetaque
1004 1108 1088 1137 tecta
1107 1114 1278 1145 gravamus
1291 1103 1396 1136 Aldd.
1418 1103 1528 1136 colin.
1546 1103 1684 1145 Gryph.

216 1146 322 1178 Basil.
337 1148 402 1179 &c.
445 1149 455 1165 ‘
467 1147 686 1180 Inemendati
703 1148 806 1179 codd.
821 1148 951 1180 habent
965 1151 1105 1180 assuetas
1120 1153 1155 1180 et
1166 1147 1332 1188 gravatim·
1354 1156 1415 1179 nos
1429 1156 1512 1178 vero
1526 1146 1684 1188 legimus,

215 1193 383 1231 assutaque
397 1193 480 1222 tecta
492 1200 662 1230 gravamus
678 1190 856 1222 frondibus
864 1201 877 1230 ,·
899 1195 939 1223 ut
954 1200 1072 1222 sensus
1088 1191 1154 1223 sit:
1178 1191 1269 1222 Dum
1286 1189 1432 1232 tegimus
1455 1194 1552 1222 tecta
1576 1192 1684 1221 assuta

215 1233 374 1273 maleque
387 1233 554 1265 haerentia
569 1233 746 1265 hiantibus
761 1234 868 1275 rimis,
889 1238 993 1276 atque
1008 1234 1057 1266 ita
1078 1234 1182 1266 solem
1207 1232 1388 1266 arcemus!
1410 1233 1534 1264 Domit.
1579 1231 1682 1264 Hanc

215 1275 362 1307 Domitii
391 1277 717 1317 interpretationem
746 1277 873 1317 rejecit
900 1277 1100 1315 Gevarfius,
1131 1276 1305 1319 legitque:
1336 1277 1560 1316 Augustusque
1578 1274 1682 1316 fores,

214 1322 397 1360 assuetaque
411 1322 493 1350 tecta
505 1329 685 1359 gravamus.
727 1319 914 1351 Salmasius
939 1321 1065 1352 Exere.
1081 1320 1175 1352 Plin.
1193 1330 1226 1360 p.
1240 1322 1316 1352 265.
1337 1319 1560 1359 Augustusque
1577 1317 1682 1358 fores,

214 1365 396 1402 assuetaque
412 1365 495 1393 tecta
517 1372 712 1403 grat-amum·
734 1367 772 1394 et
792 1363 856 1395 hoc
879 1372 998 1395 verum
1025 1372 1099 1395 esse
1125 1362 1325 1403 pronuntiat
1347 1361 1542 1394 Gronovius
1568 1361 1683 1394 Diatr.

215 1413 293 1445 cap.
310 1407 364 1436 28.
412 1404 708 1438 Quemadmodum
735 1405 771 1437 in
792 1407 861 1438 suis
884 1406 985 1437 codd.
1009 1405 1142 1438 invenit
1165 1405 1351 1445 Domitius,
1371 1405 1421 1436 ita
1435 1404 1539 1436 etiam
1567 1409 1622 1435 est
1646 1402 1680 1435 in

215 1451 353 1479 vetusta
368 1447 485 1480 Parm.
499 1448 645 1488 gravatis
654 1459 667 1487 ;
689 1448 801 1480 codex
817 1449 991 1490 Senensis,
1005 1448 1136 1489 gravari
1145 1458 1158 1486 ,·
1178 1448 1270 1480 unde
1284 1446 1528 1480 Marklandns:
1552 1447 1682 1486 Augus-

215 1492 326 1531 tasque
342 1490 431 1531 fores
453 1492 526 1532 (vel
553 1490 650 1532 lares)
677 1494 859 1533 assuetaque
880 1495 962 1524 tecta
983 1491 1123 1532 gravati.
1169 1491 1226 1523 Ita
1251 1500 1332 1522 vero
1359 1489 1556 1523 Gronovius
1581 1489 1683 1530 longe

215 1538 340 1573 sutem
363 1539 401 1566 et
415 1534 464 1566 sic
480 1533 552 1566 fere
568 1535 615 1566 N.
631 1534 795 1567 Heinsius
811 1536 846 1566 in
862 1533 1010 1567 Advers.
1039 1534 1097 1566 lib.
1128 1543 1154 1567 1.
1179 1543 1256 1576 cap.
1282 1537 1335 1566 10.
1355 1533 1580 1574 Angustosque
1592 1531 1684 1571 fores

861 1624 1003 1658 No‘rAE

219 1689 306 1722 Alba
335 1689 421 1721 colit
448 1689 540 1721 lares
553 1688 575 1721 :'
606 1689 686 1731 quia
719 1690 751 1720 ei
791 1689 925 1721 illustre

215 1741 446 1773 testimonium
485 1741 657 1772 Caesareae
703 1741 838 1780 gratia»,
883 1748 925 1772 ac

215 1791 362 1834 proinde
377 1791 492 1833 gloriae
505 1795 592 1823 erat.
636 1791 744 1832 Albae]
767 1790 855 1822 Alba
867 1799 924 1822 ca·

218 1848 284 1883 put
298 1841 470 1884 quondam
488 1843 581 1875 Latii
605 1841 686 1874 fuit.
730 1841 924 1883 Dardam'ae]

217 1893 310 1926 Quia
326 1892 369 1924 ab
386 1891 538 1925 Ascanio
554 1893 742 1931 Dardanio,
766 1902 827 1924 seu
839 1893 924 1924 Tro-

210 1944 311 1986 jano,
326 1943 467 1975 condita
482 1942 549 1975 fuit
561 1944 624 1976 sub
639 1949 756 1975 monte
771 1943 922 1984 Albano,

216 1999 254 2027 et
270 2003 290 2025 a
304 1994 372 2026 situ
383 1999 553 2035 porrectae
570 1994 605 2026 in
620 1994 722 2027 dorso
734 1994 828 2026 urbis
845 1995 855 2012 ‘
866 1994 924 2027 Al·

215 2045 261 2077 ba
276 2043 397 2085 louga’
421 2044 664 2085 cognominata
678 2048 744 2076 est.

257 2098 301 2128 64
324 2096 430 2127 Notas
442 2095 591 2127 Sirenum
605 2096 728 2127 nomine
741 2095 849 2136 rupes]
865 2095 922 2127 In-

216 2147 345 2189 telligit
359 2147 582 2187 Surrentum,
595 2147 688 2189 quod
706 2147 845 2189 quidam
857 2148 923 2180 hoc

217 2207 343 2230 nomen
360 2197 520 2230 sortitum
546 2207 567 2229 a
588 2198 766 2230 Sirenibus
794 2199 924 2239 volunt,

215 2249 270 2280 vel
295 2248 477 2280 Sirenusas
497 2248 636 2280 insulas.

216 2298 326 2330 tinum
343 2298 447 2330 Pollii
463 2308 514 2330 vs.
526 2300 561 2330 1.

258 2352 299 2380 65
326 2349 400 2381 Non
429 2348 554 2390 hospes]
586 2347 657 2381 Sed
682 2358 846 2391 perquam
873 2347 923 2381 sa·

218 2399 374 2440 minaris,
387 2410 427 2432 ac
443 2401 557 2432 socius
575 2400 667 2431 vitae.

257 2453 301 2482 66
314 2451 479 2492 Novasque
492 2450 655 2482 Pieridum
661 2449 774 2492 flores,
788 2451 924 2482 intacta-

214 2511 274 2543 que
286 2501 444 2542 carmina]
467 2502 574 2533 Forte
597 2501 728 2533 Pollius
742 2501 925 2533 invenerat

215 2561 324 2585 novos
337 2551 526 2584 carminum
540 2561 714 2591 numeros,
731 2558 767 2584 et
794 2562 814 2584 a
828 2551 924 2583 nullo

215 2603 384 2636 hactenus
415 2606 583 2635 tentatos.
636 2603 732 2635 Sicut
758 2602 923 2635 Horatius

217 2654 260 2686 de
275 2663 312 2686 se
327 2655 403 2696 ipso
414 2663 470 2686 ιιι.
485 2652 555 2686 Od.
571 2656 624 2685 30.
639 2653 649 2671 ‘
663 2655 715 2686 Ex
731 2653 850 2685 humili
863 2662 922 2695 po-

217 2710 293 2737 tens
305 2705 474 2746 Princeps
485 2704 631 2736 AEolium
644 2713 783 2736 carmen
794 2703 838 2736 ad
852 2704 922 2736 Ita·

215 2756 269 2788 los
284 2755 480 2791 Deduxisse
497 2754 641 2787 modos.’

678 2247 769 2280 Vide
783 2248 925 2280 Surren-

1021 1691 1064 1720 68
1086 1689 1182 1721 Diem
1200 1687 1335 1729 Tn'vioe]
1366 1687 1450 1720 Idus
1466 1686 1614 1729 Augusti
1631 1695 1684 1719 sa-

978 1748 1054 1771 cras
1067 1739 1203 1770 Dianae.

1020 1792 1064 1821 69
1085 1789 1310 1830 Angustasque
1322 1786 1577 1830 [Augustusque]
1592 1787 1684 1827 sores

977 1843 1159 1881 assuetaque
1171 1842 1254 1871 tecta
1267 1838 1412 1879 gravati]
1434 1838 1617 1870 Falluntur
1627 1838 1682 1870 liic

977 1890 1149 1921 Domitius
1165 1894 1200 1921 et
1216 1888 1425 1928 Gevartius3
1449 1888 1507 1919 ille
1521 1888 1612 1930 quod
1634 1889 1684 1920 le-

975 1946 1035 1982 gat
1049 1939 1226 1981 Augustas,
1248 1945 1286 1972 et
1313 1939 1487 1980 intelligat
1516 1939 1683 1980 templum

977 1992 1152 2031 Herculis,
1169 1992 1270 2033 plane
1294 1995 1415 2023 contra
1440 1995 1590 2022 mentem
1605 1989 1683 2023 Sta-

977 2043 1035 2075 tii:
1051 2043 1102 2074 ait
1116 2042 1206 2074 enim
1218 2052 1298 2074 mox
1310 2041 1423 2073 Poeta
1435 2041 1598 2073 convivas
1612 2051 1684 2074 om·

977 2102 1039 2127 nes
1055 2092 1234 2135 diffugisse
1249 2093 1286 2124 in
1309 2091 1499 2134 proximam
1523 2091 1684 2123 Herculis

978 2145 1180 2177 aediculam:
1206 2145 1295 2176 alter
1308 2153 1392 2176 vero
1405 2142 1494 2185 quod
1510 2142 1685 2184 intelligat
1737 2155 1740 2157 ·

978 2205 1040 2236 per
1056 2195 1330 2236 Augustassores‚
1345 2193 1624 2236 augustissimum
1647 2197 1684 2225 et

977 2245 1198 2286 magnificum
1229 2245 1398 2286 templum
1419 2245 1546 2277 Diauae
1570 2243 1681 2277 Arici·

977 2306 1031 2328 nae
1042 2307 1053 2336 3
1067 2306 1147 2328 nam
1158 2296 1328 2336 Surrenti,
1338 2305 1405 2328 non
1416 2295 1543 2328 Ariciae
1555 2294 1684 2328 festum

976 2347 1067 2379 diem
1080 2347 1207 2379 Triviae
1223 2346 1364 2378 duxisse
1378 2345 1466 2379 dicit
1475 2345 1598 2378 Poeta.
1613 2345 1683 2378 Sed

978 2407 1039 2438 per
1059 2397 1221 2438 Augustas
1235 2397 1325 2436 sores
1349 2395 1612 2438 intelligendum
1628 2401 1684 2427 est

977 2447 1215 2479 Surrentinum
1226 2447 1236 2478 i
1240 2451 1533 2488 psum‚augustum
1545 2451 1581 2478 et
1589 2455 1682 2488 mag-

976 2498 1114 2530 nificum
1127 2507 1226 2540 opus,
1240 2503 1278 2529 ut
1294 2497 1470 2538 colligitur
1481 2506 1524 2528 ex
1539 2495 1684 2528 Surren-

977 2549 1072 2589 tin0;
1099 2548 1191 2590 quod
1207 2547 1428 2580 confirmatur
1451 2557 1494 2578 ex
1510 2547 1684 2589 sequenti-

975 2600 1040 2632 bus
1055 2599 1183 2638 verbis,
1199 2602 1323 2631 assueta
1336 2601 1432 2638 tecta,
1453 2596 1488 2628 id
1505 2601 1572 2637 est,
1587 2600 1682 2628 tecta

976 2661 1037 2684 seu
1067 2650 1234 2692 praetoria
1261 2659 1338 2692 quoe
1364 2649 1523 2681 habitare
1548 2647 1682 2679 Pollius

976 2705 1204 2733 consueverat
1221 2712 1230 2732 :
1280 2698 1370 2731 infra
1419 2698 1511 2730 enim
1561 2697 1647 2730 dicit
1669 2708 1680 2729 ι

976 2754 986 2771 ‘
1001 2752 1165 2786 Quamvis
1180 2751 1368 2783 innumerae
1394 2747 1579 2791 gaudentia
1599 2752 1682 2780 rura
