1800 3060
240 212 327 255 210

241 318 518 370 Transvehit‚
534 319 776 360 immeritus
798 318 987 361 flammis
1007 319 1112 362 dum
1131 319 1333 362 tristibus
1352 320 1495 363 infans

240 386 461 436 Traditur,
480 391 525 427 et
543 387 751 439 gemitum
772 388 1000 441 formaque
1019 401 1202 441 aevoque
1222 392 1421 430 meretur.

239 455 366 496 Talis
384 453 428 494 in
449 454 714 495 Isthmiacos
734 455 933 509 prolatus
955 457 1010 496 ab
1032 468 1214 509 aequore
1235 460 1391 510 portus

241 521 499 575 Naufragus
520 522 734 576 imposita
746 523 894 577 jacuit
912 524 994 565 sub
1015 528 1154 565 matre
1173 523 1437 567 Palaemon:

240 589 317 631 Sic
338 594 382 631 et
401 590 446 630 in
468 590 711 646 anguiferae
733 590 957 632 ludentem
981 592 1175 644 gramine
1197 592 1353 634 Lernae

237 657 487 698 Praecisum
509 657 708 711 squamis
729 658 911 699 rabidus
932 658 1035 699 tulit
1056 658 1216 711 anguis
1238 658 1481 713 Ophelten.

237 724 360 765 Pone
381 729 539 773 metus,
560 725 725 778 letique
746 725 886 766 minas
907 725 1075 767 desiste
1099 725 1240 768 vereri
1259 739 1270 768 ε

237 791 374 832 Illum
394 804 477 832 nec
499 797 623 833 terno
644 792 826 834 latrabit
848 791 1064 835 Cerberus
1086 806 1174 843 ore,

696 262 707 266 N
746 225 786 255 P.
820 223 1013 254 PAmNu
1050 223 1215 255 s‘rA‘rn

1622 524 1707 567 180

236 923 319 952 cens,
333 916 364 944 et
378 913 492 953 dignus
507 914 642 945 omnium
664 914 811 954 lacrymis
835 914 872 945 ob
895 915 1034 946 decorem
1055 918 1085 946 et
1110 917 1244 955 aetatem,
1267 915 1410 954 injicitur
1431 916 1550 947 moestis
1565 914 1702 955 ignibus.

238 955 326 987 Talis
339 957 512 995 Palaemmr,
527 966 596 987 cum
611 956 701 996 aquis
713 956 897 997 suffocatus,
919 960 949 988 et
971 958 1109 998 repulsus
1122 967 1142 988 a
1157 958 1236 988 mari
1240 958 1358 996 fuisset
1377 959 1410 989 in
1423 962 1534 999 portus
1551 958 1701 989 Isthmia-

235 1008 297 1038 cos,
303 998 409 1038 jacuit
427 999 484 1030 sub
506 999 651 1040 imposita
674 1002 784 1030 matre.
829 999 885 1030 Sic
899 1000 1013 1039 anguis
1027 1000 1136 1031 avidus
1151 1000 1228 1031 bibit
1242 1000 1426 1041 sanguinem
1443 1001 1596 1042 Opheltae‚
1611 1010 1702 1041 quem

234 1042 370 1080 squamis
382 1045 532 1080 secuerat,
556 1044 630 1072 dum
652 1042 771 1073 luderet
793 1041 825 1072 in
851 1042 965 1081 cespite
981 1043 1092 1074 Lernoe
1112 1043 1334 1082 serpentiferoe.
1379 1044 1508 1084 Depone
1522 1047 1650 1082 metum,
1670 1046 1701 1074 ee

234 1084 339 1117 desine
354 1085 464 1116 timere
478 1084 579 1116 minas
595 1085 783 1124 Irfferorum.
830 1084 980 1116 Cerberus
994 1095 1054 1116 non
1068 1086 1228 1118 allatrabit
1240 1087 1328 1118 illum
1342 1086 1459 1129 triplici
1473 1087 1584 1124 hincm
1606 1086 1703 1117 nullae

853 1190 1095 1204 eeeeeeeeeeee

231 1277 332 1308 agger
348 1267 427 1299 edd.
443 1270 636 1300 vett.—178
660 1267 701 1298 In
717 1266 855 1298 iisdem:
873 1266 1041 1307 formaque
1061 1276 1100 1298 ac
1120 1276 1191 1298 voce
1213 1270 1364 1298 meretur.
1410 1266 1590 1299 Coi-rectio
1607 1269 1662 1299 est
1678 1276 1700 1298 a

232 1310 323 1343 Jano
351 1310 523 1342 Gulielmo
554 1310 586 1341 in
617 1311 751 1343 Quaest.
782 1310 1008 1342 Plaut.—179
1042 1308 1128 1341 Talis
1150 1309 1184 1340 in
1209 1310 1396 1341 Isthmiacos
1424 1311 1566 1351 ploratus
1602 1310 1702 1341 Rom.

230 1354 354 1386 delatus
370 1353 605 1385 Parm.—181.
631 1355 693 1384 182
718 1352 824 1384 Aldd.
850 1352 960 1384 Colin.
986 1351 1120 1394 Gryph.
1146 1354 1212 1384 διο.
1248 1352 1351 1384 sicet
1366 1353 1400 1384 in
1417 1352 1597 1391 anguiferae
1624 1353 1647 1384 1.
1660 1361 1698 1391 g.

234 1396 347 1428 Lernoe
361 1396 527 1428 Precisum
550 1396 718 1437 squammis
737 1396 847 1427 anicius
860 1395 950 1427 bibit.
995 1395 1112 1426 Parm.
1134 1394 1325 1435 augur-isera
1352 1396 1374 1427 l.
1390 1404 1428 1435 g.
1455 1395 1569 1427 Lernae
1587 1395 1696 1427 Resci-

896 1491 1038 1525 NOTAE

234 1566 321 1599 Haec
335 1572 450 1599 autem
467 1578 486 1600 a
502 1569 652 1601 Consule
673 1569 838 1601 Flaminio
854 1569 938 1611 lapi-

231 1617 333 1649 dibus
357 1621 464 1650 strata
489 1623 554 1659 est,
572 1619 615 1650 ab
632 1619 715 1650 urbe
740 1620 849 1651 Roma
877 1629 939 1660 per

229 1668 386 1700 Tusciam
414 1679 454 1701 ac
479 1669 656 1700 Umbriam
673 1668 865 1701 Ariminum
885 1679 938 1700 us-

231 1727 309 1759 que.
363 1718 489 1750 Strabo
521 1719 581 1750 lib.
614 1729 648 1751 v.
704 1719 820 1760 Prope
851 1720 938 1751 banc

230 1768 319 1800 viam
335 1769 491 1810 sepultus
507 1774 560 1801 est
576 1770 751 1802 Glaucias.
796 1770 939 1801 Martia·

230 1818 269 1850 lis
285 1819 532 1860 epigrammate
550 1830 653 1863 supra
670 1820 777 1852 citato
792 1831 799 1850 z
824 1821 835 1838 ‘
859 1819 936 1851 Hoc

228 1869 292 1900 sub
342 1880 510 1901 marmore
558 1870 720 1902 Glaucias
766 1870 937 1909 humatus,

227 1919 356 1952 Juncto
395 1920 571 1952 Flaminiae
611 1920 709 1960 jacet
752 1919 935 1962 sepulcro.'

229 1970 374 2002 Constat
387 1970 476 2002 enim
491 1971 649 2010 sepulcra
660 1976 815 2002 veterum
827 1980 936 2011 prope

227 2019 386 2061 publicas
418 2020 487 2052 vias
512 2019 639 2059 fuisse3
664 2020 752 2052 ratio
781 2030 873 2061 vero,
899 2025 937 2052 ut

229 2074 478 2112 praetereuntes
520 2071 736 2102 mortalitatis
775 2070 935 2102 admone-

226 2126 361 2152 rentur.
388 2121 529 2152 Mulvius
543 2120 657 2161 agger]
679 2121 826 2153 Pontem
845 2121 934 2152 Mul·

229 2172 318 2205 vium
335 2173 509 2214 intelligit.

271 2226 334 2256 178
374 2222 551 2264 Gemitum]
596 2222 758 2255 Omnium
796 2222 933 2254 scilicet

227 2274 472 2314 spectantium.

271 2327 334 2356 179
359 2324 462 2365 Talis]
485 2324 652 2365 Exempla
678 2323 781 2355 sumit
809 2333 829 2355 a
852 2333 933 2364 pue-

227 2375 274 2405 ris
291 2375 325 2405 in
338 2375 446 2415 prima
457 2379 563 2406 aetate
575 2374 694 2416 raptis,
705 2374 824 2416 quales
835 2373 932 2406 fuere

225 2425 401 2456 Palaemon
429 2430 464 2457 et
500 2425 741 2457 Archemorus.
786 2425 932 2457 Isthmia-

225 2485 276 2507 cos
289 2475 412 2516 portus]
435 2476 630 2517 Lechaeum,
645 2475 688 2507 ad
703 2475 795 2517 quod
810 2484 933 2516 corpus

226 2527 433 2558 Palaemonis
463 2526 623 2558 fluctibus
654 2526 756 2558 maris
786 2526 933 2557 relatum

226 2582 293 2610 est.
327 2576 527 2616 Isthmiacos]
552 2576 641 2609 Quia
658 2576 840 2608 Lechaeum
857 2584 933 2616 por-

226 2632 281 2659 tus
299 2631 351 2659 est
366 2627 521 2659 Corinthi
538 2627 581 2658 ad
602 2626 711 2658 sinum
738 2627 935 2668 Cryssaeum

227 2677 299 2710 sive
315 2676 583 2715 Corinthiacum,
601 2677 658 2717 qui
675 2676 842 2708 Isthmum
867 2676 934 2706 Pe·

224 2727 406 2769 loponnesi
418 2727 461 2759 ad
476 2727 690 2760 occidentem
710 2727 818 2759 alluit.
845 2727 935 2758 Nam

227 2779 315 2812 alter
341 2782 477 2820 portus,
506 2778 564 2820 qui
594 2778 670 2810 sinu
701 2777 864 2810 Saronico
892 2777 934 2810 ab

993 1568 1125 1600 oriente
1145 1567 1296 1607 alluitur,
1324 1571 1467 1599 vocatur
1497 1565 1699 1599 Cenchreae-⁴

993 1619 1084 1651 Hinc
1099 1620 1109 1637 ⁴
1125 1618 1307 1651 Lechaeum
1328 1618 1576 1650 Palaemonium
1588 1617 1598 1633 '
1613 1618 1701 1650 dici·

991 1673 1047 1701 tur
1064 1669 1212 1710 Papinio
1227 1669 1333 1701 Theb.
1350 1678 1390 1701 ιι.
1424 1672 1434 1686 ¹
1450 1668 1615 1709 Irataque
1631 1672 1701 1701 ter.

991 1729 1038 1751 rae
1055 1719 1170 1751 Curva
1185 1719 1397 1751 Palaemonio
1411 1718 1598 1751 secluditur
1607 1719 1700 1752 unda

993 1768 1162 1800 Lechaeoss

1034 1821 1097 1850 180
1117 1819 1293 1860 Paloemon]
1310 1819 1482 1850 Palaemon
1493 1818 1700 1851 filiurAtha-

990 1869 1113 1900 mantis
1140 1873 1177 1900 et
1202 1868 1299 1908 Inus,
1322 1878 1398 1910 quae
1421 1878 1499 1900 cum
1524 1867 1698 1901 furentem

991 1917 1235 1950 Athamantem
1262 1917 1411 1959 videret,
1437 1923 1531 1951 metu
1556 1928 1592 1950 se
1618 1928 1697 1951 cum

988 1967 1060 1999 filio
1093 1968 1290 2000 Palaemone
1327 1968 1362 2000 in
1400 1978 1491 2000 mare
1540 1968 1697 2010 projecit.

991 2018 1086 2050 Vide
1110 2018 1216 2051 Theb.
1237 2027 1264 2051 1.
1288 2021 1341 2051 14.
1385 2018 1451 2050 Sub
1474 2019 1592 2059 matre]
1615 2019 1694 2051 Ino-

990 2076 1044 2099 ne.

1032 2121 1092 2150 181
1117 2118 1307 2160 Aug-uisere
1336 2118 1466 2156 Lernae]
1492 2120 1606 2152 Lerna
1634 2130 1696 2162 pa·

988 2169 1040 2200 lus
1056 2173 1093 2201 et
1113 2169 1194 2201 urbs
1210 2169 1397 2211 Argolidis.
1442 2169 1512 2202 Hic
1529 2180 1612 2202 vero
1634 2180 1697 2212 per

987 2220 1134 2252 Lernam
1166 2220 1330 2262 intelligit
1354 2230 1472 2261 agrum
1502 2221 1695 2253 Lernaeum.

986 2271 1124 2302 Dicitur
1131 2272 1292 2312 unguifer,
1303 2272 1355 2304 vel
1367 2276 1511 2314 propter
1524 2271 1694 2314 Hydram,

986 2330 1086 2363 quam
1101 2322 1248 2354 occcidit
1273 2322 1458 2363 Hercules,
1474 2322 1528 2355 vel
1550 2327 1696 2364 propter

988 2380 1147 2412 anguem,
1158 2372 1216 2414 qui
1229 2373 1406 2413 parvulum
1420 2373 1548 2405 occidit
1563 2373 1694 2405 Arche-

987 2432 1131 2454 morum.
1175 2423 1347 2456 Ludentem
1372 2425 1540 2466 Ophelten]
1563 2424 1695 2456 Arche-

987 2482 1133 2511 morum,
1163 2474 1258 2515 cujus
1284 2474 1428 2506 historia
1454 2484 1620 2516 casusque
1643 2485 1696 2507 re-

988 2522 1101 2554 fertur
1114 2522 1224 2555 Theb.
1242 2533 1276 2555 v.
1321 2523 1363 2555 In
1386 2524 1451 2556 hoc
1474 2528 1587 2556 tamen
1603 2525 1693 2558 libro

987 2580 1055 2604 non
1070 2581 1198 2613 morsu,
1213 2572 1273 2605 sed
1289 2573 1362 2605 ictu
1384 2573 1504 2606 caudae
1519 2575 1692 2614 serpentis

989 2623 1131 2665 periisse
1147 2622 1392 2655 Archemorum
1409 2622 1518 2656 refert
1533 2624 1655 2657 Poeta.

1031 2676 1093 2706 184
1119 2673 1286 2714 Cerberus]
1306 2673 1475 2705 Cerberus
1487 2673 1579 2705 canis
1592 2683 1694 2706 aceu-

988 2724 1071 2756 bans
1099 2728 1209 2766 portae
1240 2723 1441 2756 Inferorum.
1489 2724 1589 2756 Temo
1621 2724 1692 2766 ore]

989 2775 1160 2809 Cerberus
1178 2775 1267 2809 enim
1283 2774 1431 2808 habebat
1447 2774 1513 2807 tria
1527 2775 1652 2817 capita.
