1800 3060
210 200 293 242 190

705 211 743 242 P.
778 212 970 243 PAPan
1005 213 1172 244 S'rATll

209 307 391 358 Affluat,
412 309 490 349 aut
510 306 649 362 sylvis
669 307 819 363 chelys
838 309 1079 361 intellecta,
1108 310 1320 365 ferisque,

208 375 410 417 Mulceat
427 375 609 416 insanos
629 375 818 428 gemitus
836 390 845 418 :
866 380 955 418 stat
974 382 1153 430 pectore
1173 378 1353 419 demens

208 443 396 494 Luctus,
419 449 464 485 et
484 443 666 485 admoto
686 443 847 485 latrant
867 445 1113 498 praecordia
1133 450 1272 487 tactu.

211 511 357 553 Nemo
377 514 517 561 vetat,
539 512 703 553 satiare
723 513 882 562 malis;
906 525 1159 567 aegrumque
1181 513 1374 555 dolorem

209 579 437 620 Libertate
459 579 612 621 doma:
625 580 720 635 jam
740 579 874 621 flendi
896 581 1079 635 expleta
1098 581 1340 634 voluptas?

1612 583 1669 624 15

207 645 237 688 J
241 660 368 689 amne
391 659 545 700 preces
565 647 710 689 fessus
731 661 822 689 non
841 649 1083 702 indignaris
1106 650 1306 691 amicas?

206 714 235 755 J
239 727 365 755 amne
387 715 575 756 canam?
597 715 804 770 lacrymis
825 729 877 756 en
897 720 940 758 et
958 729 1058 758 mea
1078 717 1273 758 carmina
1292 717 1337 758 in
1357 717 1461 772 ipso

208 781 299 823 Ore
319 785 488 831 natant,
507 783 746 837 tristesque
769 784 932 825 cadunt
951 784 996 825 in
1015 785 1152 826 verba
1171 785 1337 827 liturae.

206 850 314 904 Ipse
333 851 490 892 etenim
510 855 659 892 tecum
677 852 815 904 nigrae
837 852 1038 894 solennia
1057 865 1252 906 pompae,

206 919 563 974 Spectatumque
583 920 679 960 urbi
696 920 858 971 scelus,
880 925 927 961 et
947 920 1114 974 puerile
1135 919 1341 962 feretrum

1611 889 1676 963 20v

199 985 427 1037 ,Produxiz
451 991 496 1028 et
515 1000 662 1029 saevos
683 987 879 1029 damnati
901 987 1038 1029 thuris
1060 1000 1264 1038 acervos,

205 1053 544 1109 plorantemque
564 1055 757 1096 animam
777 1067 911 1110 supra
933 1067 1017 1097 sua
1034 1055 1188 1096 funera
1205 1053 1298 1097 vidi
1319 1067 1330 1095 :

201 1178 376 1217 puellarum
391 1177 580 1217 Sicularum,
600 1180 654 1208 aut
681 1177 750 1218 lyra
770 1177 930 1209 intellecta
945 1176 1119 1209 nemoribus
1133 1181 1164 1208 et
1181 1175 1296 1216 bestiis,
1309 1181 1411 1217 posset
1426 1177 1522 1209 lenire
1535 1179 1605 1208 tuos
1619 1175 1669 1207 in-

200 1224 313 1259 gentes
325 1221 473 1261 gemitus.
520 1220 655 1252 Insanus
668 1220 853 1262 dolor-fixus
868 1223 915 1251 est
929 1221 963 1251 in
977 1223 1116 1260 pectore,
1137 1223 1169 1251 et
1191 1230 1243 1251 cor·
1257 1220 1393 1251 sentitur
1406 1220 1530 1252 concuti
1543 1220 1668 1251 admota

204 1273 310 1295 manu.
357 1263 470 1294 Nullus
489 1263 646 1304 prohibet.
690 1262 844 1295 Saturam
869 1263 1036 1303 doloribus,
1063 1266 1095 1294 et
1119 1262 1230 1302 subige
1254 1272 1375 1302 aegrum
1399 1264 1515 1294 luctum
1538 1261 1668 1294 licentia

201 1306 356 1346 plorandi.
402 1307 495 1338 Nunc
509 1307 651 1346 voluptas
666 1305 772 1347 flendi
788 1306 946 1338 exsatiata
969 1309 1037 1337 est?
1060 1305 1192 1337 Nuncne
1210 1305 1386 1346 fatigatus,
1410 1316 1472 1337 non
1486 1303 1670 1346 aspernaris

201 1358 308 1389 preces
323 1349 515 1381 amicorum?
536 1349 671 1380 Num-ne
688 1352 818 1381 canum?
842 1349 895 1380 En
914 1352 945 1380 et
967 1349 1028 1380 mei
1050 1358 1155 1380 versus
1175 1351 1286 1379 natant
1300 1349 1388 1389 copia
1404 1349 1610 1390 lacrymarum
1633 1347 1669 1379 in

204 1391 272 1432 ipso
286 1402 351 1433 ore,
364 1396 395 1423 et
410 1393 474 1423 illae
488 1393 630 1423 cadentes
645 1393 747 1423 delent
772 1402 840 1423 mea
863 1392 994 1432 scripta.
1039 1391 1112 1432 Ipse
1135 1391 1249 1422 etenim
1271 1394 1454 1431 prosecutus
1479 1401 1547 1422 sum
1568 1394 1668 1422 tecum

204 1435 342 1466 solennia
355 1435 504 1474 funebris
526 1445 658 1476 pompoe,
682 1438 714 1467 et
737 1434 827 1475 pueri
848 1435 1004 1475 capulum,
1018 1437 1212 1475 conspectum
1226 1433 1296 1465 urbi
1309 1434 1438 1474 crimen,
1453 1438 1484 1465 et
1499 1433 1607 1474 aspexi
1621 1433 1668 1463 in-

202 1481 317 1517 gentes
329 1479 465 1510 cumulos
480 1478 582 1510 thuris
597 1479 717 1510 addicti
723 1477 880 1519 flammis,
895 1480 926 1509 et
932 1476 1064 1518 flentem
1078 1477 1215 1509 aninum
1229 1486 1323 1518 supra
1339 1478 1486 1519 proprias
1508 1476 1667 1518 exequias.

821 1567 1064 1581 mmo

204 1644 348 1667 mannus
369 1633 411 1665 ad
432 1634 510 1666 Val.
534 1634 628 1666 Flac.
646 1643 699 1666 vr.
725 1633 812 1666 34⁷!
834 1634 1044 1665 Markl.—13
1068 1631 1192 1664 Heius.
1219 1632 1263 1665 ad
1289 1632 1393 1666 Ovid.
1410 1633 1519 1666 Trist.
1534 1642 1575 1666 11.
1591 1635 1670 1665 459.

204 1688 266 1719 pro
293 1679 413 1709 latrant
435 1678 565 1710 mavult
590 1678 722 1709 latrans.
767 1676 836 1708 Sed
864 1675 910 1708 cf.
933 1675 1039 1708 Theb.
1067 1685 1107 1707 11.
1135 1678 1210 1708 337.
1237 1676 1360 1708 lucrant
1375 1677 1502 1708 Venet.
1518 1679 1549 1708 1.
1578 1676 1667 1708 unde

203 1720 329 1752 Mar-kl.
345 1721 436 1762 conj.
454 1722 605 1761 lacerant,
620 1721 695 1752 scil.
717 1721 928 1751 luctus.—18
949 1719 958 1736 ‘
975 1719 1052 1750 Non
1069 1728 1153 1759 opus
1169 1724 1223 1750 est
1238 1725 1277 1750 ut
1292 1719 1443 1760 legamus
1463 1721 1589 1751 madent
1605 1729 1668 1760 pro

203 1767 336 1802 ποταπὴ
359 1764 497 1795 tametsi
519 1764 583 1795 hac
607 1763 722 1804 phrasi
749 1772 844 1803 saepe
868 1766 985 1794 utatur
1000 1761 1156 1793 Statius)
1179 1762 1387 1794 Madet—19
1409 1763 1535 1794 Venet.
1552 1763 1668 1794 Parin.

203 1812 240 1838 et
256 1807 354 1839 Rom.
365 1808 469 1847 nigrae
482 1807 594 1838 solatia
607 1808 829 1847 pompm-22
854 1805 1076 1846 Ploratamque
1092 1804 1314 1846 conjecerunt
1329 1806 1522 1846 Scaliger-us
1536 1811 1572 1837 et
1589 1805 1667 1837 Lin-

868 1893 1010 1926 NOTAE

203 1965 338 2006 derent,
357 1965 573 2006 impatientia
595 1965 735 2003 doloris,
753 1964 789 1996 in
814 1973 908 1996 mare
964 1972 1098 2005 quoque
1123 1962 1234 1994 literae
1264 1965 1368 1993 testes
1395 1965 1488 2002 sunt,
1515 1971 1600 2004 quas
1629 1967 1665 1994 tu

200 2015 402 2056 praecipites
417 2025 454 2046 se
471 2020 629 2056 egerunt.
962 2012 1122 2054 lacrymis
1136 2012 1250 2044 cernis
1266 2012 1464 2044 interlitas!

247 2069 286 2097 11
311 2065 419 2107 Sylvis
441 2066 547 2107 chelys
567 2066 740 2106 intellecta,
748 2065 908 2107 ferisque]

201 2116 372 2158 Intelligit
387 2117 494 2158 lyram
520 2116 663 2157 Orphei,
678 2126 776 2158 quam
792 2117 905 2158 sylvas

200 2165 361 2209 ferasque
377 2167 523 2198 traxisse
537 2166 749 2198 fabulantur.

245 2220 285 2249 13
307 2219 443 2250 Admota
468 2219 586 2250 latrant
604 2218 780 2259 precordia
802 2217 905 2259 tactu]

200 2269 242 2301 In
271 2270 466 2301 vehementi
494 2269 584 2301 enim
614 2270 732 2301 dolore
759 2269 906 2301 maxime

201 2329 271 2360 cor,
285 2330 325 2353 ae
342 2325 461 2362 pectus
475 2321 728 2353 concutiuntur.

246 2373 285 2402 15
329 2372 405 2403 Jam
436 2371 542 2412 flendi
582 2372 707 2412 expleta
745 2369 902 2411 voluptas]

199 2421 371 2453 Convenit
396 2421 501 2453 illud:
525 2423 534 2439 ‘
551 2422 615 2453 Est
637 2421 791 2464 quaedam
818 2420 903 2453 flere

201 2471 382 2513 voluptas!
427 2471 559 2503 Plinius
587 2471 647 2504 lib.
680 2480 761 2504 vm.
791 2471 903 2511 Epist.

201 2525 255 2555 16.
300 2522 310 2539 ‘
335 2522 400 2553 Est
438 2522 594 2563 quaedam
630 2521 736 2553 etiam
765 2520 903 2553 dolendi

199 2573 372 2614 voluptas,
386 2572 576 2614 praesertim
599 2572 627 2604 si
653 2573 686 2603 in
705 2572 806 2604 amici
830 2571 904 2603 sinu

198 2621 352 2655 defleas!
411 2623 578 2654 Dolorum
627 2623 716 2654 enim
750 2623 905 2655 levamen

198 2674 323 2705 luctus.

244 2727 285 2756 18
311 2725 435 2756 Cadunt
449 2724 483 2755 in
504 2723 596 2755 verba
611 2723 734 2764 liturae]
757 2724 801 2755 D.
820 2723 905 2755 Hie-

199 2783 362 2816 ronymus
379 2775 442 2816 Ep.
458 2774 499 2806 ad
516 2773 740 2807 Heliodorum
758 2785 767 2806 ς
792 2775 802 2792 ‘
822 2774 903 2806 Istae

1003 2067 1046 2096 20
1068 2064 1307 2105 spectatumque
1330 2063 1401 2095 urbi
1429 2063 1543 2104 scelus]
1577 2065 1665 2096 ‘ran-

962 2125 1061 2157 quam
1092 2115 1137 2146 sit
1166 2115 1294 2146 crimen
1321 2113 1482 2154 fatorum,
1509 2124 1549 2146 ac
1574 2115 1667 2147 Deo-

960 2174 1047 2205 rum,
1063 2164 1128 2207 (sic
1157 2164 1383 2206 loquebantur
1397 2163 1561 2205 veteres,)
1574 2165 1665 2196 hunc

960 2226 1103 2257 puerum
1119 2219 1189 2247 tam
1204 2216 1388 2247 immatura
1402 2225 1442 2247 ac
1456 2215 1562 2247 celeri
1576 2225 1666 2248 mor·

961 2270 996 2298 te
1013 2270 1150 2307 raptum
1166 2265 1285 2297 fuisse.

1001 2320 1040 2349 21
1066 2317 1229 2358 Produxi]
1245 2318 1434 2357 Produeere,
1447 2317 1664 2359 exequiarum

958 2368 1112 2400 verbum.
1157 2369 1214 2400 Sic
1232 2368 1359 2399 Noster
1373 2368 1479 2399 Theb.
1493 2377 1547 2400 vr.
1583 2369 1594 2386 ‘
1609 2368 1664 2400 ‘ri-

959 2419 1029 2459 bia,
1058 2419 1114 2451 cui
1145 2424 1284 2451 teneros
1307 2422 1441 2449 suetum
1472 2417 1664 2458 producere

957 2479 1072 2501 manes
1102 2470 1193 2509 Lege
1225 2468 1398 2509 Phrygum
1427 2467 1574 2499 moesta.'
1617 2469 1664 2500 Et

958 2519 1120 2560 Virgilius
1151 2518 1285 2551 AEneid.
1311 2527 1367 2550 η.
1411 2519 1421 2536 ‘
1440 2518 1517 2550 Nec
1542 2523 1578 2550 te
1603 2523 1663 2550 tua

956 2570 1077 2603 funera
1099 2573 1210 2601 mater
1226 2569 1392 2609 Produxi,
1409 2568 1562 2610 pressive
1583 2579 1663 2600 ocu-

957 2621 1032 2652 los!
1074 2620 1120 2651 Et
1134 2629 1230 2651 saeeos
1244 2619 1384 2651 damnati
1406 2619 1508 2650 thuris
1521 2618 1661 2660 acervos]

958 2671 1011 2702 Ex
1041 2678 1147 2709 more,
1175 2678 1244 2711 quo
1275 2669 1365 2709 thus,
1393 2673 1430 2700 et
1459 2669 1662 2710 pretiosiora

959 2726 1109 2755 aromata
1124 2721 1367 2762 injiciebantur
1382 2729 1480 2762 rogo,
1504 2725 1543 2752 ut
1568 2720 1663 2752 vide-

958 2773 1069 2805 bimus
1087 2771 1187 2805 infra.
