1800 3060
185 172 269 214 152
681 186 723 217 P.
758 185 948 218 PAP1N11
982 187 1159 219 s'rA'ru·

188 278 304 320 Nam
324 292 469 333 neque
489 279 727 334 plebeiam,
748 286 824 324 aut
844 283 1002 325 dextro
1024 284 1119 326 sine
1141 285 1318 327 numine
1339 278 1503 329 cretam

183 347 323 388 Servo
345 348 559 390 animam:
591 353 726 403 atque
743 350 873 400 adeo,
894 351 1098 402 breviter,
1120 352 1222 394 dum
1245 358 1366 396 tecta
1385 356 1603 407 subimus,

181 414 461 468 Expediam:
493 429 631 469 genus
651 417 750 470 ipse
767 417 877 467 suis,
897 419 1219 474 praemissaque
1238 426 1356 464 retro

184 482 435 523 Nobilitas:
466 495 549 524 nec
571 484 694 536 origo
715 484 839 534 latet,
862 485 940 526 sed
961 486 1059 527 luce
1079 492 1288 541 sequente

183 549 410 598 Vincitur,
430 555 475 591 et
494 563 654 604 magno
674 550 841 603 gaudet
861 553 1056 594 cessisse
1075 556 1241 608 nepoti.
1585 559 1642 605 70

183 616 336 659 Prima
354 622 469 672 togae
488 618 630 659 virtus
645 632 658 659 :-
687 618 764 659 illa
783 631 962 672 quoque
979 620 1139 671 clarus,
1160 626 1204 663 et
1222 622 1379 677 ingens

183 684 401 739 Eloquio:
431 698 541 727 mox
562 685 801 726 innumeris
821 687 1016 728 exercita
1037 688 1208 740 castris,

184 752 426 803 Occiduas,
447 753 700 807 primasque
722 754 896 804 domos,
917 758 959 796 et
978 756 1074 796 sole
1095 758 1178 798 sub
1199 758 1317 800 omni

184 819 436 862 Promeruit
449 820 603 875 jurata
623 833 777 862 manus
797 835 882 863 nec
902 822 948 863 in
970 823 1064 864 otia
1080 825 1208 877 pacis
1662 872 1665 874 ,

182 886 457 929 Permissum
477 887 632 930 laxare
651 888 836 939 animos,
856 888 1104 943 ferrumque
1125 892 1298 946 recingi.
1585 897 1643 939 75

183 953 322 996 Hunc
342 955 525 997 Galatia
542 956 699 1008 vigens
718 969 830 998 ausa
849 962 918 998 est
936 957 1155 1001 incessere
1174 960 1292 1002 bello
1312 974 1323 1002 ε

183 1075 268 1107 babit
287 1076 344 1108 has
357 1081 454 1109 ortes.
501 1078 576 1108 Non
599 1079 681 1109 enim
699 1088 786 1110 sen-o
802 1079 936 1110 animam
951 1080 1123 1120 vulgarem,
1146 1084 1202 1112 aut
1225 1084 1329 1112 ortam
1352 1081 1422 1113 sine
1437 1081 1550 1118 sonore
1564 1081 1641 1114 Dei.

181 1117 288 1159 Atque
300 1130 382 1151 nunc
396 1121 531 1159 reserom
547 1121 606 1152 tibi
622 1121 757 1152 breviter
771 1122 841 1162 quis
853 1123 910 1162 sit,
923 1123 997 1154 dum
1010 1124 1163 1154 intramus
1176 1125 1258 1155 oedes
1271 1124 1349 1162 ejus.
1393 1125 1464 1165 Ipse
1475 1134 1544 1156 suos
1555 1125 1642 1156 illus-

181 1162 261 1193 trat.
309 1163 422 1202 Origo,
437 1167 467 1195 et
482 1162 629 1195 nobilitas
642 1166 792 1205 majorum
805 1174 867 1196 non
883 1168 929 1196 est
943 1165 1119 1205 incognita,
1133 1167 1186 1197 sed
1210 1166 1347 1198 vincitur
1359 1177 1380 1198 α
1403 1167 1518 1199 lumine
1539 1177 1642 1199 succe-

180 1204 285 1243 dente,
301 1208 333 1236 et
347 1206 476 1237 laetotur
488 1207 593 1238 cedere
617 1217 670 1238 suo
693 1207 818 1246 ingenti
839 1208 954 1248 nepoti.
998 1208 1130 1240 Primus
1155 1209 1250 1240 honos
1269 1218 1310 1240 ex
1334 1213 1421 1250 toga,
1445 1210 1479 1241 in
1503 1220 1562 1251 quo
1585 1220 1642 1242 cua

172 1246 327 1283 facundia
342 1248 468 1280 enituit.
514 1249 596 1280 Mox
610 1249 755 1281 addictus
774 1253 968 1281 sacramento
983 1251 1118 1291 militioe,
1141 1252 1255 1283 meruit
1278 1252 1447 1284 innumeris
1468 1253 1642 1294 expeditio-

181 1289 286 1328 nibus,
297 1301 356 1331 per
373 1291 517 1322 Orientis
530 1302 566 1323 ac
585 1292 766 1323 Occidentis
780 1296 912 1331 tracturi,
928 1296 959 1324 et
971 1293 1005 1324 in
1028 1295 1112 1325 omni
1126 1295 1260 1334 regione.
1306 1295 1375 1326 Nec
1390 1296 1418 1326 ei
1433 1296 1522 1327 licuit
1533 1296 1641 1327 remic-

181 1334 247 1364 tere
261 1334 399 1365 animum
414 1335 447 1365 in
461 1335 611 1366 desidiam
622 1336 722 1376 pacis,
737 1339 768 1367 et
782 1336 930 1376 deponere
943 1345 1055 1367 ensem.
1098 1338 1248 1369 Animosa
1265 1337 1396 1370 Galatia
1409 1348 1485 1370 aueo
1498 1341 1546 1371 est
1559 1338 1641 1371 hune

794 1421 1028 1434 ‘omnm

181 1478 310 1511 Markl.
325 1479 386 1512 sed
401 1479 467 1511 hoc
482 1480 583 1522 longe
598 1484 701 1512 antea
716 1480 862 1513 dederat
876 1481 1108 1523 Lindenbrog.
1125 1491 1168 1513 ex
1183 1482 1302 1514 codice
1318 1482 1489 1516 Pan—68
1503 1484 1513 1503 ‘
1525 1484 1639 1516 Etiam

179 1522 254 1554 haec
270 1523 376 1554 verba
390 1523 552 1555 mendosa
566 1529 656 1556 sunt.
702 1525 779 1556 Non
795 1525 884 1556 enim
906 1523 1008 1556 effato
1032 1525 1230 1566 conspirant
1255 1527 1446 1568 sequentia,
1468 1537 1543 1568 quae
1568 1536 1637 1559 non

179 1564 334 1606 incipere
350 1566 393 1597 ab
420 1567 484 1598 hoc
509 1567 643 1599 homine
666 1567 879 1599 nobilitatem
905 1566 1046 1599 familiae
1072 1568 1164 1600 clare
1189 1567 1354 1600 indicant.
1397 1569 1487 1602 Sane
1511 1570 1539 1603 ai
1565 1569 1639 1610 ipse

179 1609 249 1639 suis
265 1618 370 1649 genus
385 1609 531 1648 dicatur,
554 1609 722 1649 ignobiles
747 1619 873 1651 genere
897 1609 1037 1642 fuerunt
1062 1614 1142 1642 ante
1167 1611 1278 1652 ipsum
1305 1611 1360 1643 avi
1387 1611 1504 1654 ipsius.
1547 1612 1640 1645 Scri·

181 1650 277 1682 bam:
297 1661 397 1691 genus
418 1653 480 1693 ipsi
505 1653 630 1693 ingens,
651 1654 705 1684 vel
726 1663 824 1693 genus
848 1653 980 1685 illmtre.
1026 1652 1117 1684 Illud
1142 1657 1271 1694 tamen,
1294 1663 1395 1696 quam
1421 1655 1486 1687 hoc
1512 1655 1641 1688 malim.

178 1693 215 1726 Si
232 1703 314 1725 vero
327 1696 419 1726 decus
435 1696 550 1737 legere
564 1696 737 1735 malueris,
759 1706 879 1728 cursus
892 1697 1054 1728 orationis
1069 1697 1170 1737 longe
1191 1706 1268 1728 meo
1283 1697 1396 1729 animo
1411 1698 1478 1730 erit
1492 1697 1641 1731 facilior.

178 1736 216 1768 Si
232 1741 344 1769 tamen
373 1739 542 1780 vulgatam
568 1739 753 1770 lectionem
777 1739 1062 1780 interpretatione
1089 1748 1251 1780 congrua,
1272 1739 1496 1781 sequentibus
1523 1740 1638 1772 verbis

180 1780 256 1821 quis
272 1781 457 1813 conciliare
472 1787 508 1814 et
524 1781 700 1822 applicare
717 1782 879 1822 potuerit,
901 1792 977 1813 cnm
993 1792 1034 1814 eo
1054 1791 1123 1812 non
1145 1781 1412 1814 alternabimur?
1436 1783 1637 1816 Barth—⁷1

181 1823 296 1855 Prima
309 1826 393 1864 togae
406 1825 508 1856 virtus
522 1825 571 1855 illi
583 1834 701 1865 quoqne
715 1824 948 1866 Lindenbrog.
969 1835 1012 1856 ex
1028 1824 1149 1856 codice
1166 1825 1247 1856 Par.
1264 1834 1409 1866 eumque
1431 1826 1540 1858 secuti
1560 1830 1642 1858 suut

182 1865 286 1897 Cruc.
303 1870 339 1897 et
353 1868 475 1899 Barth.
488 1871 524 1899 et
539 1868 588 1898 sic
604 1873 658 1899 est
670 1868 775 1899 etiam
791 1868 824 1898 in
842 1868 965 1899 Venet.
982 1870 1013 1899 1.
1036 1868 1089 1898 ille
1112 1877 1229 1908 quoque
1249 1866 1366 1899 Parm.
1389 1868 1499 1908 lingua
1523 1878 1640 1909 quoque

181 1908 270 1947 conj.
285 1909 411 1942 Markl.
433 1920 551 1952 quaque
565 1911 667 1942 clarus
681 1911 737 1943 ed.
753 1915 822 1942 vet.
838 1910 1183 1951 Lindenbrogii.—74
1205 1910 1388 1942 Pei-meruit
1401 1910 1516 1949 jurata
1529 1921 1638 1943 nimus

180 1950 288 1982 Aldd.
315 1952 426 1984 Colin.
455 1953 587 1994 Gr'yph.
618 1955 683 1984 &c.
728 1953 905 1985 Permetuit
939 1953 1040 1986 codd.
1069 1952 1228 1991 Domitii,
1249 1952 1307 1994 qui
1336 1953 1370 1984 in
1400 1953 1500 1986 Rom.
1527 1953 1639 1985 edidit

179 1994 372 2034 Promeruit,
396 2005 495 2036 qnam
512 1996 797 2034 emendationem,
820 1996 914 2038 quasi
929 2005 1034 2035 snam,
1056 1994 1163 2026 refert
1178 1995 1414 2028 Marklandus.
1459 1996 1639 2028 Pei-meruit

178 2037 294 2068 duroto
308 2047 416 2069 mnus
430 2038 605 2070 Gebhard.
623 2038 683 2070 lib.
697 2047 755 2070 111.
772 2048 848 2079 cap.
861 2041 914 2070 27.
932 2039 1097 2079 probante
1109 2038 1262 2076 Barssrio,
1277 2037 1493 2078 improbante
1508 2039 1637 2070 Markl.

179 2082 263 2111 ——75
288 2080 377 2112 Edd.
391 2086 476 2113 vett.
491 2080 672 2122 ferrumque
685 2081 804 2121 retingi
816 2093 827 2113 .-
849 2082 995 2114 mutavit
1010 2080 1274 2113 Barthius.—76
1288 2080 1473 2114 Edd-vett.
1489 2082 1637 2115 Galatea.

837 2166 979 2198 NOTAE

221 2234 266 2264 66
289 2230 463 2272 plebeiam]
486 2230 577 2262 Vide
592 2220 695 2272 snpra
708 2229 806 2262 initio
818 2231 875 2262 hu·
932 2230 1112 2262 Orientem
1129 2233 1165 2262 et
1180 2229 1408 2262 Occidentem
1425 2230 1549 2263 inanit.

174 2283 426 2325 juscelibelli„
984 2283 1027 2312 74
1052 2278 1247 2319 Promemit]
1284 2280 1327 2312 Id
1357 2285 1423 2320 est,
1451 2280 1634 2312 militavit:

221 2336 263 2365 68
286 2331 479 2374 Expediom]
501 2332 642 2373 Supple,
659 2332 732 2373 quis
749 2332 794 2364 sit
808 2331 877 2362 Ru·
933 2331 943 2348 ‘
957 2340 1089 2362 merere
1105 2330 1113 2342 ’
1136 2331 1228 2362 enim
1245 2330 1390 2367 verbum
1400 2329 1558 2371 militare,
1573 2339 1634 2361 nn-

178 2383 286 2424 tilius,
312 2394 413 2425 qnem
440 2387 595 2415 sanatum
622 2383 722 2423 imus,
750 2387 787 2414 et
811 2391 878 2424 qno
933 2381 977 2413 de
1001 2380 1183 2412 ‘emeriti.’

177 2445 307 2477 genere
321 2436 366 2467 sit
380 2439 487 2467 ortus.
974 2430 1108 2471 Jurata]
1133 2429 1176 2462 Id
1205 2433 1272 2470 est,
1302 2433 1518 2462 sacramento
1546 2430 1635 2462 mili-

219 2488 263 2518 70
287 2486 420 2527 Nepoti]
444 2487 573 2518 Rutilio
591 2486 739 2519 Gallico.
933 2482 1004 2515 tiae.

219 2539 260 2569 71
279 2537 391 2568 Prima
406 2539 487 2575 togoe
496 2537 613 2578 virtus]
630 2537 718 2570 Quia
734 2536 878 2578 primum
974 2535 1014 2564 75
1041 2532 1231 2572 Ferrumque
1243 2530 1378 2572 νει-ἐπεί]
1411 2530 1453 2562 Id
1478 2535 1543 2572 est,
1575 2532 1634 2565 de·

175 2587 251 2619 foro
266 2596 407 2628 operam
425 2587 568 2618 dederat
583 2587 749 2620 Gallicus.
931 2591 1060 2625 ponere
1082 2581 1224 2620 ferrum,
1245 2586 1282 2613 et
1309 2581 1481 2612 baltheum
1508 2581 1634 2614 discin-

219 2641 263 2670 ⁷3
288 2638 642 2679 Occiduas‚primasque
657 2637 775 2678 domos]
790 2637 875 2679 Snp-
933 2643 1026 2674 gere.
1085 2631 1234 2665 Quidam
1259 2631 1396 2663 codices
1425 2630 1555 2664 habent
1583 2642 1633 2665 re-

177 2690 234 2731 ple
250 2689 451 2730 particulam
465 2698 522 2729 per-
532 2699 544 2725 ;
566 2698 621 2728 per
642 2689 793 2728 occiduas,
811 2687 877 2728 μή.
929 2684 1025 2724 tingi.

175 2749 297 2781 nmque
324 2740 438 2771 domos.
485 2738 561 2770 Hoc
586 2738 748 2780 loquendi
774 2731 875 2770 modo
973 2737 1016 2766 76
1041 2731 1187 2773 Galatia]
1209 2730 1350 2764 Galatia
1366 2740 1427 2764 seu
1442 2731 1632 2774 Gallograe·
