1800 3060
237 206 324 249 408
738 219 777 248 P.
813 218 1004 248 ΡΑΡιΝιι
1037 217 1201 248 s'rA'rn

239 312 435 365 AEquore
455 313 529 366 qui
550 312 670 353 lento
688 312 891 354 reducem
912 314 1158 355 consumsit
1180 313 1366 355 Ulixen:

242 379 328 420 Ast
347 391 445 432 ego,
469 379 542 420 cui
564 392 702 420 sacrae
725 378 877 420 Caesar
896 393 1015 421 nova
1036 381 1199 433 gaudia
1223 394 1363 423 coenae
1668 383 1697 426 5

238 446 371 488 Nunc
393 448 594 500 primum,
616 447 884 500 dominaque
905 447 1028 488 dedit
1050 460 1318 502 consurgere
1338 461 1503 498 mensa,

241 512 346 564 Qua
366 513 581 554 celebrem
601 526 697 554 mea
716 518 823 555 vota
843 514 953 568 lyra,
975 527 1089 568 quas
1111 515 1285 557 solvere
1307 520 1453 569 grates

240 579 498 622 Sufficiam?
529 593 629 630 non,
653 579 692 621 si
714 581 879 634 pariter
899 581 1004 622 mihi
1024 583 1185 624 vertice
1205 583 1312 625 laeto

241 647 406 690 Nectat
424 647 636 689 adoratas
659 652 702 690 et
724 648 912 702 Smyrna
931 653 978 689 et
995 648 1184 690 Mantua
1203 650 1370 701 lauros,

241 716 389 770 Digna
408 716 592 769 loquar:
623 716 782 757 mediis
802 716 954 757 videor
970 716 1247 759 discumbere
1267 718 1312 758 in
1334 718 1470 760 astris

241 783 351 825 Cum
371 783 500 834 Jove,
523 789 568 825 et
589 784 732 826 Iliaca
753 787 1000 838 porrectum
1021 797 1192 826 sumere
1210 785 1367 828 dextra

240 853 492 894 Immortale
513 865 702 894 merum:
734 853 902 894 steriles
926 853 1250 895 transmisimus
1271 867 1439 906 annos;

1639 717 1696 760 10

238 962 370 993 victuris
394 962 530 994 versibus
556 962 697 994 convivia
720 962 856 994 Alcinoi.
905 962 1021 994 Verum
1046 972 1116 1003 ego,
1138 963 1189 994 cui
1207 964 1315 996 Casar
1329 973 1409 996 nunc
1422 964 1559 1006 primum
1581 963 1695 995 tribuit

237 1015 317 1036 nova
338 1006 455 1045 gaudia
481 1006 598 1037 divinae
623 1015 727 1044 coenae,
744 1010 773 1037 et
797 1006 972 1037 accumbere
997 1006 1214 1046 Imperatoriae
1228 1016 1353 1045 mensae,
1375 1017 1436 1048 qua
1450 1007 1572 1039 cithara
1585 1016 1695 1038 canam

238 1051 310 1079 vota
334 1059 412 1087 mea,
426 1059 500 1089 quas
515 1058 608 1088 agere
628 1049 752 1088 gratim
767 1046 900 1089 potero?
932 1049 1004 1080 Non
1018 1050 1112 1088 digne
1127 1059 1273 1090 exequar,
1298 1050 1359 1081 etsi
1381 1050 1518 1091 Smyrna
1541 1053 1571 1082 et
1598 1050 1694 1081 Man-

241 1094 293 1122 tua
329 1092 408 1122 mihi
438 1093 508 1122 laeto
532 1092 653 1131 pariter
679 1095 890 1123 connecterent
914 1096 1006 1132 caput
1030 1092 1127 1123 sacris
1149 1093 1215 1123 suis
1242 1092 1352 1124 lauris.
1401 1093 1516 1125 Videor
1539 1092 1617 1124 mihi
1643 1102 1694 1124 re-

238 1134 378 1165 cumbere
404 1145 472 1165 cum
498 1135 578 1166 Jove
605 1135 638 1165 in
664 1135 773 1166 mediis
794 1134 955 1172 sideribus,
971 1138 1001 1166 et
1023 1144 1131 1175 capere
1157 1135 1296 1167 divinum
1321 1140 1431 1168 nectar
1445 1136 1582 1168 oblatum
1601 1145 1695 1167 manu

242 1177 370 1216 Troiani
388 1177 591 1219 Ganymedis.
638 1177 800 1209 Hactenus
815 1177 1044 1218 praeterivimus
1055 1177 1205 1218 inglorios
1219 1188 1334 1210 annos.-
1359 1180 1425 1211 haec
1440 1182 1487 1210 est
1507 1179 1610 1220 prima
1631 1178 1697 1210 dies

841 1260 1083 1274 “ON‘ONOOO

237 1326 312 1347 num
323 1316 473 1349 Gronov.
484 1318 602 1349 Barth.
612 1318 719 1349 Veen.
732 1322 766 1349 et
781 1318 906 1358 Delpli.
915 1327 958 1349 ex
971 1318 1136 1350 codd.-4
1149 1319 1284 1359 AEquore
1294 1317 1348 1359 qui
1357 1319 1454 1350 nudto
1466 1316 1695 1349 Parm.A1dd.

241 1359 352 1391 Colin.
375 1360 509 1401 Gryph.
525 1361 631 1392 Basil.
661 1361 777 1392 Plant.
805 1366 889 1392 cett.
923 1362 1060 1402 AEquore
1075 1361 1127 1401 qui
1142 1362 1223 1392 lento
1237 1362 1362 1393 Venet.
1381 1365 1412 1392 1.
1427 1367 1464 1392 et
1479 1362 1578 1392 Rom.
1594 1360 1697 1402 quod,

234 1402 383 1442 jubente
394 1403 518 1435 Man-kl.
533 1409 777 1435 revocaverunt
791 1404 874 1435 Edd.
884 1403 1029 1444 Bip.—6
1038 1404 1273 1444 Nuncprimum
1283 1404 1460 1445 dominique
1470 1403 1607 1445 quidam
1618 1402 1694 1435 cod.

244 1446 309 1477 Pro
324 1456 518 1485 consurgere,
534 1447 622 1488 quod
649 1457 765 1478 omnes
791 1446 869 1478 edd.
895 1447 1032 1486 liabent,
1051 1446 1270 1478 Marklandns
1293 1446 1336 1477 ad
1357 1447 1421 1488 Eq.
1447 1447 1540 1478 Max.
1556 1449 1610 1478 82.
1627 1455 1698 1477 mo-

239 1488 313 1519 nuit
326 1488 416 1520 forte
429 1490 611 1528 legendum
620 1499 714 1521 esse:
727 1500 787 1521 non
798 1499 938 1529 surgere,
951 1495 989 1521 ut
1001 1499 1077 1520 mox
1091 1498 1142 1521 vs.
1154 1492 1205 1521 17.
1217 1490 1227 1506 ‘
1237 1494 1272 1520 et
1285 1499 1350 1521 non
1364 1499 1540 1530 assurgere
1552 1488 1604 1520 fas
1616 1488 1697 1520 est!

239 1531 370 1563 Postea
380 1541 460 1563 vero
472 1533 585 1563 verius
597 1532 761 1572 putabat:
777 1533 957 1572 dominaque
967 1533 1052 1563 dedit
1064 1533 1220 1564 considere
1227 1542 1331 1564 men-sa
1343 1543 1355 1570 ,·
1366 1538 1404 1564 ut
1417 1532 1506 1574 apud
1514 1531 1694 1572 Virg.AEn.

241 1583 304 1605 vn.
325 1578 395 1606 176.
409 1580 444 1606 et
462 1575 562 1606 Ovid.
575 1576 667 1607 Fast.
684 1585 736 1606 vr.
752 1578 892 1607 305.—9
906 1576 976 1607 Pro
988 1576 1134 1606 adoratae
1146 1575 1342 1606 Parmensis
1353 1575 1457 1606 habet
1471 1586 1478 1605 :
1493 1577 1694 1606 odoratas.—

240 1620 281 1648 12
298 1618 423 1650 Venet.
436 1621 465 1650 1.
481 1618 602 1650 steriles
617 1618 822 1650 transivimus
833 1621 1025 1650 annos.—13
1039 1619 1164 1650 Venet.
1182 1621 1214 1649 1.
1227 1618 1343 1650 Parm.
1355 1623 1392 1650 et
1402 1619 1497 1650 Rom.
1510 1618 1561 1649 hic
1570 1616 1692 1649 limina.

891 1710 923 1742 N
929 1710 1036 1742 OTAE

239 1774 323 1816 pitio
338 1774 483 1816 recepit,
500 1783 540 1806 ac
555 1774 733 1816 magnifice
761 1775 935 1808 tractavit.

237 1825 326 1858 Vide
341 1825 546 1867 odysseam.

278 1879 299 1908 4
325 1875 406 1916 Qui]
452 1876 636 1908 Homerus.
694 1877 831 1917 AEquore
857 1877 938 1908 lento

237 1928 404 1959 consumsit
430 1928 561 1969 Ulixen]
586 1928 772 1968 Eleganter
801 1938 936 1959 consum-

235 1978 298 2009 sit.-
322 1977 405 2009 fecit
436 1979 525 2009 enim
556 1978 649 2010 illum
676 1987 790 2009 errare
817 1978 936 2010 decem

237 2028 332 2059 annis
360 2036 422 2069 per
447 2027 585 2060 diversa
611 2028 731 2068 maria,
756 2034 937 2072 autequam

235 2079 418 2110 reduceret
433 2078 468 2109 in
486 2078 646 2118 patriam.

277 2133 297 2161 5
321 2128 442 2168 Sacrae]
465 2128 505 2160 Id
522 2133 587 2169 est,
603 2128 853 2169 Imperatoriae.

277 2184 299 2212 6
324 2178 475 2219 Domina]
503 2179 744 2220 Imperatoria,
771 2181 850 2221 quia
874 2181 940 2213 Do-

233 2232 398 2265 mitianus
422 2241 458 2263 se
487 2231 660 2263 dominum
687 2232 796 2265 voluit
822 2234 939 2274 appel-

236 2283 308 2315 lari.

279 2337 299 2366 8
328 2333 453 2366 Vertice
469 2332 556 2373 loeto]
580 2333 636 2365 Ob
653 2333 777 2365 lauros.

276 2387 297 2415 9
320 2383 492 2424 Adoratas]
525 2383 567 2415 Id
606 2389 670 2423 est,
696 2393 826 2415 sacras.
880 2383 935 2416 An

234 2433 404 2466 odoratas?
434 2434 586 2476 Smyrna]
619 2434 741 2466 Patria
781 2434 934 2471 Homeri,

234 2485 316 2516 urbs
332 2485 451 2517 Ioniae.
487 2485 575 2516 Vide
591 2485 774 2526 Lacrymas
787 2485 935 2525 Etrusci,

232 2538 351 2568 vs.60.
397 2535 548 2575 Mantua]
581 2536 728 2567 Mantua
754 2535 835 2566 urbs
861 2535 932 2567 Ita-

233 2587 301 2627 liae,
320 2585 433 2627 patria
452 2584 597 2624 Virgilii.
642 2586 759 2617 Innuit
781 2586 847 2617 hoc
862 2596 933 2618 mo-

233 2637 278 2668 do
290 2635 453 2678 loquendi
465 2635 586 2674 Poeta,
611 2637 676 2667 etsi
701 2636 846 2667 haberet
862 2636 932 2667 Ho-

233 2687 317 2718 meri
333 2691 370 2718 et
395 2685 532 2727 Virgilii
557 2686 743 2725 ingenium,
767 2695 833 2718 non
857 2696 932 2727 pos-

231 2747 269 2769 se
286 2736 390 2777 digne
415 2735 608 2777 exprimere
636 2746 732 2768 suum
759 2736 932 2776 gaudium,

231 2788 418 2830 dignasque
455 2787 583 2829 gratias
619 2787 825 2830 Imperatori
855 2787 931 2820 red·

992 1775 1083 1807 dere.

1035 1830 1076 1859 10
1099 1826 1219 1858 Mediis
1239 1826 1346 1858 videor
1373 1825 1560 1857 discumbere
1582 1826 1616 1857 in
1640 1834 1692 1856 as-

991 1877 1066 1917 tris]
1089 1877 1186 1908 Idem
1202 1876 1363 1918 loquendi
1381 1876 1512 1915 modim,
1531 1877 1586 1917 qui
1614 1876 1694 1916 Epi-

991 1928 1149 1959 thalamio
1164 1928 1278 1958 Stellae
1290 1938 1298 1958 :
1312 1927 1321 1943 ‘
1335 1926 1391 1958 Ire
1405 1927 1482 1966 polo
1496 1925 1691 1966 nitidosque

992 1988 1108 2010 errare
1134 1988 1196 2019 per
1220 1987 1302 2009 axes
1329 1976 1455 2009 Visus!
1498 1976 1554 2007 Sic
1584 1976 1691 2007 maxi-

993 2040 1082 2061 mum
1113 2029 1272 2070 gaudium
1298 2027 1541 2070 designabant,
1574 2031 1613 2059 ut
1642 2026 1691 2059 ibi

993 2080 1152 2111 diximus.

1036 2134 1076 2162 11
1101 2131 1201 2162 Iliaca
1215 2128 1346 2170 dextra]
1367 2128 1409 2160 Id
1425 2133 1490 2168 est,
1504 2136 1606 2160 manu
1621 2127 1691 2160 Ga-

993 2181 1146 2223 nymedis
1161 2180 1270 2220 iliaci,
1281 2190 1342 2212 seu
1350 2179 1504 2221 Trojani‚
1517 2188 1616 2221 quem
1627 2178 1690 2211 Ju-

992 2235 1086 2274 piter
1100 2232 1144 2264 ob
1159 2230 1447 2273 pulchritudinem
1464 2229 1618 2270 rapuisse
1639 2227 1691 2260 di-

991 2283 1092 2321 citur,
1110 2287 1148 2313 ut
1164 2281 1230 2313 sibi
1245 2281 1368 2322 pocula
1381 2279 1647 2312 administraret.

1035 2335 1076 2364 12
1100 2333 1282 2363 Immortale
1295 2330 1429 2372 merum]
1451 2330 1585 2362 Nectar
1594 2331 1690 2363 Deo-

991 2393 1074 2415 rum.
1099 2384 1231 2415 Steriles
1243 2382 1472 2414 transmisimus
1478 2390 1574 2412 annos
1580 2391 1594 2418 ‚·
1607 2379 1690 2412 Hoec

988 2435 1049 2466 aevi
1064 2434 1142 2465 mihi
1155 2434 1259 2474 prima
1267 2433 1346 2472 dies,
1353 2431 1424 2474 ἐξα]
1439 2431 1567 2464 Eadem
1580 2439 1687 2471 mens,

989 2493 1066 2525 quae
1082 2485 1199 2515 horum
1220 2483 1366 2515 Soteriis
1380 2493 1390 2515 z
1404 2483 1416 2500 ‘
1429 2483 1540 2514 Nemo
1550 2481 1688 2514 modum

988 2534 1174 2566 transmissi
1204 2537 1382 2574 computet
1408 2532 1570 2572 aevi,Hic
1602 2531 1685 2563 vitae

986 2586 1109 2617 natalis
1133 2585 1222 2616 erit!
1264 2583 1394 2616 Stet-iles
1418 2582 1530 2624 annos]
1553 2581 1594 2614 id
1618 2587 1687 2624 est,

986 2636 1109 2678 quibus
1125 2635 1208 2667 nihil
1225 2634 1340 2676 magni
1363 2633 1460 2665 nobis
1479 2632 1616 2674 accidit,
1632 2633 1687 2664 vel

986 2686 1142 2723 fecimus,
1168 2695 1234 2728 quo
1261 2684 1417 2716 celebres
1446 2683 1684 2728 evaderemus,

985 2737 1153 2778 notique-⁷
