1800 3060
239 198 326 241 362
741 213 783 242 P.
813 210 1004 242 PAmmi
1037 211 1202 243 s‘rATu

239 304 368 345 Tunc
389 303 577 346 immane
597 304 804 354 fremens,
823 304 1104 360 foedatusque
1125 320 1218 357 ora,
1239 312 1441 361 tepentes

239 370 417 412 Affatur
438 371 607 412 cineres
624 385 633 413 :
665 371 755 413 Cur
773 384 871 422 nos,
891 371 1121 424 fidissime,
1140 375 1302 428 linquis

243 437 444 479 Fortuna
463 437 687 488 redeunte,
706 439 862 492 pater?
894 439 1028 481 modo
1049 442 1232 483 numina
1251 444 1398 496 magni

242 505 471 555 Praesidis,
495 509 631 559 atque
651 505 804 547 breves
824 506 1040 560 Superum
1061 510 1323 562 pacavimus
1342 511 1446 561 iras,

242 574 344 616 Nec
363 573 523 614 frueris
540 585 551 624 ;
583 574 785 627 tantique
805 576 986 616 orbatus
1007 577 1202 618 muneris
1223 590 1310 618 usu

242 642 316 683 Ad
339 640 515 691 Manes,
535 641 719 693 ingrate,
740 641 882 693 fugis:
913 655 995 683 nec
1015 642 1192 685 flectere
1214 643 1400 695 Parcas,

242 709 336 750 Aut
354 709 534 762 placare
553 708 683 750 malae
706 709 835 750 datur
855 722 1014 764 aspera
1033 712 1206 752 numina
1228 711 1423 753 Lethes?

243 776 387 825 Felix,
409 777 482 817 cui
503 788 659 829 magna
678 779 846 830 patrem
868 777 1038 818 cervice
1058 776 1234 819 vehenti

242 843 381 885 Sacra
402 841 647 896 Mycenaeae
667 843 813 896 patuit
833 844 1074 885 reverentia
1094 843 1307 886 flammae!

1609 578 1693 620 185

242 963 392 997 horrende
406 965 576 1006 suspirans,
591 969 622 997 et
635 966 722 997 vultu
737 969 944 1006 conspurcato,
967 967 1134 1006 alloquitur
1148 967 1265 998 cineres
1279 967 1378 999 adhuc
1391 968 1525 1000 calidos.-
1550 970 1615 1001 Cm·
1627 980 1695 1009 nos.

241 1008 367 1046 genitor
378 1008 551 1047 carissime,
565 1009 693 1047 deseris,
716 1012 889 1040 revertente
902 1009 1034 1047 fortuna
1043 1013 1056 1040 ,⁹
1078 1010 1174 1041 Modo
1180 1010 1334 1051 fleximus
1348 1020 1458 1043 numen
1471 1012 1578 1051 magni
1592 1012 1695 1053 Impe-

243 1050 372 1086 ratoris,
398 1054 430 1082 et
442 1051 561 1082 brevem
574 1051 768 1083 iracundiam
783 1051 945 1088 Deorumr
965 1061 1021 1082 nec
1028 1052 1163 1092 frueris,
1178 1056 1209 1083 et
1221 1053 1364 1093 privatus
1377 1063 1434 1085 usu
1449 1055 1531 1085 tanti
1546 1054 1695 1096 beneficii,

235 1092 344 1133 sugis,
358 1093 495 1133 ingrate,
504 1096 545 1125 ad
561 1094 581 1124 1
582 1093 695 1132 roseros.
723 1094 757 1124 N
758 1103 790 1124 ec
799 1094 871 1125 ticet
885 1094 981 1125 lenire
991 1094 1123 1134 Parcas,
1135 1098 1190 1126 aut
1199 1096 1323 1135 placare
1337 1105 1434 1127 saevos
1450 1096 1535 1127 Deos
1548 1097 1696 1138 improboe

244 1134 374 1168 Lethes.
422 1136 616 1168 Fortunatus
639 1137 703 1173 ille,
723 1136 810 1176 cnjus
830 1137 980 1178 pietatem
1005 1141 1185 1170 venerantes
1198 1137 1342 1179 flammoe
1367 1138 1548 1170 Graecorum
1570 1141 1599 1171 ei
1612 1139 1695 1171 viam

853 1237 1080 1250 &roomo-⁴⁴00

241 1311 380 1342 gemens.
425 1302 541 1342 Lego:
566 1302 651 1333 Tunc
679 1302 812 1334 immane
831 1301 984 1340 fremens.
1007 1302 1062 1335 Cf.
1082 1303 1188 1335 Theb.
1216 1312 1284 1336 vu.
1310 1312 1377 1336 xii.
1404 1306 1479 1336 684.
1511 1303 1632 1336 Claud.
1650 1304 1693 1335 de

245 1346 348 1377 cons.
367 1345 488 1375 Manlii
503 1347 578 1376 237.
593 1345 653 1377 Sil.
671 1345 750 1376 Ital.
767 1353 819 1376 x1.
837 1348 910 1377 146.
938 1350 973 1377 et
986 1347 1085 1386 Vir-g.
1100 1355 1169 1378 xu.
1186 1349 1260 1378 535.
1305 1347 1405 1387 Saepe
1429 1356 1509 1377 vero
1524 1347 1576 1378 hae
1594 1356 1695 1378 voces

245 1386 510 1419 confunduntur.
557 1388 612 1419 lta
641 1387 731 1427 apud
760 1387 919 1419 Juvenal.
934 1397 984 1420 vl.
1009 1392 1085 1420 260.
1110 1398 1172 1428 pro
1197 1390 1207 1406 ‘
1222 1388 1382 1420 fremitn’
1404 1398 1519 1420 sensus
1542 1389 1693 1429 postulat

243 1432 255 1449 ⁴
271 1429 426 1470 gemitu!
469 1429 557 1461 Vide
581 1430 900 1462 Drakenborchium
925 1431 968 1461 ad
984 1431 1047 1462 Sil.
1067 1431 1147 1462 Ital.
1163 1440 1187 1462 1.
1209 1433 1284 1462 425.
1329 1431 1398 1463 Sed
1421 1430 1512 1463 forte
1534 1431 1614 1463 nihil
1630 1431 1693 1463 hoc

244 1473 323 1504 loco
345 1472 569 1503 mutandum)
594 1473 716 1505 Markl.
762 1473 899 1510 Liuor-e,
914 1483 984 1513 quo,
1007 1475 1060 1513 ⁸5⁶·
1082 1478 1134 1504 est
1158 1474 1291 1505 Bartbii
1314 1474 1497 1513 correctio,
1523 1483 1592 1505 non
1616 1483 1695 1505 vero

244 1514 560 1547 Markiandi.—183
571 1516 653 1546 Vet.
669 1515 913 1556 Lindenbrogii
929 1525 991 1556 pro
1004 1515 1130 1547 numina
1144 1515 1248 1547 babet
1263 1516 1507 1548 namium—184
1522 1517 1645 1548 Venet.
1661 1519 1692 1548 1.

245 1557 362 1589 Parm.
379 1558 476 1589 Rom.
493 1557 589 1590 Brix.
602 1557 739 1589 Vicent.
754 1558 858 1590 Aldd.
875 1558 984 1590 Colin.
999 1557 1130 1599 Gryph.
1146 1560 1209 1590 &c.
1219 1558 1411 1599 placavimus
1421 1558 1497 1590 iras.
1540 1562 1550 1577 ¹
1566 1559 1693 1590 Parnm

247 1605 408 1631 accurate
424 1600 568 1637 Statius,
583 1601 611 1631 si
636 1600 684 1631 sic
701 1600 899 1640 scripserit;
922 1601 1075 1642 sequitur
1104 1601 1194 1632 enim
1221 1611 1319 1632 versu
1342 1601 1465 1633 abhinc
1486 1601 1608 1633 tertio:
1627 1600 1697 1632 Aut

244 1644 443 1684 placare,83·c.
489 1642 590 1674 Edidi
621 1643 726 1684 igitur
751 1643 930 1684 pac-avimus
957 1644 1022 1674 iras
1045 1653 1106 1684 pro
1130 1644 1320 1684 placavimus
1346 1644 1423 1684 iras,
1443 1652 1542 1675 sensu
1565 1643 1697 1683 eodem,

247 1685 352 1716 verbo
378 1690 510 1716 tantum
540 1690 691 1725 mutat03
714 1686 804 1726 quod
835 1686 868 1716 in
894 1686 1043 1718 secundo
1072 1687 1158 1725 loco,
1183 1687 1211 1717 si
1238 1686 1346 1725 malis,
1373 1685 1489 1718 facere
1511 1690 1635 1727 potes;
1659 1691 1697 1718 et

247 1733 386 1759 retento
415 1728 460 1769 τῷ
487 1728 689 1768 placavimus,
718 1729 854 1768 legere:
881 1728 949 1759 Aut
971 1738 1082 1768 pacare
1105 1728 1220 1760 maloe.’
1244 1729 1479 1760 Markl.—186
1501 1728 1554 1760 Aa
1571 1729 1695 1768 Mam,

245 1770 368 1811 ignare,
378 1769 472 1810 fugis
489 1769 591 1801 Aldd.
607 1771 717 1802 Colin.
735 1770 867 1812 Gryph.
885 1771 988 1802 Basil.
1012 1771 1125 1803 Plant.
1151 1774 1216 1803 διο.
1240 1771 1366 1811 ingrate
1390 1772 1540 1803 correxit
1567 1771 1698 1803 Grono-

247 1813 326 1845 vius
345 1814 378 1845 in
398 1813 515 1845 Diatr.
537 1822 614 1855 cap.
629 1816 683 1846 33.
704 1814 752 1845 ita
768 1823 903 1855 quoque
926 1819 976 1845 est
1001 1814 1033 1844 in
1049 1814 1190 1846 Venett.
1207 1817 1238 1845 1.
1254 1817 1285 1845 2.
1298 1817 1329 1845 3.
1345 1814 1459 1846 Parin.
1476 1815 1574 1846 Rom.
1587 1819 1624 1846 et
1639 1823 1694 1845 co-

902 1916 1042 1950 NOTAE

245 2000 290 2024 ex
306 2001 400 2024 more
415 1991 814 2032 babebat‚snbstitneret
829 1991 946 2023 candi·
1043 1994 1104 2023 183
1132 1991 1270 2024 Numina
1297 1990 1404 2032 magni
1440 1990 1608 2032 Proesidis]
1653 1991 1694 2022 Id

245 2043 349 2082 dum3
372 2042 432 2074 sed
459 2043 623 2082 Theseus,
650 2042 765 2082 ejusce
788 2042 947 2083 promissi
999 2047 1064 2082 est,
1078 2042 1266 2075 Domitiani
1281 2043 1388 2085 quise
1400 2043 1514 2074 Deum
1529 2041 1696 2083 appellari

246 2092 387 2133 oblitus,
418 2092 551 2134 nigrum
578 2093 703 2132 velum,
728 2092 818 2134 quod
850 2092 944 2133 prius
1000 2094 1150 2127 volebat.

247 2147 335 2182 erat,
349 2143 489 2184 reliquit
502 2153 511 2182 ;
527 2152 593 2185 quo
608 2144 681 2174 viso
692 2142 815 2184 AEgens
834 2147 946 2183 pater,

245 2193 304 2234 qui
327 2202 368 2224 ex
393 2193 534 2234 scopulo
557 2192 710 2235 quotidie
736 2192 946 2234 expectabat

246 2243 394 2275 reditum
416 2243 488 2279 filii,
517 2243 626 2275 fretus
646 2244 718 2285 ejus
745 2245 886 2284 virtute,
907 2247 946 2276 ut

247 2294 336 2326 vidit
350 2295 484 2334 nigrum
501 2295 624 2334 velum,
636 2299 729 2326 ratus
743 2293 851 2325 filium
866 2303 945 2334 per-

246 2344 339 2383 iisse,
361 2344 489 2376 doloris
513 2344 727 2385 impatientia
747 2345 781 2375 in
797 2352 889 2375 mare
907 2353 945 2375 se

248 2396 463 2436 praecipitem
493 2394 602 2427 dedit.
652 2395 801 2434 Perjuria
826 2395 945 2436 igitur,

246 2443 350 2476 fidem
368 2445 482 2476 datam
499 2446 604 2486 AEgeo
620 2445 712 2486 patri
727 2445 770 2477 de
786 2446 946 2487 ponendo

247 2495 324 2527 velo
350 2495 498 2526 candido
515 2505 577 2536 pro
592 2495 704 2536 nigro,
729 2505 795 2537 quo
818 2496 946 2528 certior

246 2545 349 2578 fieret
370 2546 413 2576 de
429 2546 539 2577 salute
556 2545 630 2578 filii.
674 2547 752 2579 Quo
766 2546 858 2578 redit
882 2547 947 2579 eti-

247 2605 302 2628 am
318 2596 401 2628 illud
420 2594 517 2634 falsis
529 2597 615 2628 velis.
659 2596 750 2628 Nam
765 2596 945 2629 candidum

247 2657 311 2688 pro
327 2647 426 2687 nigro
448 2646 721 2678 substituendum
741 2652 825 2680 erat.
876 2648 946 2680 Lit-

248 2698 329 2738 ιον-ε]
353 2698 393 2729 Id
411 2701 474 2738 est,
498 2696 532 2728 in
548 2697 677 2736 littore,
693 2707 769 2730 cum
785 2699 948 2741 appulsus

246 2752 392 2780 mortem
407 2747 515 2790 patris
530 2746 715 2780 didicisset.

1042 2147 1105 2177 184
1130 2145 1250 2176 Breves
1262 2144 1342 2185 iras]
1365 2144 1583 2179 Domitianus
1607 2144 1696 2176 enim

999 2199 1078 2236 post
1092 2195 1197 2227 breve
1211 2199 1346 2236 tempus
1368 2198 1565 2228 revocatum
1580 2204 1624 2227 ex
1638 2204 1696 2227 ex-

999 2245 1057 2276 ilio
1075 2246 1257 2277 Etruscum
1275 2246 1362 2277 aulae
1374 2245 1545 2277 Palatinae
1559 2245 1697 2277 restitu-

1000 2299 1088 2335 erat,
1102 2300 1142 2326 nt
1156 2295 1301 2326 vidimus
1314 2304 1428 2336 supra.

1042 2348 1105 2378 186
1127 2345 1274 2386 Ingrata]
1305 2344 1348 2377 Id
1375 2349 1440 2386 est,
1465 2354 1627 2387 properas
1653 2345 1697 2377 ad

1001 2405 1130 2435 manes,
1149 2405 1214 2427 nec
1231 2395 1402 2436 agnoscis,
1418 2396 1558 2436 utendo,
1570 2394 1698 2427 benefi-

999 2447 1089 2478 cium
1119 2446 1275 2478 Caesaris.
1320 2446 1389 2477 Nec
1408 2445 1541 2487 flectere
1565 2443 1698 2485 Parcas]

1000 2495 1072 2528 Has
1088 2495 1316 2527 inexorabiles
1330 2494 1464 2536 fingunt
1479 2494 1611 2527 Poetae.

1043 2548 1105 2578 187
1126 2545 1254 2586 Lethes]
1276 2545 1317 2576 td
1334 2550 1398 2585 est,
1413 2543 1618 2585 Inferni-um,
1640 2545 1697 2587 qui

997 2596 1220 2638 designantur
1235 2604 1297 2636 per
1313 2594 1455 2626 Lethen.

1043 2651 1107 2680 188
1131 2648 1235 2687 Felix,
1250 2647 1301 2678 cui
1315 2656 1428 2686 magna
1446 2649 1569 2687 patrem
1583 2647 1699 2679 cervice

1000 2697 1126 2730 vehenti.
1140 2697 1237 2728 Sacra
1253 2696 1426 2738 Mycenoeoe
1437 2696 1542 2737 patuit
1556 2706 1699 2729 reveren·

1003 2749 1051 2781 tia
1070 2747 1227 2790 flamm]
1259 2745 1430 2788 Intelligit
1458 2745 1611 2788 AEnesm,
1639 2747 1699 2788 qui
