1800 3060
245 211 333 255 420

750 227 790 256 P.
823 226 1015 257 PAPlNll
1048 227 1214 260 STATH

363 321 456 363 Hic
478 321 699 375 quondam
721 322 842 376 piger
859 335 944 364 axe
965 328 1121 365 vectus
1141 323 1232 366 udo

364 390 575 431 Nutabat
597 403 728 431 cruce
750 391 941 443 pendula
961 391 1129 442 viator;

363 457 668 511 Sorbebatque
688 462 810 499 rotas
829 458 1023 511 maligna
1042 459 1199 510 tellus3

362 524 423 566 Et
441 524 572 579 plebs
589 525 635 565 in
655 525 815 566 mediis
835 526 1000 567 Latina
1020 527 1194 580 campis

1654 531 1712 572 30

361 592 592 634 Horrebat
612 593 730 633 mala
749 593 1072 646 navigationis:

361 660 465 702 Nec
487 673 642 702 cursus
663 661 817 715 agiles,
840 665 884 702 et
903 660 1165 715 impeditum

358 728 615 771 Tardabant
633 728 719 770 iter
738 728 895 771 orbitae
915 732 1131 779 tacentes,

246 869 306 892 moe
329 861 495 893 montibus.
541 863 609 894 Hic
633 864 787 904 quondam
812 863 916 894 lentus
943 861 1057 900 viator,
1081 866 1186 895 vectus
1202 873 1261 895 uno
1276 874 1348 902 axe,
1362 873 1526 906 suspensus
1540 866 1715 898 eat-illabat.

246 903 357 935 Solum
378 905 525 936 instabile
539 905 702 937 hauriebat
722 909 820 945 rotas,
836 909 867 937 et
890 906 1020 946 populus
1036 905 1173 938 Latinus
1193 907 1410 948 capacescebat
1431 909 1570 949 pericula
1583 910 1714 948 naviga-

245 946 354 989 tionisd‘
365 948 400 979 in
423 949 536 980 mediis
560 949 658 989 agr-is.
717 950 786 980 Nec
810 958 919 980 cursus
937 949 1055 987 faciles
1078 953 1180 990 erant,
1204 951 1259 980 sed
1282 950 1431 982 intricata
1453 951 1506 983 tia
1534 953 1715 985 retardabat

861 1050 1101 1062 OO‘O‘O‘OOOOO

248 1114 372 1147 Heius.
389 1115 422 1147 in
435 1115 584 1149 Advers.
598 1117 658 1149 lib.
676 1126 703 1149 1.
721 1127 798 1159 cap.
816 1120 869 1149 14.
886 1127 923 1159 p.
938 1119 1103 1150 146.—27
1129 1116 1217 1149 Edd.
1233 1121 1319 1150 vett.
1336 1127 1396 1150 axe
1410 1121 1515 1151 tectus
1535 1129 1608 1151 ωιο.
1632 1119 1714 1152 Nic.

247 1158 414 1190 Heinsius
440 1159 484 1191 ad
506 1160 583 1192 Val.
599 1161 694 1192 Flac.
710 1170 778 1193 vn.
795 1163 871 1193 229.
896 1165 932 1192 et
955 1161 988 1191 in
1014 1159 1159 1192 Advers.
1182 1160 1242 1192 lib.
1259 1170 1285 1192 1.
1302 1170 1379 1202 cap.
1396 1164 1448 1193 10.

1465 1172 1498 1202 p.
1516 1165 1588 1195 103.
1603 1162 1688 1203 legit
1704 1173 1712 1194 :

244 1211 306 1233 axe
317 1205 423 1233 vectus
434 1203 507 1240 udo,
519 1203 612 1245 quod
627 1204 756 1245 primus
773 1204 808 1235 in
827 1207 960 1235 textum
978 1204 1114 1244 recepit
1125 1203 1343 1236 MarkL—29
1354 1204 1423 1236 Pro
1435 1204 1586 1236 Sorbebat
1601 1205 1716 1236 multae

246 1241 326 1276 edd.
350 1245 530 1287 Rodebant,
547 1256 596 1278 sc.
625 1247 729 1278 Aldd.
745 1247 857 1279 Colin.
874 1246 1010 1288 Gryph.
1024 1251 1059 1277 et
1074 1247 1180 1279 Basil.
1223 1247 1382 1279 Alterum
1399 1248 1549 1279 restituit
1567 1249 1715 1279 Bernar-

245 1287 315 1318 tius
332 1296 376 1319 ex
394 1288 500 1329 libris,
523 1294 562 1321 ut
577 1290 636 1322 ille
653 1291 701 1322 ait
716 1300 726 1321 ε
747 1295 783 1322 et
799 1290 847 1321 ita
863 1294 959 1321 certe
978 1294 1032 1321 est
1055 1289 1090 1320 in
1112 1289 1227 1321 Parm.
1242 1290 1341 1322 Rom.
1362 1295 1400 1322 et
1415 1295 1485 1322 vet.
1501 1290 1714 1322 Lindenbro-

243 1329 391 1371 gii.—32
415 1331 505 1363 Edd.
520 1337 606 1364 vett.
629 1334 683 1365 sed
702 1333 911 1374 impeditum,·
934 1332 1161 1365 Marklandus
1175 1333 1328 1364 correxit
1345 1343 1354 1364 z
1381 1336 1410 1364 et
1431 1333 1712 1374 impeditum—33

911 1439 1054 1472 NOTAE

242 1520 388 1548 vocatur
416 1525 511 1548 xvu.
533 1516 672 1549 Consul.
701 1516 819 1557 Baias]
841 1516 951 1556 Baiae,

241 1568 325 1599 urbs
342 1568 552 1609 Campaniae.
597 1569 696 1600 Dicit
713 1578 794 1601 vero
807 1569 951 1600 admotas

241 1622 357 1660 septem
381 1619 539 1652 montibus
559 1620 674 1661 Baias,
696 1629 762 1652 non
786 1619 876 1662 quod
895 1619 951 1651 via

240 1668 443 1702 Domitiana
464 1680 485 1702 a
506 1671 602 1702 Baiis
622 1671 764 1703 Romam
781 1671 947 1710 duceret3

239 1720 317 1752 liaec
341 1721 433 1752 enim
467 1721 576 1753 solum
601 1731 660 1753 sex
687 1721 809 1763 viginti
830 1721 949 1752 millia-

239 1771 326 1802 rium
343 1771 596 1812 longitudinem
607 1771 779 1811 habebat3
794 1771 854 1804 sed
871 1771 950 1814 quia

237 1821 296 1853 via
310 1820 509 1854 Domitiana
524 1832 566 1854 ex
579 1832 647 1854 una
663 1827 765 1864 parte
782 1822 950 1865 jungeba-

239 1875 298 1902 tur
324 1872 387 1904 viae
413 1882 489 1914 quae
517 1872 675 1905 Puteolis
698 1872 802 1904 Baias
829 1872 950 1905 tende-

238 1921 312 1962 bat,
335 1922 378 1954 ab
394 1923 502 1954 altera
517 1933 600 1955 vero
617 1923 694 1954 Viae
719 1922 855 1965 Appiae‚
870 1933 947 1965 quae

237 1972 382 2004 Romam
399 1983 506 2014 usque
523 1974 692 2015 perducta
709 1977 795 2005 erat.

280 2025 322 2055 27
345 2023 466 2064 Piger]
489 2024 580 2057 Quia
601 2024 636 2055 iu
659 2028 727 2055 tam
744 2022 876 2056 difficili
891 2024 946 2056 via

235 2075 365 2106 lentius
380 2074 565 2107 incedebat
587 2075 709 2108 viator.
754 2076 828 2108 Axe
841 2080 947 2108 vectus

235 2126 298 2156 udo
320 2123 412 2165 [uno]
435 2125 526 2159 Quia
554 2125 588 2156 in
613 2126 667 2158 via
691 2131 761 2158 tam
782 2127 945 2169 inaequali

235 2186 318 2218 pars
333 2186 454 2209 currus
467 2182 504 2209 et
515 2178 626 2210 altera
638 2182 788 2210 rotarum
805 2178 944 2220 depres-

236 2236 274 2258 sa
293 2227 449 2269 jacebat,
464 2228 514 2260 ita
526 2233 573 2265 ut,
591 2229 711 2261 unicus
727 2230 800 2262 axis
817 2230 944 2262 emine-

234 2282 309 2310 ret:
335 2283 371 2310 et
400 2278 479 2310 ideo
508 2279 706 2321 subjungit:
734 2280 943 2313 ‘Sorbebat-

236 2338 303 2370 que
321 2334 414 2361 rotas
431 2329 580 2370 maligna
597 2330 724 2363 tellus.'

279 2381 322 2411 28
356 2380 457 2412 Cruce
490 2381 640 2422 pendula]
679 2380 858 2413 Domitius
883 2391 948 2423 per

237 2430 248 2448 ‘
260 2439 398 2462 crucem
416 2430 602 2471 pendulam
615 2431 625 2445 ⁷
648 2432 946 2474 intelligitjugum

233 2490 367 2520 currus,
379 2491 439 2512 sen
458 2481 572 2522 potius
587 2481 671 2514 illud
688 2482 818 2523 lignum
833 2483 942 2515 bicor-

233 2540 292 2571 ne,
322 2531 412 2572 quod
444 2533 571 2563 temoni
607 2533 826 2574 supponitur,
862 2535 943 2576 quia

234 2582 387 2624 speciem
419 2582 529 2614 crucis
563 2581 681 2615 efficit.
725 2583 776 2615 At
811 2584 942 2616 Cruceo

233 2632 380 2664 sumitur
395 2641 458 2673 pro
475 2633 704 2673 suspensione
730 2634 764 2665 in
788 2635 865 2666 loco
882 2634 941 2667 de-

231 2683 312 2715 clivi
328 2689 365 2715 et
379 2683 580 2724 praecipiti.-
610 2685 659 2715 Eo
675 2693 777 2716 sensu
798 2685 808 2702 ‘
821 2695 942 2717 cruces

231 2734 464 2766 Caucasorum
476 2738 484 2751 '
499 2734 587 2766 dixit
600 2735 846 2778 Tertullianus,
861 2739 945 2770 allu-

235 2784 321 2818 dens
338 2786 382 2818 ad
396 2785 594 2820 Promethei
607 2786 756 2820 fabulam
770 2788 827 2821 lib.
845 2798 868 2822 1.
886 2790 945 2821 ad-

1005 1522 1124 1545 versus
1149 1513 1380 1551 Marcionem,
1401 1519 1439 1547 et
1466 1515 1476 1533 ‘
1489 1524 1628 1548 crucem
1645 1515 1711 1555 vir—

1004 1565 1139 1606 gineam
1157 1564 1388 1597 Andromedae
1400 1565 1410 1579 '
1433 1565 1595 1597 Manilius
1605 1565 1663 1597 lib.
1675 1559 1710 1598 ir.

1003 1617 1162 1658 quoniam
1186 1615 1260 1648 haec
1278 1617 1374 1657 virgo
1390 1616 1493 1649 affixa
1507 1617 1540 1649 in
1558 1627 1712 1660 praerup-

1004 1672 1040 1699 to
1055 1667 1196 1709 scopulo
1210 1667 1398 1709 pendebat.
1434 1667 1613 1709 Significat
1629 1677 1712 1710 ergo

1001 1718 1132 1750 Statius
1148 1718 1235 1750 hanc
1252 1718 1341 1750 viam
1357 1718 1462 1750 fnisse
1476 1717 1666 1759 difficilem,
1675 1724 1712 1751 et

1003 1769 1232 1810 periculosam
1260 1768 1459 1810 viatoribus,
1473 1779 1617 1812 quorum
1633 1780 1711 1802 cur·

1003 1830 1061 1851 rus
1072 1819 1118 1851 ibi
1135 1819 1262 1851 diutius
1278 1820 1524 1861 haerebant,ac
1539 1821 1712 1853 nutabant

1007 1869 1052 1901 ob
1075 1869 1341 1910 inaequalitatem
1367 1870 1498 1902 itineris
1513 1870 1711 1913 confragosi

1004 1925 1041 1951 et
1056 1920 1211 1959 declivis,
1229 1924 1266 1952 ut
1281 1920 1356 1952 fieri
1373 1922 1478 1954 solet:
1503 1921 1583 1954 ideo
1606 1923 1616 1940 ‘
1631 1931 1708 1954 cru-

1002 1979 1076 2002 cem
1105 1969 1308 2010 pendulam'
1337 1974 1449 2010 vocat,
1477 1971 1637 2012 quoniam
1672 1972 1709 2004 in

1001 2019 1128 2051 talibus
1151 2019 1235 2052 locis
1252 2029 1372 2052 currus
1389 2025 1426 2052 et
1437 2021 1528 2053 vecti
1543 2023 1709 2064 quodam-

999 2071 1103 2103 modo
1131 2070 1295 2112 pendent.
1347 2071 1442 2103 Crux
1465 2072 1568 2104 etiam
1591 2077 1710 2114 potest

1001 2125 1088 2156 sumi
1117 2134 1180 2165 pro
1209 2125 1286 2156 loco
1316 2125 1392 2166 ipso
1418 2125 1453 2156 in
1488 2135 1555 2168 quo
1586 2126 1707 2168 aliquis

999 2175 1142 2217 pendet,
1165 2180 1200 2207 et
1227 2175 1338 2208 haeret
1359 2174 1493 2208 affixus.
1522 2176 1612 2208 Vide
1627 2177 1709 2219 Lip-

999 2226 1084 2257 sium
1102 2226 1144 2258 de
1160 2226 1272 2258 eruce
1287 2226 1347 2258 lib.
1362 2235 1389 2258 1.
1403 2236 1481 2268 cap.
1497 2230 1552 2259 2⁰.
1597 2228 1708 2260 Locus

997 2275 1104 2316 igitur
1129 2276 1322 2318 imminens,
1344 2281 1381 2309 et
1403 2277 1596 2310 altitudinis
1610 2287 1707 2320 spec-

999 2326 1115 2359 tandae
1132 2326 1200 2359 dici
1214 2327 1338 2360 merito
1354 2331 1487 2370 potest,
1505 2327 1516 2345 ‘
1527 2337 1611 2360 crux
1623 2338 1708 2370 pen-

1001 2385 1105 2417 dula.’

1042 2439 1086 2469 29
1110 2436 1321 2478 sorbebatque
1333 2440 1422 2469 rotas
1437 2436 1578 2476 maligna
1599 2436 1706 2477 tellus]

998 2487 1067 2519 Alii
1083 2488 1215 2528 legunt,
1239 2488 1418 2530 Mordebat,
1439 2488 1473 2520 id
1497 2493 1563 2530 est,
1579 2489 1706 2520 retine-

999 2537 1082 2570 bat:
1107 2538 1167 2569 alii
1183 2538 1339 2570 Roaebat.

1040 2591 1081 2620 33
1109 2588 1232 2620 Orbitae
1263 2588 1415 2629 tacentes]
1438 2588 1486 2620 Ut
1514 2587 1555 2620 fit
1583 2589 1616 2620 in
1646 2589 1703 2621 via

997 2648 1153 2670 coenosa:
1183 2647 1251 2670 non
1279 2638 1465 2670 audiuntur
1487 2639 1577 2671 enim
1604 2644 1705 2681 rotae,

997 2689 1078 2720 dum
1107 2689 1356 2730 immerguntur
1379 2688 1414 2720 in
1437 2698 1608 2723 coenosam
1631 2693 1714 2722 term

999 2748 1083 2771 ram.
1130 2739 1244 2771 Orbita
1259 2739 1314 2771 hic
1329 2748 1391 2782 pro
1406 2745 1493 2772 rota.
