1800 3060
236 205 324 250 316

729 219 773 249 Ρ.
807 217 997 249 ΡΑΡῙΝΗ
1033 217 1201 249 STATII

466 388 521 418 11.
581 377 997 420 PROPEMPTIGON's
1038 378 1227 420 ME‘l'loss
1271 387 1469 420 CELERI·

237 484 382 516 Mettum
401 486 558 519 Celerem
577 487 865 528 jucundissimum
893 487 1037 518 amicum
1055 486 1087 518 in
1103 487 1236 528 Syriam
1255 487 1297 520 ad
1322 488 1507 530 regendam
1530 487 1700 530 legionem

280 527 558 569 proficiscentem
575 531 735 572 precibus
751 535 788 563 et
806 530 896 562 votis
911 530 1143 573 prosequitur.

239 623 321 676 D1,
344 625 507 680 quibus
528 628 724 671 audaces
747 643 870 671 amor
891 632 958 671 est
977 643 1150 672 servare
1171 630 1362 681 carinas,

240 691 460 748 Saevaque
482 697 660 738 ventosi
684 698 876 739 mulcere
894 697 1095 752 pericula
1111 698 1248 752 ponti,

240 759 434 804 Stemite
454 764 590 805 molle
609 765 781 816 fretum,
802 765 1124 820 placidumque
1143 765 1357 807 advertite
1374 765 1494 807 votis

242 828 507 883 Concilium,
530 837 577 874 et
595 834 708 875 lenis
725 847 810 875 non
831 834 1060 889 obstrepat
1079 833 1194 876 unda
1214 834 1428 888 precanti.

241 896 422 940 Grande
445 905 521 942 tuo
542 914 778 957 rarumque
798 902 971 953 damus,
995 902 1221 956 Neptune,
1240 900 1465 956 profundo
1603 906 1606 908 ’
1677 901 1707 941 5

242 965 537 1021 Depositum:
563 969 745 1023 juvenis
761 970 907 1011 dubiae
930 967 1220 1012 committitur
1239 969 1342 1010 alno

242 1033 430 1085 Metius,
451 1039 585 1089 atque
607 1038 768 1079 animae
789 1042 961 1091 partem
982 1050 1113 1092 super
1130 1049 1311 1091 aequora
1330 1039 1491 1078 nostrae

244 1099 467 1156 Majorem
487 1104 721 1146 transferre
741 1108 897 1160 parat:
928 1104 1118 1159 proferte
1137 1105 1323 1159 benigna

289 1249 443 1291 Numina,
459 1250 568 1291 quibus
588 1262 674 1284 eurae
688 1256 747 1291 est,
770 1253 854 1285 tueri
868 1253 1052 1285 temerarias
1065 1262 1171 1291 naves,
1197 1256 1230 1285 et
1250 1262 1364 1294 pacare
1377 1251 1515 1284 crudelia
1527 1251 1710 1284 discrimina

243 1293 364 1324 ventosi
385 1295 503 1335 pelagi,
516 1297 707 1336 complanata
718 1296 861 1338 fluidum
876 1307 976 1337 mare,
1002 1300 1032 1328 et
1047 1300 1148 1328 vester
1170 1299 1268 1328 coetus
1291 1296 1426 1336 applicet
1447 1295 1598 1334 benig-nas
1620 1304 1711 1326 aures

243 1336 327 1367 totis
341 1338 431 1375 meis,
445 1348 481 1368 ac
493 1339 615 1378 placida
631 1349 711 1379 aqua
725 1350 786 1371 non
800 1339 962 1378 infremat,
973 1340 1046 1370 dum
1060 1349 1113 1370 tos
1127 1349 1215 1379 rogo.
1255 1339 1433 1378 Tradimus,
1449 1339 1607 1378 Neptune,
1622 1348 1710 1377 mag-

244 1387 332 1417 num,
358 1389 395 1411 ac
409 1390 517 1412 rarum
531 1383 702 1423 depositum
717 1386 770 1414 tuo
785 1382 875 1414 mari.
918 1384 1052 1414 Juvenis
1068 1382 1192 1414 Metius
1206 1382 1413 1413 committitur
1425 1382 1547 1412 incerto
1558 1385 1666 1422 ponto,
1678 1384 1710 1411 et

244 1422 357 1454 statuit
373 1425 571 1456 transvehere
593 1435 694 1457 secum
719 1435 810 1468 super
825 1425 926 1458 maria
952 1426 1110 1458 meliorem
1134 1428 1258 1467 partem
1281 1428 1398 1458 nostroe
1420 1424 1544 1456 animoe.
1590 1423 1713 1455 OEbalii

860 1530 1098 1544 ‘mu‘

293 1605 532 1647 Propempticon
546 1607 649 1638 Metto
675 1607 778 1640 Celeri
800 1608 912 1640 Rhod.
930 1612 966 1640 et
987 1608 1111 1640 Salisb.
1137 1612 1173 1639 et
1195 1608 1244 1640 ita
1266 1606 1374 1639 editio
1399 1606 1517 1638 Parm.
1533 1605 1598 1638 nisi
1620 1604 1710 1646 quod

250 1657 312 1688 pro
331 1649 435 1680 Celeri
457 1649 564 1681 habet
592 1651 709 1683 Celere.
754 1651 889 1683 Ceterae
906 1651 983 1684 edd.
1000 1652 1186 1683 exhibent:
1211 1650 1452 1691 Propempticon
1467 1650 1566 1682 Metii
1582 1648 1712 1681 Celeris.

249 1691 321 1722 Pro
337 1692 440 1723 Metio
461 1693 615 1724 nonnulli
637 1695 758 1726 malint
774 1694 968 1726 Momm—6
990 1693 1096 1726 Aldd.
1122 1695 1234 1726 Colin.
1249 1694 1384 1734 Grypb.
1406 1693 1513 1724 Basil.
1533 1694 1600 1724 διε.
1620 1691 1713 1723 dubio

247 1735 458 1767 committitur
469 1736 534 1767 alto
545 1747 558 1774 ;
579 1737 602 1770 J
606 1747 683 1768 oan.
703 1737 836 1770 Isacius
852 1739 1027 1770 Fontanus
1040 1738 1125 1780 legit
1140 1738 1226 1769 alveo
1238 1747 1250 1775 ,-
1263 1738 1322 1769 alii
1338 1737 1422 1769 alno.
1464 1735 1584 1768 Lectio
1597 1740 1717 1767 nostra

895 1833 1038 1867 NOTAE

291 1914 307 1944 Τ
332 1909 588 1952 Propempticon]
620 1911 727 1944 Quasi
744 1921 881 1944 carmen
898 1920 954 1942 co-

249 1959 461 1991 mitatorium
485 1961 514 1991 si
538 1961 621 1992 licet
645 1960 772 1993 dicere.
816 1959 955 2003 Προπέμ-

250 2022 320 2042 πειν
334 2011 422 2042 enim
442 2011 575 2044 Graecis
589 2012 736 2044 comitari
750 2013 886 2044 dicitur.

294 2066 310 2100 ss
335 2061 451 2102 Metto]
475 2063 632 2104 Legimus
657 2064 748 2104 apud
776 2063 957 2095 historicos

250 2114 389 2145 nomina
417 2114 521 2146 Metii
549 2115 819 2146 Tusculanorum
847 2115 957 2156 ducis,

251 2170 288 2197 et
311 2165 415 2197 Metii
440 2165 551 2197 Curtii
569 2166 772 2198 Sabinorum
794 2166 904 2206 ducis,
919 2170 956 2198 et

252 2215 500 2248 MetiiSuffetii
512 2215 723 2248 Albanorum
739 2217 849 2258 ducis,
863 2216 956 2249 unde

254 2272 400 2308 apparet
415 2272 553 2308 gentem
567 2269 712 2300 Metiam
731 2267 838 2300 fuisse
850 2273 886 2300 et
901 2277 958 2299 ve·

252 2317 486 2359 tristissimam,
498 2323 535 2350 et
550 2319 803 2351 nobilissimam.
826 2319 906 2350 Fuit
920 2322 957 2350 et

255 2371 384 2402 Metius
410 2370 519 2402 Carus
541 2370 678 2403 delator
705 2370 849 2412 insignis
875 2374 959 2402 tem-

256 2430 338 2462 pore
354 2421 460 2453 Plinii
471 2421 618 2463 junioris
632 2421 810 2462 nostrique
827 2420 959 2462 Poetae,

255 2475 295 2503 ut
308 2476 406 2512 patet
422 2481 466 2503 ex
480 2472 549 2513 Ep.
560 2472 664 2504 Plinii
681 2471 724 2504 ad
739 2472 943 2504 Voconium.

300 2525 319 2554 1
341 2523 442 2555 Amor
450 2526 496 2554 est
506 2522 645 2564 servare]
669 2522 883 2563 Atticismus,
897 2531 958 2564 pro

257 2572 428 2606 servandi.
449 2574 593 2605 Audaces
606 2573 746 2614 carinas]
770 2573 861 2608 Quia
874 2573 960 2605 mul-

257 2629 295 2656 ta
311 2623 465 2666 pericula
481 2623 516 2656 in
531 2624 615 2656 mari
630 2624 808 2656 subeunda
821 2628 912 2657 sunt.

301 2677 322 2706 3
349 2672 456 2715 Votis]
477 2673 706 2714 Subintellige
723 2675 818 2706 meis.

300 2727 323 2757 4
346 2725 393 2757 Et
408 2725 487 2757 lenis
500 2735 562 2758 non
574 2724 729 2766 obstrepat
740 2727 824 2758 unda
832 2735 965 2767 precan-

260 2775 303 2818 ti]
325 2775 486 2817 Εὐφημίαν
497 2776 648 2819 postulat
661 2775 783 2818 Poeta,
795 2778 964 2820 petitque,

1010 1915 1049 1942 nt
1064 1919 1153 1952 aqua
1173 1919 1241 1942 non
1264 1908 1445 1949 obstrepat
1460 1907 1510 1938 illi
1525 1909 1607 1938 vota
1628 1915 1713 1936 nun-

1009 1960 1154 2002 cupanti
1169 1969 1231 2001 pro
1255 1959 1365 1990 amico
1380 1957 1594 1998 navigaturo,
1616 1965 1713 1987 aver-

1010 2010 1120 2052 titque
1136 2008 1199 2040 hoc
1212 2008 1313 2040 modo
1330 2016 1453 2039 omen:
1478 2014 1609 2038 summa
1624 2005 1714 2037 enim

1010 2070 1094 2092 cura
1117 2059 1360 2098 adhibebatur,
1371 2062 1411 2089 ut
1432 2067 1476 2089 ne
1492 2057 1660 2099 quid‚aut
1671 2065 1715 2088 ne

1009 2114 1099 2145 mala
1114 2122 1182 2144 vox
1197 2113 1417 2152 obstreperet
1431 2109 1623 2141 orantibus.

1053 2169 1078 2198 fir
1098 2164 1260 2207 Neptune]
1282 2163 1469 2205 Neptunus
1479 2162 1576 2194 Deus
1590 2160 1706 2192 maris.

1052 2219 1074 2248 6
1099 2214 1300 2257 Depositum]
1323 2214 1381 2247 Sic
1396 2213 1609 2247 D.Joannes
1620 2211 1716 2244 Hist.

1010 2267 1109 2299 Eccl.
1135 2267 1196 2299 lib.
1221 2275 1279 2298 ιιι.
1297 2275 1377 2306 cap.
1403 2267 1459 2296 23.
1485 2267 1648 2305 repetens
1673 2261 1716 2294 ab

1015 2317 1177 2359 episcopo
1225 2315 1480 2348 adolescentem
1534 2312 1717 2356 quendam,

1014 2378 1115 2410 quem
1133 2367 1206 2408 ejus
1227 2366 1309 2398 fidei
1321 2366 1539 2398 commiserat
1555 2364 1629 2395 haec
1645 2363 1716 2394 ait:

1008 2419 1088 2459 Ἄγε
1111 2418 1160 2457 δὴ,
1172 2417 1195 2450 ὦ
1210 2417 1370 2457 ἐπίσκοπε,
1383 2416 1442 2454 τὴν
1455 2412 1716 2456 παρακαταθήκην

1011 2468 1123 2502 ἀπόδος
1137 2468 1217 2508 ἡμῖν.
1263 2468 1340 2509 Eia,
1354 2467 1502 2508 episcope,
1517 2466 1611 2497 redde
1629 2465 1718 2496 nobis

1011 2521 1192 2563 depositum.

1056 2575 1076 2604 7
1098 2571 1225 2604 Animae
1238 2569 1378 2611 partem]
1400 2567 1490 2602 Quia
1507 2565 1618 2607 magis
1634 2565 1718 2597 vivi-

1013 2632 1088 2656 mus
1107 2622 1142 2654 in
1158 2621 1276 2654 amicis
1291 2619 1430 2659 nostris,
1444 2627 1545 2659 quam
1559 2618 1594 2648 in
1606 2616 1718 2648 uobis-

1014 2678 1088 2707 met
1113 2673 1207 2715 ipsis,
1230 2675 1267 2703 et
1288 2668 1557 2712 Pythagoricum
1571 2667 1636 2699 hoc
1659 2665 1720 2698 σώ-

1015 2735 1101 2765 ματα.
1117 2721 1175 2763 μὲν
1189 2721 1255 2762 δύο,
1266 2719 1353 2762 ψυχὴ
1367 2717 1400 2751 δὲ
1413 2717 1481 2760 μία,
1493 2727 1624 2760 corpora
1648 2717 1716 2759 qai-

1016 2776 1086 2808 dem
1098 2775 1169 2816 duo,
1180 2773 1301 2805 animm
1313 2774 1417 2804 autem
1429 2778 1519 2802 unus.
