1800 3060
226 189 314 233 282
726 201 765 231 Ρ.
800 198 992 230 PAPINH
1029 197 1197 230 s‘rA'rn

460 297 616 339 AEneis
637 295 914 338 venerabitur
929 298 1173 339 canentem.
1642 296 1700 340 80

461 365 561 408 Nec
581 364 727 406 solum
744 363 862 406 dabo
883 364 1092 406 carminis
1112 364 1322 417 nitorem,

460 433 554 475 Sed
577 431 706 475 taedis
727 431 974 486 genialibus
990 432 1153 474 dicabo

461 502 668 551 Doctam,
689 505 823 557 atque
844 500 1019 555 ingenio
1041 514 1125 542 suo
1147 501 1379 545 decoram:

465 569 659 621 Qualem
679 569 847 612 blanda
865 568 1041 620 Venus,
1062 570 1272 624 daretque
1291 570 1322 612 J
1325 584 1429 613 uno.

463 638 642 690 Forma,
663 638 967 693 simplicitate,
987 638 1217 689 comitate,

468 705 632 756 Censu,
654 706 884 760 sanguine,
907 706 1065 761 gratia,
1086 705 1264 748 decore.

461 775 522 816 Et
540 778 714 816 vestros
742 774 1023 830 Hymenaeon
1045 779 1148 817 ante
1165 779 1322 830 postes

463 843 647 886 Faustis
669 843 878 884 cantibus
897 842 1000 897 ipsa
1018 843 1288 897 personabo·

462 911 503 952 Ο
523 923 657 953 saevae
677 910 878 963 nimium,
899 923 1144 966 gravesque
1167 910 1351 953 Parcae!

232 1062 353 1101 cantas,
367 1058 569 1091 reverebitur.
620 1058 686 1091 Nec
709 1059 807 1090 solum
828 1058 890 1090 tibi
915 1058 995 1090 dabo
1020 1058 1170 1091 carminis
1191 1059 1392 1101 elegantiam,
1414 1060 1470 1092 sed
1484 1059 1621 1101 ,fungum
1641 1059 1704 1093 tibi

221 1102 351 1141 facibus
375 1102 568 1142 nuptialibus
590 1112 720 1134 uxorem
745 1102 914 1140 eruditam,
937 1105 967 1134 et
990 1102 1219 1135 convenientem
1231 1107 1286 1135 tuo
1300 1103 1439 1143 ingenio,
1453 1105 1573 1145 qualem
1588 1104 1702 1135 blanda

237 1145 340 1177 Venus
353 1156 390 1178 ac
403 1147 488 1177 me
503 1145 562 1177 tibi
576 1147 700 1185 dur-ent,
713 1146 880 1186 praeditam
886 1145 1006 1185 formu,
1020 1145 1236 1187 simplicitate,
1248 1146 1407 1188 comitate,
1422 1146 1560 1188 anatis,
1571 1156 1698 1187 genere,

230 1188 350 1231 decore,
363 1189 486 1230 gratia,
501 1193 532 1221 et
546 1189 616 1231 ipsa
636 1189 766 1221 cantabo
783 1188 1036 1229 Epithalamium
1058 1192 1199 1221 vestrum
1223 1192 1296 1222 ante
1311 1189 1404 1230 sores
1425 1193 1559 1224 vestras.
1605 1190 1635 1221 0
1650 1189 1701 1221 ni-

848 1285 1087 1300 OmeuooeeO

232 1354 277 1384 82
299 1352 427 1384 Venet.
452 1355 484 1384 1.
508 1352 599 1384 taedis
618 1352 910 1392 genitalibus—83
934 1353 1023 1386 Edd.
1044 1357 1131 1386 vett.
1152 1352 1329 1395 exhibent,
1350 1353 1477 1394 ingenio
1499 1355 1574 1386 ἤια.-
1594 1352 1703 1385 lectio

231 1399 350 1428 nostra
364 1401 418 1428 est
433 1406 477 1428 ex
491 1395 735 1428 emendatione
753 1396 1064 1429 Marklandi.—85.
1087 1400 1131 1429 86
1153 1398 1163 1416 ‘
1180 1397 1309 1428 Versus
1323 1396 1380 1428 hic
1400 1397 1486 1438 (85.)
1506 1396 1648 1429 trivialis
1664 1400 1701 1428 et

232 1439 396 1471 insititius
411 1448 430 1470 e
447 1439 600 1480 margine
617 1439 752 1471 videtur
768 1439 962 1482 irrepsisse,
984 1439 1028 1472 ob
1053 1439 1315 1472 similitudinem
1339 1440 1526 1482 sequentis,
1547 1440 1605 1482 qui
1626 1439 1702 1471 sine

233 1481 340 1514 dubio
365 1482 543 1514 Statianus
568 1481 648 1514 est.’
674 1483 806 1516 Gevart.
851 1483 862 1501 ‘
879 1482 1062 1515 Assentior
1087 1483 1132 1514 de
1154 1483 1264 1525 primo
1287 1481 1389 1526 (85.).
1412 1487 1450 1515 et
1476 1482 1569 1515 idem
1595 1483 1704 1514 etiam

233 1534 360 1557 censeo
382 1525 425 1556 de
447 1526 556 1557 altero
581 1524 687 1568 (86.);
708 1535 834 1567 nempe
860 1530 1019 1558 neutrum
1047 1526 1151 1559 Statii
1173 1536 1262 1558 esse.
1307 1524 1420 1558 Aufer
1442 1525 1560 1568 itaque
1585 1534 1704 1557 versus

232 1569 322 1600 male
337 1572 449 1609 natos,
463 1574 499 1600 et
514 1569 585 1600 sine
601 1569 723 1610 quibus
736 1569 867 1610 optime
883 1569 1045 1611 procedit
1069 1578 1208 1609 sensus;
1231 1573 1270 1601 et
1291 1568 1485 1601 Monachus
1504 1578 1600 1600 suam
1619 1569 1704 1599 Grn-

232 1611 312 1643 tiam
327 1612 392 1643 sibi
408 1612 560 1644 habea&
581 1612 705 1644 Markl.
751 1613 761 1630 ‘
780 1612 859 1644 Non
875 1613 1045 1644 assentior
1059 1612 1260 1645 doctissimo
1273 1612 1455 1652 Gevartio,
1470 1611 1616 1644 trivialis
1633 1611 1705 1642 elo-

233 1655 291 1695 gio
315 1655 407 1687 hunc
433 1665 567 1687 versum
595 1655 726 1696 ejicere
752 1660 945 1688 conantem.
991 1656 1096 1690 Quasi
1118 1666 1200 1688 vero
1225 1665 1292 1687 non
1306 1656 1371 1687 hoc
1395 1665 1504 1697 genus
1519 1655 1590 1695 alii,
1611 1653 1706 1695 apud

232 1698 322 1730 hunc
338 1703 505 1740 nostruin,
533 1699 739 1739 Martialem,
754 1703 791 1730 et
807 1699 838 1730 in
857 1698 973 1740 primis
987 1699 1178 1739 Sidonium,
1194 1699 1333 1731 nimium
1353 1703 1467 1730 tamen
1490 1698 1618 1730 talibus
1639 1696 1705 1729 sibi

232 1741 484 1782 indulgentem,
504 1742 687 1783 supersint.
732 1742 960 1783 Papinianum
976 1752 1051 1774 esse
1074 1743 1130 1774 vel
1146 1743 1208 1774 hoc
1224 1742 1340 1783 arguit
1354 1741 1446 1784 quod
1463 1741 1546 1773 nihil
1563 1743 1704 1782 repetat

236 1784 336 1816 sociis
366 1785 436 1816 suis
466 1789 524 1817 aut
552 1783 682 1816 dictum
713 1784 802 1826 jam,
826 1790 887 1817 aut
912 1786 1013 1827 paulo
1043 1790 1123 1826 post
1147 1784 1358 1817 dicendum.'
1379 1785 1499 1817 Barth.
1553 1785 1703 1816 Linden-

234 1827 373 1870 brogius
393 1829 488 1871 conj.
538 1828 651 1871 censu,
672 1829 840 1869 sanguine,
864 1828 986 1870 gratia,
1013 1829 1214 1870 lepore—88
1238 1828 1343 1861 Festis
1363 1828 1505 1860 cantibus
1520 1827 1600 1860 edd.
1618 1831 1706 1860 vett.

898 1926 1039 1960 NOTAE

278 2003 321 2033 80
343 2001 456 2034 AEneis
469 2001 670 2034 venerabitur
685 2002 862 2044 canentem]
877 2003 946 2036 Pa-

236 2053 351 2095 pinius
366 2053 410 2085 ob
432 2053 522 2085 hunc
539 2063 689 2095 versum,
711 2058 748 2085 et
773 2054 865 2097 quod
891 2064 946 2087 su-

237 2114 302 2146 pra
317 2104 429 2136 Baetis
454 2104 492 2136 in
518 2109 698 2136 certamen
726 2105 894 2137 Meletem
910 2109 948 2138 et

235 2156 418 2188 Mantuam
431 2160 612 2197 provocat,
628 2155 833 2188 criticorum
846 2156 949 2198 sugil-

234 2208 382 2240 lationes
399 2205 555 2249 effugere
570 2217 638 2239 non
654 2207 778 2249 potuit,
791 2217 811 2239 e
823 2207 948 2250 quibus

237 2268 345 2290 unus:
370 2257 572 2290 ‘Lucanum
589 2258 708 2299 igitur,
732 2258 760 2290 si
780 2258 856 2290 Diis
873 2258 948 2300 pla-

237 2310 318 2351 cet‚'
349 2309 475 2352 inquit,
500 2308 510 2326 ‘
523 2309 629 2342 etiam
658 2308 796 2341 Maroni
827 2318 947 2350 parem

236 2360 355 2393 facere
372 2360 445 2392 ausi
461 2365 559 2393 sunt:
583 2360 726 2402 quinon
754 2365 825 2392 tam
855 2359 948 2391 illius

237 2413 524 2454 magnitudinem,
544 2423 647 2456 quam
662 2424 757 2446 suam
773 2414 950 2446 insolenti·

237 2474 293 2496 am
308 2464 348 2496 iis
364 2464 503 2506 ineptiis
519 2464 729 2507 prodidere.'

239 2515 326 2558 pinii
342 2516 460 2548 vitam.

281 2570 325 2600 84
351 2567 466 2609 Venus,
493 2568 596 2610 Jano]
641 2569 758 2602 Venus
788 2573 827 2603 et
853 2569 946 2603 Juuo

238 2618 326 2651 Deae
340 2619 553 2660 nuptiarum.
598 2619 714 2652 Venus
729 2621 843 2653 blanda
857 2620 945 2653 dici·

239 2672 310 2709 tur,
324 2669 408 2711 quia
422 2673 531 2702 mater
546 2669 762 2703 Gratiarum.

281 2723 323 2752 85
335 2721 466 2761 Forma,
480 2721 694 2762 simplicitate,
704 2722 867 2764 comitate]
881 2721 950 2755 Ge·

239 2772 370 2805 vat-tius
384 2772 497 2805 credit
509 2773 599 2806 hunc
617 2783 752 2806 versum
767 2774 949 2807 insititiam

774 2465 865 2498 Vide
880 2465 948 2498 Pa-

1001 2013 1092 2045 esse,
1106 2006 1143 2036 et
1154 2012 1174 2036 e
1187 2001 1343 2045 margine
1355 2001 1536 2044 irrepsisse
1551 1999 1597 2033 ob
1613 1999 1706 2032 simi·

1000 2054 1184 2088 titudinem
1199 2054 1388 2097 sequentis,
1411 2063 1511 2095 quem
1534 2051 1639 2085 Statii
1655 2061 1708 2082 es-

1001 2117 1038 2139 se
1053 2107 1141 2148 vult,
1165 2110 1203 2138 et
1227 2114 1387 2148 peccasse
1402 2113 1539 2146 operas,
1561 2102 1643 2135 dum
1668 2102 1708 2134 il·

1000 2158 1072 2190 lum
1087 2157 1225 2190 diverso
1240 2157 1442 2189 charactere
1458 2154 1656 2187 ediderunt.

1043 2211 1086 2241 87
1110 2209 1156 2240 Et
1170 2211 1287 2239 vestros
1302 2206 1497 2249 Hymaenoeon
1510 2208 1584 2237 ante
1602 2206 1708 2246 posta

1001 2259 1133 2291 Fausti-3
1143 2257 1279 2300 [Fastis]
1289 2257 1432 2290 cantibus
1441 2257 1510 2298 ipsa
1519 2254 1707 2298 personabo]

1000 2310 1131 2352 Tangit
1144 2319 1287 2351 morem,
1309 2318 1376 2351 quo
1393 2307 1619 2349 Hymenaeus,
1635 2306 1707 2338 sive

1002 2360 1260 2404 epithalamium
1285 2363 1366 2392 ante
1382 2357 1523 2391 thalami
1535 2355 1628 2389 fores
1651 2365 1709 2388 ca-

1002 2413 1162 2445 nebatur.
1202 2411 1294 2443 Vide
1308 2410 1427 2451 Epith.
1438 2408 1555 2441 Stella».
1571 2417 1622 2440 vs.
1631 2409 1709 2439 243.

1002 2466 1112 2498 Erant
1122 2469 1238 2496 autem
1248 2461 1316 2494 duo
1326 2459 1632 2503 Epithalamiorum
1649 2468 1709 2500 ge-

1002 2525 1102 2548 nera:
1127 2515 1276 2546 alterum
1291 2509 1618 2544 accineresolebant
1635 2519 1708 2542 ves·
1744 2515 1754 2526 ·

1000 2574 1096 2609 pere,
1108 2574 1184 2597 cum
1195 2572 1323 2605 sponsa
1335 2561 1370 2593 in
1384 2560 1569 2594 thalamum
1580 2559 1708 2592 deduc-

1001 2624 1040 2652 ta
1051 2617 1162 2657 foret3
1179 2615 1271 2658 quod
1284 2611 1543 2653 κατακοιμητυὼν
1554 2611 1710 2653 appella-

1000 2669 1104 2703 bant:
1121 2668 1267 2700 alterum
1279 2673 1379 2697 mane
1393 2662 1458 2695 sub
1474 2671 1597 2695 aurora
1607 2670 1709 2694 cane-

1001 2721 1124 2755 batur:
1146 2717 1250 2760 idque
1265 2713 1465 2757 διεγερτικὸν,
1482 2713 1518 2746 id
1534 2718 1599 2757 est,
1622 2711 1709 2746 exci-

1001 2771 1151 2805 tator-ium
1165 2767 1367 2802 vocabatur.
