1800 3060
156 220 242 263 568
655 232 697 262 P.
731 230 919 262 nemu
953 230 1119 262 srA'rii

158 325 389 376 AEaciden‚
413 326 501 367 alio
523 326 755 380 frangebat
776 328 964 368 carmine
986 326 1165 368 Chiron.

156 394 290 436 Talia
311 394 412 435 dum
436 394 649 446 celebras,
671 396 864 437 subitam
887 395 1034 437 civilis
1055 395 1243 450 Erinnys
1532 395 1618 439 195

156 461 353 515 Tarpeio
375 461 428 502 de
449 466 598 503 monte
616 462 774 513 facem,
803 463 1118 517 Phlegraeaque
1136 464 1274 505 movit

157 530 348 571 Praelia:
380 529 608 583 sacrilegis
628 530 776 571 lucent
797 528 1020 584 Capitolia
1041 530 1188 581 taedis,

156 597 215 638 Et
237 597 462 638 Senonum
483 597 621 639 furias
643 598 789 640 Latiae
810 610 1003 640 sumsere
1021 599 1244 641 cohortes.

158 665 252 707 Vix
273 665 447 718 requies
467 664 673 716 flammae,
694 679 778 708 nec
797 666 899 707 dum
918 679 1048 719 rogus
1069 667 1141 708 ille
1163 668 1361 709 Deorum

158 733 348 783 Siderat,
370 733 541 774 excisis
562 746 663 774 cum
683 738 731 776 tu
749 734 911 776 solatia
930 734 1112 788 templis
1530 735 1617 777 200

155 800 362 855 Impiger,
385 803 429 841 et
448 801 634 842 multum
654 800 830 843 facibus
850 802 1044 844 velocior
1063 802 1191 856 ipsis,

156 867 367 922 Concipis
387 881 462 909 ore
481 869 574 923 pio,
597 869 864 924 captivaque
883 869 1068 912 fulmina
1088 870 1243 913 defles.

155 983 312 1021 optantem
328 981 437 1012 audire
450 981 544 1013 lituos
555 984 586 1012 et
601 990 687 1013 acres
701 981 803 1013 tubas.
847 982 936 1013 Dum
946 982 1012 1013 liaec
1023 981 1106 1022 agis,
1118 981 1221 1014 civilis
1226 982 1319 1021 suria
1331 982 1370 1015 de
1390 993 1466 1024 rupe
1483 982 1616 1024 Tarpeia

155 1024 251 1055 movit
279 1024 473 1065 repentinam
492 1024 612 1064 facem,
641 1034 678 1055 uc
707 1024 878 1064 Phlegraea
904 1025 1087 1056 certamina.
1133 1026 1324 1066 Capitolium
1348 1030 1487 1058 coruscat
1507 1026 1615 1067 impiis

155 1066 262 1106 toedis,
285 1070 316 1099 et
339 1067 479 1099 cohortes
502 1067 630 1099 Latinoe
649 1071 801 1108 correpta
813 1071 887 1099 sunt
901 1067 1015 1106 furore
1030 1067 1197 1100 Senonum.
1246 1069 1311 1101 Vix
1324 1068 1411 1109 ignis
1425 1072 1614 1101 temnerent:

155 1118 211 1140 nee
223 1111 297 1141 «lum
310 1109 387 1142 illud
400 1110 522 1142 bustum
537 1110 678 1142 Deorum
692 1114 760 1141 erut
771 1111 957 1150 extinctum,
969 1120 1038 1141 cum
1053 1114 1089 1143 tu
1098 1112 1234 1152 sedulus,
1242 1115 1273 1143 et
1282 1112 1372 1151 longe
1386 1112 1616 1154 celerior-flum-

153 1153 215 1184 mis
225 1153 313 1194 ipsis,
326 1153 414 1185 canis
428 1163 480 1185 ore
490 1154 636 1194 religioso
645 1154 785 1185 carmina
795 1154 830 1185 in
843 1153 989 1185 solatium
1002 1153 1178 1186 dirutorum
1192 1155 1388 1197 templorum,
1401 1158 1432 1187 et
1446 1156 1550 1196 ploras
1563 1154 1615 1186 ob-

766 1249 783 1260 e
787 1248 1004 1261 emme

155 1318 188 1347 2.
213 1321 247 1355 p.
264 1317 315 1347 10.
334 1318 370 1346 et
385 1314 434 1346 sie
447 1315 573 1348 Venet.
592 1318 732 1348 1.-194
758 1315 887 1347 Eadem
913 1315 1020 1348 editio
1035 1316 1203 1358 flagrabat
1231 1326 1294 1358 pro
1321 1315 1616 1356 frangebam—196

156 1358 365 1398 Phloegeaque
386 1357 421 1389 in
449 1357 694 1390 eadem—198
717 1358 806 1391 Edd.
835 1363 920 1391 vett.
941 1368 1063 1391 sensere
1076 1360 1225 1398 cohortes,
1244 1363 1371 1400 prater
1387 1359 1502 1391 Parm.
1517 1359 1617 1393 Rom.

155 1405 190 1433 et
204 1401 330 1432 Venet.
343 1402 375 1432 2.
391 1410 467 1441 quae
479 1401 626 1432 habent:
649 1411 785 1433 sumsere
800 1402 949 1441 cohortes,
965 1403 1132 1444 probante
1149 1403 1324 1434 Gronovio
1339 1402 1448 1434 Diatr.
1472 1412 1549 1444 cap.
1557 1405 1614 1434 57.

153 1446 262 1476 -200
285 1443 413 1475 Siderat
428 1443 552 1476 Salisb.
566 1444 682 1476 Parm.
698 1445 796 1476 Rom.
822 1449 858 1476 et
880 1444 1003 1477 Venet.
1019 1448 1050 1477 2.
1074 1445 1205 1478 Seaerat
1224 1445 1332 1478 Aldd.
1347 1445 1459 1478 Coliu.
1476 1445 1612 1486 Gryph.

153 1486 263 1519 Basil.
280 1486 398 1518 Plant.
414 1488 480 1519 διο.
507 1486 598 1518 Vide
610 1487 763 1520 Gronov.
779 1486 941 1520 obss.1v.
958 1490 996 1519 17
1002 1490 1120 1520 .—202
1145 1488 1294 1520 concinis
1305 1498 1357 1520 ore
1365 1488 1418 1529 pio
1433 1487 1513 1520 edd.
1527 1493 1616 1521 vett.

153 1530 299 1561 mutavit
315 1529 554 1562 Marklandus.
575 1530 758 1572 captivaque
777 1530 917 1572 flumina
943 1531 1052 1563 codex
1080 1532 1234 1564 Florent.
1260 1537 1297 1563 et
1314 1532 1412 1563 Rom.
1433 1531 1615 1573 captimque

145 1572 284 1611 fulmina
299 1573 410 1605 codex
423 1572 548 1605 Salisb.
563 1572 680 1606 Parm.
697 1578 733 1606 et
747 1573 873 1606 Venet.
888 1575 921 1606 2.
948 1580 986 1606 et
1009 1574 1058 1606 sic
1075 1574 1183 1606 edidit
1200 1575 1406 1607 Gronovius.
1422 1574 1614 1616 captivaque

818 1659 962 1692 NOTAE

198 1725 261 1756 194
293 1723 463 1765 AEaeiden]
507 1723 692 1765 Achillem,
723 1724 767 1756 ab
795 1734 860 1756 avo
914 1723 1055 1766 propius
1092 1725 1189 1757 Deos
1223 1723 1519 1766 aggrederentur:
1555 1724 1616 1756 sed

153 1773 266 1807 AEaco.
313 1774 449 1816 Chiron]
481 1774 687 1816 Praeceptor
702 1773 859 1806 Achiuis.
914 1776 1069 1817 percussi
1083 1774 1283 1807 fulminibus
1297 1775 1485 1817 impietatis
1499 1783 1618 1816 poenas

198 1829 259 1858 195
285 1826 398 1858 Civilis
418 1826 574 1869 Erynnis]
600 1825 772 1867 Intelligit
787 1826 860 1858 bel-

154 1877 224 1908 lum
252 1875 355 1908 civile
380 1882 514 1918 gestum
539 1878 629 1908 inter
647 1875 862 1918 Vitellianos,

154 1932 191 1959 et
216 1927 370 1958 Flavium
392 1927 556 1959 Sabinum
571 1926 715 1959 fratrem
731 1927 862 1968 Vespa-

153 1977 252 2015 siani,
271 1977 327 2019 qni
352 1987 430 2009 cum
454 1978 655 2010 Domitiano
677 1987 754 2009 sese
768 1987 862 2010 rece-

153 2032 257 2069 perat
282 2028 318 2059 in
350 2027 558 2069 Capitolium
590 2027 634 2059 ad
665 2027 861 2059 evitandam

152 2078 287 2111 illorum
313 2078 393 2110 vim.
436 2077 526 2110 Vide
551 2078 707 2111 Tacitum
723 2082 760 2110 et
777 2078 862 2110 Sue-

155 2128 299 2161 tunium.

197 2181 262 2212 196
287 2178 420 2220 Turpeio
441 2178 480 2210 de
503 2181 606 2210 monte
619 2177 741 2219 facem]
767 2177 862 2210 Allu-

155 2229 207 2263 dit
222 2229 266 2261 ad
281 2228 476 2262 incendium
491 2228 667 2270 Capitolii,
694 2228 783 2270 quod
804 2238 860 2260 ac-

152 2279 238 2312 cidit
255 2280 291 2311 in
305 2279 372 2311 hoc
388 2278 494 2319 bello,
508 2278 718 2318 Vitellianis,
734 2282 772 2309 ut
786 2287 860 2310 cre-

154 2331 264 2364 ditum
281 2335 348 2372 est,
369 2331 485 2372 ignem
500 2330 732 2372 injicientibus
748 2331 781 2362 in
797 2331 862 2362 Ca-

154 2383 327 2425 pitolium.
384 2381 533 2422 Tarpeio]
566 2381 655 2414 Quia
682 2381 739 2413 ille
763 2390 859 2412 mous

153 2433 189 2465 in
204 2442 272 2474 quo
287 2430 464 2464 conditum
489 2430 711 2472 Capitolium,
727 2431 859 2472 Tarpe-

153 2483 206 2515 ius
221 2482 420 2514 vocabatur.
466 2482 635 2522 Phlegra-a
659 2482 755 2513 movit
771 2482 861 2514 Proe-

155 2534 217 2566 lia.-
246 2532 410 2571 scum'legis
434 2532 539 2563 lucent
569 2531 729 2572 Capitolia
753 2531 860 2573 taedis]

155 2583 335 2617 Vitelliani
357 2582 447 2614 enim
473 2582 661 2624 injiciendo
686 2583 800 2624 ignem
826 2583 863 2615 in

156 2635 368 2677 capitolium
396 2632 524 2664 bellum
556 2633 634 2665 Diis
661 2633 863 2674 intulerunt,

157 2693 194 2718 et
223 2685 349 2718 imitati
375 2688 455 2715 sunt
480 2683 632 2715 furorem
660 2684 863 2726 Gigantum,

158 2737 215 2779 qui
253 2736 373 2768 sumtis
411 2735 514 2767 armis
551 2735 717 2768 adversus
752 2737 862 2776 Deos,

156 2792 287 2821 montes
316 2787 489 2820 montibus
518 2786 767 2830 imposuerunt,
794 2797 863 2830 quo

914 1825 1096 1858 dederunt.
1140 1826 1219 1858 Hoc
1243 1830 1358 1858 autem
1382 1824 1510 1858 dicitur
1529 1825 1620 1857 acci-

916 1877 1008 1909 disse
1024 1877 1057 1908 in
1071 1877 1199 1918 campis
1213 1876 1404 1918 Phlegraeis
1417 1886 1524 1917 prope
1537 1876 1619 1908 Pal-

915 1928 1015 1959 lenen
1030 1927 1064 1959 in
1078 1927 1298 1968 Macedonia,
1320 1926 1411 1959 unde
1432 1926 1519 1959 dicit
1530 1926 1617 1968 phle-

913 1987 1003 2016 groea
1013 1978 1137 2019 proelia.
1174 1977 1361 2018 sacrilegis]
1375 1978 1467 2011 Quia
1481 1979 1515 2010 in
1531 1981 1617 2010 tem-

916 2028 972 2069 pla
987 2029 1138 2060 Deorum
1153 2028 1304 2069 injectae.

959 2080 1022 2110 198
1045 2078 1091 2109 Et
1113 2077 1268 2110 Senonum
1284 2078 1514 2118 furiaaLatioe
1533 2089 1618 2111 um-

915 2137 983 2160 sere
1005 2129 1158 2170 cohortes]
1196 2129 1351 2171 Optime,
1375 2131 1386 2148 ‘
1401 2130 1543 2163 Sumere
1564 2130 1618 2163 fu-

915 2178 1006 2220 rias,’
1029 2183 1068 2211 ut
1090 2183 1101 2198 ¹
1116 2189 1251 2211 sumere
1278 2179 1428 2213 bellum!
1473 2181 1594 2213 Florus
1608 2191 1619 2213 ε

915 2230 924 2246 ‘
940 2229 1015 2261 Nec
1031 2233 1162 2261 temere
1177 2234 1319 2270 sumtus,
1333 2233 1373 2262 ut
1387 2230 1542 2263 barbaris
1557 2230 1618 2263 im-

915 2278 1039 2320 petus?
1080 2279 1202 2311 Mens:
1229 2280 1343 2312 Latias
1359 2289 1420 2312 seu
1447 2281 1617 2314 Romanas

914 2330 1072 2362 cohortes
1101 2336 1160 2362 aut
1191 2331 1344 2371 legiones
1370 2331 1490 2363 iisdem
1515 2331 1618 2365 furiis

914 2387 1023 2422 actas,
1043 2382 1166 2424 quibus
1180 2382 1331 2414 Senones
1347 2383 1452 2423 Galli,
1474 2393 1551 2417 cum
1567 2378 1618 2416 in·

914 2433 1068 2465 tulerunt
1082 2432 1177 2465 faces
1194 2433 1229 2464 in
1245 2434 1453 2474 Capitolium
1469 2440 1507 2466 et
1521 2438 1615 2467 tectu

915 2484 1048 2515 Romae.
1085 2484 1179 2515 Nota
1197 2483 1351 2517 historia.
1386 2485 1534 2518 Consule
1548 2484 1616 2517 his-

916 2534 1045 2566 toricos
1060 2534 1242 2566 Romanos.

959 2586 1022 2616 199
1035 2584 1147 2623 Rogas
1157 2585 1212 2615 ille
1224 2584 1376 2626 Deorum]
1397 2585 1494 2616 Bene
1507 2594 1615 2627 rogus,

917 2635 999 2676 quia
1013 2634 1077 2666 hoc
1092 2634 1252 2666 incendio
1265 2633 1446 2665 simulacra
1460 2634 1615 2668 Deorum

916 2692 1040 2716 exusta
1054 2690 1147 2715 sunt.

957 2738 1023 2767 202
1049 2734 1193 2775 Concipis
1215 2742 1268 2764 ore
1288 2733 1358 2774 pio]
1394 2733 1471 2766 Hoc
1498 2734 1612 2768 incen->

917 2786 1009 2818 dium
1027 2783 1189 2827 Capitolii
1214 2783 1383 2824 Papinius
1409 2784 1523 2817 senior
1545 2784 1614 2817 sin-

1780 1893 1786 1909 Ι
1794 1822 1795 1827 Α
1780 1565 1800 1801 ³2⁵³*ffl-mt'253
1779 1426 1800 1557 &afflar-
1788 1403 1790 1406 ⁴
1790 1381 1799 1390 r
1780 1347 1800 1371 Γ
