1800 3060
545 216 822 250 svnvsnum
870 215 963 246 mu.
998 214 1070 244 ιιι.
1093 204 1135 246 2.

1478 198 1563 240 327

112 318 337 366 Fluctuet‚
357 319 435 358 aut
455 313 596 356 Siculi
617 311 876 367 populatrix
897 310 1020 363 virgo
1039 307 1273 365 profundi?

113 385 244 438 Quos
265 383 346 426 tibi
366 381 557 426 currenti
579 393 777 436 praeceps
797 380 910 421 ferat
928 376 1071 419 Adria
1088 376 1265 418 mores'l

111 517 218 550 unda?
243 528 286 550 an
311 517 486 549 :munta
511 486 662 555 agimur,
676 512 863 554 Charybdin,
885 514 941 543 axe
966 510 1057 550 virgo
1076 508 1254 551 praelatu-iz
1277 507 1380 540 Sicuti
1404 507 1566 548 equor-iar

113 562 216 598 Quam
239 561 338 601 legem
353 559 456 592 Adria
477 568 569 602 passa
589 557 644 598 sie,
670 560 700 588 te
714 555 904 596 navigante?
928 553 1008 590 Quoe
1022 553 1128 592 suerit
1152 539 1366 596 granquillil‘au
1392 550 1563 592 capatu-

718 648 956 662 “tecte-oeteo

116 722 233 755 Amor.
249 731 290 754 ιι.
306 724 359 754 16.
372 723 427 754 26.
443 719 539 762 legit,
553 722 638 752 lorea
655 717 830 760 Charybdis
840 727 852 754 ,-
873 722 911 748 et
925 716 975 748 ita
990 716 1023 747 in
1039 716 1242 748 Parnm—8¹1
1266 714 1381 746 Parin.
1405 718 1442 746 et
1471 713 1569 747 Rom.

776 802 913 837 No‘rAE

117 887 178 912 ιιι.
204 884 241 911 et
265 878 407 911 Homer.
432 877 560 920 Odyss.
590 881 634 909 Μ.
677 874 746 908 Sed
764 883 817 907 re·

118 939 202 970 ¹vera
221 929 412 971 Charybdis
436 928 519 960 nibil
541 927 632 960 aliud
648 930 702 958 est
718 934 817 967 quam

117 989 208 1013 mare
231 980 452 1020 vorticosum,
467 983 503 1011 et
517 979 614 1020 quasi
638 978 671 1009 in
687 977 816 1008 hiatum

118 1031 344 1066 descendens.
391 1030 518 1063 Plinius
540 1029 599 1061 lib.
613 1037 670 1060 ιιι.
691 1037 767 1069 cap.
783 1029 815 1059 8.

117 1082 194 1115 haec
208 1083 350 1115 scribit:
374 1081 384 1100 ‘
402 1081 443 1113 In
459 1090 500 1112 eo
512 1079 614 1120 freto,
627 1078 751 1118 Siculo,
762 1082 817 1109 est

118 1133 280 1174 scopulus
295 1132 401 1174 Sylla,
412 1132 494 1164 item
506 1129 709 1172 charybdin,
724 1138 815 1160 mare

119 1184 339 1223 vorticosum,
349 1182 446 1214 ambo
457 1182 549 1213 clara
561 1179 717 1212 sevitia!
755 1180 817 1211 Di-

120 1234 241 1277 dymus
260 1233 403 1266 Homeri
417 1231 643 1264 Scholiastes:
665 1227 820 1270 Χάρυβδις

119 1283 281 1323 θαλάσσης
291 1282 385 1321 was
398 1281 594 1315 ἆνατοτωόν.
629 1279 819 1322 Charybdis,

116 1344 247 1376 gnrgea,
260 1345 319 1376 qua
332 1343 417 1365 aare
430 1332 619 1365 absorbetur.
655 1331 817 1362 Ceterum

119 1385 281 1419 discimus
316 1393 360 1416 ex
390 1383 547 1424 Epistola
581 1384 638 1414 ⁷9.
668 1381 821 1419 Senecae,

119 1437 280 1480 quiequid
295 1436 354 1468 illo
375 1434 456 1467 freti
479 1434 614 1466 turbine
638 1431 819 1473 abreptum

121 1491 209 1528 ent,
221 1495 283 1528 per
296 1486 400 1517 multa
412 1484 515 1516 millia
529 1484 615 1516 trabi
631 1482 820 1518 conditum,

122 1543 160 1571 et
173 1537 264 1570 circa
273 1535 587 1568 'taurominitanum
598 1533 694 1565 littus
711 1541 820 1564 emer-

122 1596 219 1631 gere.
264 1587 416 1628 Hujusce
441 1594 520 1616 vero
549 1584 713 1616 rationem
743 1582 820 1614 vide

122 1637 214 1680 apud
237 1637 443 1670 Cluverium.
488 1636 626 1667 Fretum
652 1635 716 1667 boc
738 1634 821 1666 aSi·

123 1689 208 1722 culis
233 1687 334 1720 hodie
357 1687 469 1719 vocari
487 1685 696 1727 Calopkmm
716 1689 820 1717 testa-

124 1746 181 1772 tur
196 1738 462 1780 Fazellns‚qnod
482 1737 600 1769 Latine
615 1736 740 1768 bonum
751 1737 821 1767 sive

126 1790 306 1832 pulchrum
326 1793 383 1820 est
397 1788 510 1820 lumen
528 1797 539 1827 ;
559 1787 604 1819 ob
620 1786 655 1818 id
681 1786 770 1828 quod
786 1786 822 1818 in

125 1841 280 1884 proximo
293 1840 411 1872 littore
425 1839 470 1871 sit
491 1839 641 1880 specula,
655 1847 729 1880 quae
746 1847 823 1870 cau·

124 1896 198 1937 tum
208 1890 557 1933 praeternavigatnris,
569 1894 689 1921 contra
699 1889 822 1921 vicinae

124 1941 316 1983 Charybdis
330 1941 450 1982 minas,
465 1941 575 1972 lumen
592 1941 736 1982 praebet.

167 1996 212 2026 86
232 1992 302 2024 Ant
325 1991 427 2024 Sindi
449 1992 629 2033 populatrix
642 1991 732 2031 virgo
752 2001 822 2031 pro-

124 2043 232 2084 fundi]
269 2044 338 2074 Per
377 2043 541 2083 virginem
572 2042 821 2083 populatricem

127 2095 232 2126 Siculi
249 2092 406 2135 profundi
429 2093 589 2134 designat
605 2092 713 2124 Poeta
729 2092 824 2134 Scyl·

130 2145 212 2184 lam,
249 2153 350 2186 quam
387 2148 576 2174 monstrum
614 2151 689 2174 esse
722 2142 825 2173 etiam

127 2196 300 2229 finxerunt
313 2194 376 2226 sub
390 2194 552 2226 altissimo
572 2194 713 2234 scopulo
734 2193 826 2225 habi-

132 2252 220 2286 tans,
229 2245 423 2286 habensque
435 2243 613 2276 duodecim
625 2243 828 2276 foedissimos

131 2295 251 2338 pedes,
268 2301 303 2327 et
319 2304 381 2326 sex
399 2294 595 2335 longissima
617 2294 744 2335 capita,
758 2294 830 2336 qui-

130 2347 193 2379 bua
215 2345 371 2378 nimirum
393 2345 448 2376 vel
471 2345 711 2376 remotissimas
727 2344 770 2376 ad
792 2354 829 2376 se

130 2406 236 2444 nares
250 2394 455 2428 attrahebat.
498 2395 598 2427 Unde
621 2395 764 2436 Papinio
779 2395 830 2427 di-

132 2447 237 2488 eitur,
249 2447 348 2479 Siculi
370 2446 550 2487 populatrix
570 2445 728 2488 profundi.
775 2446 832 2478 lta

132 2497 315 2530 Homerus.
337 2495 427 2527 Vide
442 2499 479 2527 et
491 2495 612 2536 Vir-gil.
627 2495 759 2527 AEneid.
773 2504 831 2527 ιιι.

134 2547 207 2590 Alii
236 2548 337 2578 aliter
369 2555 444 2578 eam
476 2546 678 2588 depingunt.
724 2545 831 2577 Ovid.

134 2598 221 2632 Met.
235 2608 312 2631 ΣΝ.
327 2599 401 2630 vult
414 2598 561 2639 Scyllam
583 2597 709 2629 Phorci
728 2596 832 2629 filiam

134 2649 170 2681 in
184 2654 385 2687 monstrum,
399 2647 539 2680 canibus
554 2648 761 2680 succinctum
784 2649 832 2678 in·

137 2699 250 2741 guina,
279 2703 442 2731 mutatam
478 2697 583 2730 fuisse
610 2708 631 2729 a
661 2698 764 2730 Circe
798 2698 833 2728 in

139 2749 254 2783 odium
279 2750 415 2791 Glauci,
426 2750 497 2792 qui,
514 2759 556 2782 ea
580 2753 712 2792 spreta,
738 2747 834 2790 Scyl-

869 874 936 906 lam
965 872 1121 912 ardebat,
1146 876 1182 904 et
1208 871 1346 903 tandem
1370 880 1571 903 conversam

871 925 975 957 fuisse
1005 924 1040 955 in
1067 923 1245 964 scopulum
1274 922 1419 954 bumana
1448 921 1571 962 forma,

871 984 1108 1015 cavernosum,
1124 974 1165 1006 ad
1190 973 1282 1016 quod
1304 974 1406 1005 maris
1432 973 1572 1005 oestnosi

870 1025 994 1058 fluctus
1016 1025 1156 1057 refracti
1184 1025 1344 1056 latratum
1367 1033 1490 1056 canum
1513 1033 1573 1056 ex-

869 1077 1034 1118 primunt.
1080 1076 1215 1107 Revera
1224 1075 1315 1107 enim
1331 1075 1446 1116 Scylla
1460 1074 1572 1106 Plinio

869 1129 1028 1169 scopulus
1054 1128 1089 1159 in
1113 1127 1204 1159 freto
1230 1127 1453 1166 Mamertino,
1481 1126 1573 1158 inter

868 1179 1018 1211 Siciliam
1030 1183 1067 1210 et
1082 1177 1234 1209 Italiam.
1264 1177 1412 1218 Scyllam
1427 1181 1464 1208 et
1475 1176 1574 1218 Scyl·

871 1229 972 1260 laeum
988 1228 1141 1270 appellat
1154 1227 1288 1260 Strabo.
1335 1226 1450 1259 Hodie
1466 1227 1574 1269 Seyuo

871 1280 1012 1319 dicitnr,
1030 1284 1119 1312 teste
1132 1279 1279 1312 Fazello.
1322 1278 1475 1311 Isaacius
1490 1278 1574 1310 scri·

872 1332 922 1364 bit
938 1331 1083 1373 Scyllam
1099 1339 1175 1362 esse
1188 1329 1458 1371 promontorium
1468 1328 1575 1370 juxta

873 1383 1038 1423 Rhegium
1055 1382 1165 1414 Italiae
1187 1381 1224 1413 in
1249 1389 1343 1412 mare
1368 1380 1577 1421 prominens,

874 1434 910 1466 in
926 1443 992 1475 quo
1018 1438 1096 1465 sunt
1119 1441 1204 1464 saxa
1225 1431 1343 1471 multa,
1358 1435 1395 1462 et
1412 1430 1575 1471 ingentia,

872 1494 948 1526 quae
963 1484 1087 1515 babent
1103 1482 1246 1514 interius
1260 1491 1359 1521 cava,
1374 1490 1415 1512 ac
1437 1481 1576 1522 spelun-

873 1544 945 1574 cas,
967 1534 1000 1565 in
1015 1533 1139 1575 quibus
1154 1531 1314 1564 habitant
1335 1535 1484 1563 monstra
1506 1539 1575 1563 ma·

875 1584 971 1615 rina:
995 1583 1054 1615 ubi
1082 1582 1220 1624 navigia
1254 1580 1383 1613 fuerint
1412 1580 1456 1612 ab
1486 1590 1578 1623 aqna

874 1633 1064 1675 Charybdis
1075 1632 1165 1664 illisa
1177 1637 1215 1664 et
1228 1641 1361 1673 eversa,
1373 1636 1455 1664 tunc
1470 1631 1577 1664 homi-

874 1694 935 1717 nes
950 1684 994 1716 ab
1010 1684 1076 1715 illis
1092 1683 1250 1715 monstris
1263 1682 1433 1715 devorari.
1478 1681 1577 1715 Idem

874 1741 971 1768 extat
981 1734 1071 1776 apud
1083 1733 1256 1775 Apollonii
1272 1732 1395 1765 Rhodii
1408 1733 1579 1774 interpre-

876 1791 959 1827 tem,
973 1786 1030 1828 qui
1043 1785 1144 1818 estin
1158 1784 1250 1816 hunc
1270 1784 1382 1816 locum
1399 1785 1579 1816 consulen-

876 1837 952 1869 dus.
997 1836 1086 1868 Vide
1111 1837 1217 1868 etiam
1242 1835 1448 1867 Strabonem
1472 1834 1531 1866 lib.
1549 1844 1579 1867 1.

877 1888 935 1919 nbi
961 1887 1033 1919 vult
1050 1886 1251 1926 Homerum,
1270 1894 1348 1917 cum
1364 1884 1471 1917 tradit
1484 1885 1581 1927 Scyl-

876 1940 943 1971 lam
975 1937 1090 1969 venari
1114 1936 1250 1968 solitam
1273 1935 1385 1977 pisces
1411 1935 1581 1976 ingentes,

877 1990 966 2022 forte
994 1988 1184 2030 respexisse
1209 1986 1251 2019 ad
1274 1986 1489 2018 venationem
1510 1986 1580 2018 Ga·

877 2042 1046 2073 lectarum
1071 2039 1163 2080 apud
1196 2038 1393 2080 Scynaeum,
1416 2047 1491 2079 qnae
1518 2038 1580 2070 ibi-

879 2092 955 2124 ‹lem
972 2101 992 2123 a
1005 2090 1172 2123 Strabone
1187 2088 1403 2121 describitur.

922 2145 963 2175 87
986 2142 1104 2184 Adria]
1141 2141 1210 2172 Per
1243 2139 1386 2171 Adi-iam
1421 2138 1582 2180 intelligit

880 2192 1108 2231 Adriaticum,
1123 2200 1183 2222 seu
1210 2199 1372 2230 superum
1396 2198 1502 2228 mare,
1517 2188 1581 2220 hoe

881 2253 1005 2275 nomen
1020 2243 1179 2274 sortitum
1202 2241 1245 2273 ab
1262 2239 1369 2272 Adria
1384 2240 1468 2271 urbe
1483 2239 1582 2272 Grae·

882 2304 937 2334 ca,
960 2293 1098 2335 Illyrico
1114 2292 1199 2323 mari
1214 2291 1381 2333 proxima,
1402 2294 1440 2322 ut
1463 2291 1583 2323 volunt

883 2345 1048 2385 Polybius
1070 2344 1129 2378 lib.
1151 2352 1193 2374 ιι.
1214 2343 1328 2374 Livius
1345 2351 1380 2374 v.
1402 2342 1528 2374 Strabo
1547 2353 1582 2375 v.

885 2396 1014 2428 Plinius
1037 2394 1093 2426 lib.
1118 2402 1176 2424 ιιι.
1193 2393 1352 2427 Justinus
1377 2392 1436 2424 lib.
1460 2401 1525 2426 xx.
1545 2399 1583 2426 et

885 2444 1085 2477 Eustathius
1106 2444 1139 2475 in
1166 2443 1313 2484 Dionys.
1358 2442 1441 2482 Alii,
1457 2449 1496 2475 ut
1514 2443 1583 2476 Au·

883 2496 988 2527 relius
1018 2494 1139 2526 Victor
1162 2494 1196 2525 in
1221 2493 1385 2534 Adriano,
1408 2493 1451 2525 ab
1477 2494 1584 2526 Adria

884 2545 1144 2578 Maruciuornm
1180 2545 1252 2586 agri
1288 2544 1412 2576 Piceni
1446 2544 1585 2585 oppido.

887 2596 986 2628 Ferre
1011 2594 1125 2636 mores]
1147 2594 1334 2628 Gevartius
1358 2603 1456 2625 mores
1475 2595 1585 2626 Adrioe

886 2646 1040 2687 explicat
1066 2650 1222 2678 naturam
1237 2650 1274 2677 et
1296 2644 1495 2677 affectiones
1510 2646 1584 2687 ejus

886 2698 1001 2734 maris,
1016 2701 1056 2729 ut
1077 2697 1211 2729 Graecis
1232 2697 1291 2734 ἤθη
1313 2695 1485 2728 dicuntur.
1527 2696 1586 2728 Ita

885 2747 1059 2781 'tibullus‘
1083 2757 1210 2780 morem
1233 2745 1445 2789 Charybdis,’
1471 2747 1586 2788 Virgi-
