1800 3060
229 197 313 239 176

723 208 764 237 P.
799 207 987 238 PAPan
1022 208 1188 238 STATn

463 302 624 355 Largis
645 303 887 355 gratuitum
908 302 1026 344 cadit
1046 303 1230 357 rapinis.

463 370 631 412 Molles
649 371 837 420 caseoli,
857 370 1192 423 lucunculique,

459 438 518 479 Et
538 437 698 479 massis
720 435 934 479 Amerina
953 448 1042 477 non
1062 437 1267 491 perustis,

230 565 272 596 ad
287 564 391 604 largas
414 561 613 603 direptiones.
658 560 799 593 Delicuti
823 560 938 602 Cuioli,
955 564 988 593 et
1013 560 1186 601 lagunculi,
1205 569 1344 603 pyraque
1357 560 1509 592 Amerina
1524 570 1582 592 non
1598 561 1689 592 tostis

843 646 962 658 eeeee

964 645 1081 658 oooooo

229 704 356 734 Venet.
372 705 403 734 1.
420 706 456 734 et
480 702 683 733 Parm.——16
706 700 822 733 Parm.
844 702 923 732 calet
951 701 1083 742 rupinis.
1127 701 1342 732 versiculum
1363 700 1517 741 ineptum
1545 704 1605 732 aut
1630 699 1689 732 de·-

230 751 412 787 pravatum
431 749 530 785 putat
546 743 785 785 Marklandus,
800 748 837 775 et
851 745 991 775 exulare
1000 743 1114 784 jubet.
1150 743 1240 774 Vide
1256 743 1375 774 Barth.
1398 742 1543 774 Advers.
1560 752 1638 775 Χνῐ.
1657 746 1688 775 1.

229 791 315 819 —17
341 788 444 819 Cuioli

231 831 342 862 codex
360 831 466 871 Lipsii
483 842 494 870 ;
515 830 604 862 unde
628 830 686 861 ille
701 830 922 870 lucum-ulique.

469 787 702 828 Legum-ulique
732 786 811 819 edd.
839 791 925 818 vett.
952 786 1053 827 gaioli
1079 786 1194 818 Parm.
1215 786 1325 817 caieoli
1354 786 1451 818 Rom.
1474 787 1689 827 lagunculique

966 829 1056 860 Vide
1069 829 1199 871 Syllog.
1220 829 1331 869 Epist.
1353 829 1453 861 Tom.
1474 837 1515 860 n.

1537 839 1571 870 p.
1591 831 1688 860 29.—

231 876 272 905 18
295 875 340 906 E!
352 874 455 915 passis
468 873 512 906 A.
527 884 597 905 cum
615 873 752 914 perustis
763 873 937 906 Heinsius.
981 872 1083 913 Vulg.
1097 870 1253 904 defendit
1268 872 1419 904 Gronov.
1436 871 1548 903 Diatr.
1566 873 1684 913 pass.

890 958 1030 991 NOTAE

230 1030 351 1063 uilius:
375 1031 385 1048 ‘
399 1030 532 1063 Oceani
555 1029 733 1061 victricem
757 1027 935 1060 Ebusum:

231 1085 275 1116 Et
291 1085 412 1116 Silius:
428 1084 438 1100 ⁴
451 1084 598 1124 Jamque
614 1082 746 1114 Ebosus
757 1081 935 1113 Phoenissa

231 1134 370 1168 movet!
413 1134 530 1166 Hodie
560 1133 633 1164 haec
660 1132 770 1164 insula
793 1137 936 1164 vocatur

231 1187 367 1229 Ayussa.
406 1184 546 1226 Cannas]
571 1185 696 1216 Cauuae
720 1181 862 1223 ἰσχάδες,
872 1190 936 1214 seu

231 1237 317 1269 ficus
336 1237 488 1276 siccatae,
504 1236 640 1267 Cuuneoe
663 1234 779 1274 dictae,
792 1234 871 1275 quia
892 1242 936 1264 ex

232 1288 349 1320 Cauno
363 1288 450 1319 urbe
465 1287 577 1318 Cariae
591 1285 862 1326 advehebantur,
873 1285 936 1317 sic-

231 1342 271 1370 ut
300 1342 338 1370 et
367 1339 378 1356 ⁴
390 1338 523 1370 Caricae
535 1336 545 1351 ’
582 1336 784 1368 dicebantur
807 1345 850 1366 ex
879 1345 935 1367 ea-

231 1389 310 1421 dem
327 1389 439 1422 Caria.
462 1389 510 1421 Et
525 1389 613 1420 sicut
629 1387 773 1429 Caricis,
786 1387 851 1419 boc
868 1390 936 1426 est,

231 1440 306 1472 ficis
322 1451 340 1471 e
357 1439 472 1481 Caria,
487 1439 646 1481 contigit,
664 1443 704 1470 ut
718 1447 835 1471 omnes
849 1437 936 1469 ficus

230 1492 384 1532 siceatae,
396 1501 455 1523 seu
467 1489 609 1531 ἰσχάδες,
620 1493 825 1522 vocarentur
834 1497 935 1529 gene-

232 1543 297 1574 rali
325 1549 360 1574 et
387 1542 556 1574 communi
586 1541 722 1572 nomine
745 1538 935 1579 ‘Caricae3’

230 1595 281 1626 ita
296 1594 426 1626 eaedem
443 1592 585 1634 ἰσχάδες,
599 1593 718 1624 Caunoe
729 1591 830 1623 dictae
847 1597 938 1631 sunt,

232 1645 313 1685 quia
354 1654 398 1676 ex
433 1645 550 1676 Cauno
588 1641 834 1674 afferebantur.
877 1641 935 1674 Sic

231 1696 362 1727 Statius
385 1695 474 1726 dixit
502 1695 627 1726 Caunus
646 1693 755 1733 Ebosi,
771 1702 833 1734 pro
849 1692 935 1724 cari·

232 1746 283 1777 cis
299 1756 359 1777 seu
375 1745 447 1778 ficis
462 1746 578 1786 siccis,
594 1755 669 1787 quae
686 1754 731 1775 ex
755 1744 868 1776 Eboso
883 1744 934 1775 in·

230 1798 301 1829 sula
325 1797 595 1829 advehebantur.
637 1797 722 1828 Cum
747 1798 938 1829 Damasce-

231 1848 284 1879 nis
311 1852 423 1879 antem
450 1847 580 1888 prunis,
604 1851 642 1879 et
667 1847 826 1888 palmulis
840 1849 936 1878 ‘recte

217 1898 345 1939 jungit
362 1898 492 1930 caricas
517 1897 589 1929 sive
608 1896 694 1929 ficus
709 1897 833 1928 aridas.
874 1898 936 1928 Eae

232 1949 322 1980 euim
347 1958 390 1980 ex
417 1948 532 1980 Eboso
559 1947 670 1979 insula
692 1947 937 1988 praestantissi-

231 2010 311 2040 mae,
348 2005 386 2032 et
408 1999 628 2041 amplissimae
651 1998 938 2040 apportabantur.

234 2049 371 2082 Plinius
387 2061 395 2082 ι
419 2050 428 2067 ‘
440 2049 558 2081 Siccas
574 2050 680 2080 honos
695 2049 852 2081 laudatas
867 2059 937 2080 ser-

233 2106 291 2134 vet
307 2103 342 2133 iu
363 2101 494 2143 capsis,
508 2102 625 2133 Ebuso
645 2101 754 2132 insula
777 2105 940 2142 praestan-

231 2152 380 2184 tissimas
392 2151 699 2193 amplissimosque,
710 2161 790 2183 mox
802 2151 835 2182 in
846 2152 939 2184 Mar-

232 2202 384 2235 rucinis.’
427 2202 469 2234 In
503 2202 621 2234 Ebuso
649 2202 754 2234 etiam
784 2202 871 2234 ficus
902 2207 940 2235 et

232 2253 433 2284 saccharum
458 2253 551 2293 gigni
579 2257 727 2285 testatur
742 2254 938 2285 Ludovicus

233 2302 367 2334 Nouius
379 2303 412 2334 iu
427 2313 490 2334 sua
503 2304 615 2335 veteri
633 2303 812 2344 Hispania.
858 2305 938 2336 Per-

230 2353 351 2394 coquit]
374 2353 417 2385 Id
446 2358 514 2394 est,
538 2359 700 2386 maturat.
747 2354 801 2386 Sic
824 2355 938 2386 Plinio

232 2403 242 2420 ‘
260 2403 454 2444 percoctae:
491 2404 632 2446 Hygino
671 2406 683 2423 ⁴
700 2404 830 2436 coctae'
866 2405 937 2445 fici,

233 2457 313 2485 suut
336 2458 490 2487 maturae.
532 2454 592 2486 Sic
614 2455 714 2486 ‘uvae
741 2454 873 2494 coctae‚’
901 2458 939 2486 et.

232 2504 244 2521 ‘
257 2507 360 2535 cocta
374 2504 567 2545 vindemia,’
593 2505 637 2536 de
655 2509 801 2537 matura.
823 2509 831 2515 ·
845 2504 936 2537 Illud

233 2554 338 2586 etiam
368 2554 378 2571 ‘
391 2563 604 2596 percoquere
617 2555 625 2569 '
648 2555 775 2588 dicitnr
790 2556 835 2588 de
850 2566 938 2588 mes-

234 2604 339 2645 se,de
347 2603 530 2643 fructibus,
545 2610 580 2636 et
593 2606 635 2638 de
647 2606 739 2646 vino,
749 2611 788 2638 ut
801 2610 938 2639 constat

235 2663 279 2686 ex
291 2654 473 2695 Cicerone,
487 2655 632 2696 Seneca,
649 2656 777 2695 Plinio,
791 2662 827 2689 et
840 2657 927 2689 aliis.

278 2707 320 2736 16
344 2705 494 2747 Rapina]
515 2706 775 2748 Spargebantur
787 2708 891 2748 enim,
903 2711 941 2739 ut

235 2760 452 2797 raperentur.

1033 1037 1074 1067 17
1096 1034 1211 1066 Molles
1219 1035 1343 1074 caseoli,
1356 1035 1566 1076 lacunaliqioe
1578 1035 1690 1077 [Caio-

988 1085 1025 1127 li,
1040 1085 1292 1127 Lagunculique]
1314 1085 1431 1128 Aliqui
1447 1086 1566 1118 volunt
1587 1084 1691 1117 fuisse

989 1135 1150 1177 cupedia,
1164 1145 1208 1167 ex
1224 1144 1315 1177 pane
1336 1135 1504 1168 dulciario
1528 1134 1636 1175 facta,
1655 1136 1690 1166 iu

990 1185 1113 1228 quibus
1144 1186 1319 1228 impressae
1342 1191 1443 1218 erant
1469 1185 1586 1218 formae
1608 1185 1690 1217 duo·

989 1246 1063 1269 rum
1088 1246 1272 1278 puerorum
1297 1236 1372 1268 Caii
1392 1241 1430 1268 et
1455 1235 1617 1277 Lagonis,
1647 1235 1691 1267 de

989 1288 1112 1330 quihus
1132 1287 1305 1320 Martialis
1337 1287 1396 1320 lib.
1418 1295 1470 1319 lx·
1499 1287 1600 1328 Epig.
1637 1288 1692 1318 2⁷.

990 1339 1001 1356 ‘
1015 1339 1089 1371 Nos
1103 1337 1247 1371 facimus
1261 1338 1362 1370 Bruti
1377 1346 1534 1379 puerum,
1548 1345 1611 1369 nos
1626 1336 1694 1368 La·

990 1399 1079 1431 gona
1103 1388 1242 1422 vivum!
1271 1389 1360 1421 Haec
1382 1397 1466 1421 vero
1478 1388 1563 1428 liba,
1576 1386 1691 1428 effigie

989 1440 1132 1472 istorum
1181 1449 1363 1483 puerorum
1409 1439 1583 1481 insignita,
1626 1446 1691 1480 per

989 1490 1183 1523 Saturnalia
1228 1490 1498 1531 missitabantur,
1542 1489 1691 1531 ideoque

989 1541 1065 1573 haec
1087 1551 1229 1573 munera
1247 1541 1440 1584 ‘Sigillaria
1463 1540 1472 1554 ’
1484 1540 1579 1573 dicta
1599 1545 1690 1572 sunt.

990 1592 1141 1623 Martial.
1163 1593 1223 1624 lib.
1246 1601 1327 1624 xiv.
1359 1592 1458 1633 Epig.
1481 1591 1612 1632 penult.
1642 1590 1691 1622 A·

990 1642 1024 1674 lii
1051 1643 1171 1683 legunt
1209 1642 1264 1674 hic
1293 1643 1425 1682 caseoli,
1453 1647 1490 1674 et
1523 1642 1690 1674 lacusculi.

990 1693 1120 1724 Caseus
1136 1693 1225 1724 enim
1238 1692 1306 1725 fuit
1321 1693 1412 1726 inter
1426 1693 1518 1725 dona
1528 1693 1691 1724 Saturnu-

990 1744 1077 1776 litia.
1122 1744 1288 1785 Papinius
1302 1744 1386 1776 Risu
1405 1744 1542 1776 Saturn-
1586 1744 1597 1762 ⁴
1611 1743 1692 1775 Non

991 1796 1056 1835 sal,
1077 1804 1325 1837 oxyporumve,
1340 1793 1535 1827 Caseusve!
1573 1793 1620 1826 Et
1641 1794 1690 1825 lu·

990 1848 1127 1879 cunculi
1139 1851 1237 1879 erant
1248 1846 1353 1878 etiam
1365 1855 1494 1887 genera
1505 1844 1624 1884 edulii,
1637 1845 1689 1876 vel

990 1896 1140 1938 panificii
1167 1896 1282 1937 potius
1306 1896 1400 1936 sciti,
1418 1899 1457 1927 ut
1471 1895 1632 1927 discimus
1647 1904 1692 1926 ex

991 1947 1139 1988 Apuleio
1165 1947 1254 1979 Met.
1278 1955 1314 1979 x.
1357 1946 1368 1964 ‘
1381 1945 1450 1978 Hic
1466 1955 1585 1987 panes,
1597 1954 1692 1977 crus·

992 1999 1077 2040 tula,
1102 1999 1315 2039 lucunculos,
1341 1999 1470 2038 hamos,
1497 1998 1696 2038 lacertulos,

991 2050 1090 2092 plura
1115 2050 1319 2081 scitamenta
1343 2048 1498 2081 muita?
1551 2048 1694 2090 Absque

992 2099 1220 2132 diminutione
1244 2099 1393 2131 Varroni
1423 2098 1585 2130 ‘lucuns'
1610 2098 1694 2130 dici-

993 2155 1070 2182 tur:
1093 2151 1103 2168 ‘
1118 2150 1234 2190 Panis,
1262 2159 1408 2191 pemma,
1436 2149 1570 2188 lucuns,
1593 2148 1694 2180 cibus

993 2202 1050 2240 qui
1089 2199 1290 2241 purissimus
1327 2200 1435 2232 multo
1463 2203 1528 2240 est,
1555 2199 1694 2240 Vinum,

992 2262 1139 2294 pentima,
1155 2251 1298 2284 lucuns.'

1038 2306 1079 2334 18
1104 2303 1149 2334 Et
1163 2302 1443 2335 massisAn-erina
1463 2312 1526 2335 m
1539 2302 1693 2344 per-26³]

991 2353 1157 2393 Amerina,
1172 2354 1258 2385 Pira
1271 2354 1320 2385 sic
1340 2354 1444 2385 dieta.
1487 2354 1619 2385 Plinius
1633 2353 1693 2385 lib.

992 2413 1054 2437 xv.
1070 2413 1147 2445 cap.
1162 2405 1214 2436 15.
1248 2406 1258 2422 ‘
1273 2403 1400 2435 Patrioe
1415 2404 1550 2435 nomina
1564 2402 1692 2434 habent

991 2454 1164 2486 serissima
1177 2453 1324 2484 omnium
1341 2452 1516 2494 Amerina,
1540 2451 1693 2484 Picenti-

989 2514 1046 2543 na,
1058 2502 1294 2535 Numantina!
1338 2502 1459 2534 Musis
1468 2512 1530 2534 non
1541 2502 1692 2544 pendis]

990 2554 1134 2595 Integra
1147 2552 1326 2594 Amerina,
1339 2554 1448 2585 necin
1463 2553 1536 2585 sole
1550 2552 1693 2594 siccata,

990 2614 1031 2636 ac
1047 2604 1140 2636 velut
1153 2607 1304 2635 recocta.
1330 2603 1494 2635 Solebant
1505 2604 1595 2635 enim
1606 2603 1695 2635 sciu-

992 2654 1076 2687 dere
1100 2654 1134 2685 in
1149 2663 1276 2685 massas
1290 2654 1438 2695 cujusvis
1452 2653 1588 2695 generis
1604 2654 1695 2695 pira.

993 2710 1030 2738 et
1052 2705 1094 2737 ad
1114 2705 1218 2736 solem
1231 2705 1372 2736 siccare.
1415 2705 1526 2736 Varro
1541 2705 1586 2736 de
1603 2704 1693 2736 KR.

994 2757 1053 2790 lib.
1078 2766 1104 2789 ι.
1131 2766 1207 2798 cap.
1232 2759 1285 2789 59.
1327 2755 1459 2788 ‘Sorba
1471 2756 1607 2798 quidem
1622 2755 1693 2787 dis-
