1800 3060
225 184 311 227 334

719 195 762 226 P.
794 194 985 225 PAPan
1019 194 1184 226 STA'ru

227 290 342 341 Quae
364 289 449 332 sibi
470 292 732 344 praesternat
750 290 890 332 vivax
911 289 1072 333 altaria
1093 291 1309 334 Phoenix:

227 357 358 409 Quos
379 357 576 411 dignetur
597 370 743 411 agros,
766 363 842 400 aut
863 371 954 412 quo
975 372 1024 400 se
1045 359 1213 413 gurgite
1235 358 1331 400 Nili

1604 358 1686 400 115

227 425 403 479 Mergat
423 426 630 467 adoratus
651 426 837 480 trepidis
855 427 1105 480 pastoribus
1124 426 1253 481 Apis.

226 493 329 535 Duc
346 498 390 535 et
407 493 462 534 ad
484 493 735 535 AEmathios
754 507 924 545 manes,
943 495 1022 536 ubi
1042 495 1225 548 belliger
1243 495 1369 537 urbis

225 561 439 603 Conditor
459 561 654 616 Hyblaeo
671 561 875 617 perfusus
890 566 1065 605 nectare
1086 563 1237 606 durat:

223 684 367 724 ingentes
381 685 454 717 Dii.
499 685 586 721 Quas
611 695 685 716 arus
708 686 867 724 longaevus
893 685 1030 717 Phoenix
1052 690 1223 727 praestmat
1237 686 1298 718 sibi
1321 690 1394 718 unte
1416 690 1554 718 mortem.
1602 686 1687 722 Quos

224 738 347 769 campos
362 730 454 770 Apis,
469 730 618 760 adoratus
638 738 659 760 a
681 729 811 769 trepidis
835 729 1022 768 pastoribus,
1038 730 1197 768 dignetur,
1213 734 1268 761 aut
1291 730 1324 761 in
1339 740 1427 770 quem
1453 730 1521 761 Nili
1543 730 1639 761 locum
1653 738 1685 759 se

224 776 357 811 mergat.

416 772 522 803 Deduc
536 772 624 802 illum
652 772 694 802 ad
714 771 867 802 tumulum
888 771 975 811 regis
998 772 1166 811 AEmuthii,
1187 773 1241 804 uhi
1255 783 1366 813 corpus
1387 773 1497 804 marm
1516 771 1687 804 conditoris

225 813 432 846 Alexandriae
452 818 655 846 conserentur
667 814 824 855 perfusum
837 815 926 846 melle
943 814 1077 856 Hyblaeo
1087 826 1100 854 ;
1123 819 1153 847 el
1169 817 1209 847 ad
1226 816 1424 857 Necropolim
1437 815 1686 858 ser-pentiferam,

886 911 916 943 N
922 911 1030 943 OTAE

269 976 332 1008 114
357 974 510 1012 Quoe'sibi
521 978 712 1016 proesternat
733 974 830 1006 eir-ua·
843 975 926 1006 ulta-

224 1026 275 1057 ria
303 1026 456 1067 Phoenix]
489 1026 576 1058 Vide
603 1036 679 1068 quae
707 1025 856 1057 diximus
882 1025 925 1056 ad

225 1087 360 1109 versum
388 1078 545 1110 ultimum
582 1078 732 1110 Psittaci
763 1076 927 1109 Melioris.

230 1128 348 1170 Vitam]
361 1127 452 1162 Quia
467 1127 613 1160 Phoenix
624 1128 747 1159 multos
760 1136 865 1159 annos
880 1126 928 1159 vi·

224 1189 307 1212 vere
320 1179 489 1211 creditur.

268 1234 331 1264 115
353 1230 422 1263 Aut
436 1240 493 1271 quo
507 1239 540 1261 se
551 1229 682 1270 gurgite
699 1228 771 1260 Nili
796 1228 930 1268 Mergat

223 1284 373 1316 adoratus
395 1282 529 1323 trepidis
550 1280 727 1323 pastoribus
739 1279 834 1321 Apis]
858 1278 929 1311 Pli-

223 1334 300 1366 nius
316 1333 375 1367 lib.
394 1342 477 1366 vm.
501 1343 578 1374 cap.
599 1335 652 1364 46.
676 1334 792 1363 narrat
806 1330 929 1362 bovem

223 1384 327 1427 Apim
340 1385 374 1416 in
390 1385 540 1426 AEgypto
567 1387 606 1415 ut
627 1383 741 1415 Deum
769 1381 847 1421 coli,
867 1390 930 1413 nec

222 1435 275 1468 fas
300 1445 374 1468 esse
401 1445 478 1467 eum
505 1439 620 1466 certos
648 1433 730 1465 vitae
757 1431 928 1464 excedere

223 1493 342 1528 annos,
376 1494 592 1526 mersumque
628 1484 664 1516 in
710 1483 928 1516 sacerdotum

222 1535 322 1569 fonte
338 1535 488 1569 enecari.
532 1534 630 1568 Dicit
652 1534 782 1567 Noster
810 1534 845 1565 in
867 1533 930 1566 Ni-

221 1588 292 1620 lum
319 1597 356 1620 se
385 1597 541 1629 mergere
562 1586 678 1629 Apim,
699 1586 779 1628 qnia
804 1585 927 1618 Poetae

222 1650 291 1672 non
318 1645 388 1671 tam
419 1643 578 1671 accurate
608 1647 663 1670 res
693 1637 926 1679 perpendent.

219 1691 382 1723 Adoratus
394 1690 524 1731 trepidis
537 1689 728 1731 pastoribus]
749 1688 838 1721 Quia
849 1697 927 1720 cnm

218 1741 308 1783 Apis
324 1742 358 1773 in
371 1741 462 1783 agris
478 1750 516 1772 se
533 1740 721 1782 prodebat,
734 1740 837 1781 primi
851 1749 927 1781 pas-

221 1797 315 1825 tores
338 1802 378 1824 ac
395 1791 513 1824 rustici
529 1791 749 1823 inveniebant
764 1800 854 1830 eum,
875 1790 925 1822 in·

221 1848 433 1884 ventumque
469 1842 681 1874 adorabant:
719 1841 830 1873 cultus
866 1851 926 1873 au-

219 1899 291 1927 tem
310 1894 488 1935 religiosus
503 1893 632 1936 aliquid
654 1893 813 1925 tremoris
837 1901 925 1924 sem·

221 1956 284 1988 per
299 1946 487 1978 admixtum
502 1945 617 1978 habet.

274 2001 336 2030 117
359 1998 537 2029 AEmuthios
562 1995 683 2036 manes]
720 1995 776 2028 Sic
812 1995 925 2027 Poeta

219 2053 324 2081 vocat
339 2057 463 2089 corpus
490 2046 680 2079 Alexandri
708 2046 925 2088 Macedonis,

219 2099 311 2142 quod
337 2098 560 2131 Alexandriae
586 2103 661 2130 erat
685 2098 719 2129 in
746 2097 830 2130 urbe
855 2108 925 2130 me-

220 2151 289 2192 dia,
303 2151 381 2182 loco
397 2149 583 2191 sepulturae
607 2158 725 2190 regum
740 2148 925 2190 destinato,

220 2211 322 2244 quem
345 2200 474 2233 Strabo
501 2199 616 2232 vocari
640 2199 689 2231 ait
715 2200 811 2239 σῆμα.
856 2200 926 2232 Leo

218 2253 418 2294 Africanus,
428 2256 550 2284 auctor
563 2261 631 2284 non
649 2250 877 2293 spernendus,
891 2251 925 2282 in

219 2304 452 2346 descriptione
469 2302 688 2335 Alexandria²
704 2302 815 2335 refert
836 2303 927 2335 inter

218 2355 335 2387 ruinas
351 2354 588 2395 Alexandriae,
615 2354 794 2386 aediculam
817 2354 927 2386 instar

219 2406 338 2437 sacelli
354 2409 588 2437 constructam
611 2405 720 2437 adhuc
736 2413 928 2447 superesse,

218 2455 254 2488 in
267 2466 335 2498 qna
346 2460 400 2487 est
410 2455 606 2497 sepulcrum
618 2455 763 2497 insigne,
779 2455 868 2497 quod
879 2455 926 2486 in-

219 2507 574 2539 visuntMahometani
584 2515 707 2546 magna
716 2515 792 2538 cum
805 2514 925 2537 vener-

219 2557 350 2598 atione,
359 2566 426 2599 quo
434 2557 583 2589 cadaver
592 2556 781 2589 Alexandri
791 2555 925 2597 Magni,

217 2617 319 2649 quem
334 2617 499 2639 summum
513 2608 718 2649 prophetam
741 2617 781 2640 ac
805 2616 920 2648 regem

216 2657 323 2691 fuisse
339 2668 382 2690 ex
395 2657 565 2690 Alcorano
589 2657 722 2697 dicunt,
750 2657 921 2690 contineri

220 2708 400 2742 affirmant.
444 2707 637 2749 AEmuthios]
652 2708 742 2741 Quia
755 2707 922 2740 Macedo-

217 2767 278 2791 nes
295 2760 387 2801 prius
402 2759 576 2800 AEmathii,
593 2768 633 2791 ac
648 2758 852 2790 Macedonia
866 2757 919 2791 ΙΕ-

980 976 1108 1008 mathia
1123 976 1219 1008 dicta
1233 980 1299 1008 est.
1348 975 1443 1008 Urbis
1459 976 1625 1018 Conditor]
1637 975 1684 1008 A-

980 1026 1146 1059 lexander
1155 1027 1246 1059 enim
1258 1026 1504 1059 Alexandriam
1519 1026 1686 1063 condidit,

980 1087 1108 1120 suoque
1123 1078 1258 1110 nomine
1275 1078 1477 1119 appellavit.
1525 1077 1685 1118 Belliger]

983 1129 1040 1162 Ob
1057 1130 1221 1162 rationem
1234 1129 1392 1162 omnibus
1404 1133 1534 1160 notam.

1027 1182 1090 1211 118
1116 1179 1249 1222 Hybloeo
1285 1178 1426 1220 nectare]
1470 1177 1685 1220 Periphrasis

983 1230 1095 1261 mellis
1111 1230 1155 1262 ob
1171 1230 1397 1262 dulcedinem.
1442 1228 1579 1271 Hyblaeo
1593 1239 1687 1270 vero,

983 1280 1028 1312 ab
1045 1281 1159 1322 Hybla
1175 1285 1290 1312 monte
1311 1280 1451 1321 Siciliae,
1465 1280 1574 1321 thymi
1587 1280 1688 1321 copia

984 1335 1021 1363 et
1036 1331 1192 1372 salicum,
1207 1341 1247 1363 ac
1259 1331 1379 1373 apibus
1401 1330 1611 1370 abundante,
1626 1330 1685 1361 ubi

984 1383 1149 1424 optimum
1165 1383 1243 1415 mel.
1288 1383 1394 1414 Melle
1410 1387 1522 1414 autem
1546 1381 1686 1414 condie-

984 1434 1111 1466 bantur
1133 1434 1313 1475 cadavera,
1340 1439 1379 1466 ut
1417 1434 1542 1466 diutius
1574 1433 1685 1466 incor-

984 1490 1089 1526 rupta
1103 1489 1294 1525 manerent,
1308 1485 1388 1527 quia
1402 1485 1511 1516 mellis
1535 1484 1615 1516 talis
1630 1489 1685 1515 est

983 1541 1117 1575 natura,
1131 1542 1171 1568 ut
1186 1541 1386 1578 putrescere
1401 1544 1545 1576 corpora
1561 1543 1626 1566 non
1643 1534 1685 1566 si·

983 1591 1055 1626 nat,
1070 1587 1180 1629 inquit
1196 1587 1329 1619 Plinius
1344 1587 1405 1619 lib.
1425 1595 1520 1618 xxn.
1537 1596 1612 1627 cap.
1627 1589 1685 1618 24.

983 1638 1024 1670 Id
1055 1639 1262 1680 praecepisse
1297 1639 1534 1671 Democritum
1573 1638 1685 1670 Varro

983 1694 1133 1722 testatur
1170 1689 1262 1731 apud
1300 1690 1460 1722 Nonium.
1515 1688 1685 1729 Corippns

981 1741 1040 1773 lib.
1054 1750 1112 1774 nr.
1135 1741 1146 1758 ‘
1163 1741 1359 1782 Flagrantia
1373 1740 1476 1772 mella
1491 1739 1613 1771 locatis
1627 1738 1686 1770 Iu·

979 1790 1130 1823 fundunt
1156 1791 1300 1832 pateris,
1331 1797 1368 1822 et
1394 1790 1500 1822 odoro
1531 1789 1684 1822 balsama

979 1853 1095 1884 succo,
1121 1843 1274 1884 Tempus
1298 1843 1333 1875 iu
1357 1846 1524 1874 aeternum
1551 1849 1684 1873 sacrum

979 1894 1150 1926 servantia
1163 1893 1310 1935 corpus!
1354 1893 1412 1925 Ita
1433 1892 1626 1933 Xenophon
1641 1891 1684 1923 de

979 1944 1067 1976 Reb.
1085 1944 1201 1976 Graec.
1217 1943 1279 1976 lib.
1292 1952 1327 1975 v.
1352 1943 1499 1976 cadaver
1516 1941 1684 1984 Agesipo-

978 1994 1057 2027 lidis
1072 1995 1163 2036 regis
1179 1995 1212 2026 in
1230 1994 1330 2026 melle
1353 1993 1530 2026 conditum
1545 1992 1684 2025 domum

980 2050 1203 2087 reportatum,
1219 2055 1295 2077 cum
1320 2054 1388 2076 uon
1404 2044 1504 2085 longe
1530 2042 1573 2075 ab
1596 2042 1682 2075 urbe

981 2096 1134 2138 Olyntho
1171 2100 1326 2128 mortuus
1363 2100 1471 2134 esset,
1507 2093 1680 2125 memorio

981 2147 1146 2189 prodidit.
1198 2146 1326 2179 Posset
1354 2150 1391 2178 et
1421 2154 1483 2187 per
1513 2145 1684 2187 Hyblam·
1748 2163 1752 2166 -
1787 2121 1795 2155 ‘-

979 2202 1088 2231 nectar
1103 2208 1184 2230 cera
1200 2197 1358 2239 intelligi.
1403 2197 1524 2229 Cicero
1545 2196 1682 2228 Tuscul.

979 2250 1039 2282 lib.
1066 2258 1093 2281 1.
1113 2250 1123 2266 ‘
1140 2248 1314 2282 Condinnt
1341 2247 1493 2289 AEgyptii
1521 2253 1684 2286 mortuos,

981 2304 1017 2332 et
1034 2309 1093 2331 eos
1119 2298 1211 2331 domi
1235 2302 1384 2330 servant.
1433 2297 1552 2329 Persae
1575 2296 1681 2329 etiam

980 2360 1059 2383 cera
1081 2350 1291 2382 circumlitos
1316 2348 1496 2388 condiunt,
1518 2352 1557 2379 ut
1579 2356 1681 2388 quiam

980 2401 1128 2433 maxime
1144 2403 1368 2442 permaneant
1383 2399 1545 2430 diuturna
1561 2406 1681 2438 corpo·

979 2452 1041 2483 ra.’
1083 2452 1141 2483 Sic
1158 2450 1335 2482 Cornelius
1354 2450 1472 2490 Nepos
1496 2449 1530 2479 in
1557 2446 1680 2488 Agesi-

979 2503 1047 2542 lao,
1073 2501 1129 2533 cui
1163 2506 1198 2533 et
1223 2501 1428 2533 Plutarchus
1464 2499 1680 2540 astipulatur,

980 2552 1115 2592 scribit,
1131 2551 1257 2583 amicos
1273 2551 1436 2593 Agesilai,
1451 2549 1526 2590 ejus
1541 2558 1681 2590 corpus,

979 2613 1046 2646 quo
1073 2603 1231 2644 Spartam
1258 2601 1391 2632 facilius
1417 2598 1572 2642 perferre
1601 2609 1679 2641 pos·

975 2658 1063 2693 sent,
1087 2652 1178 2695 quod
1206 2652 1273 2683 mel
1297 2661 1363 2683 non
1391 2649 1577 2691 habebant,
1600 2659 1680 2683 cera

973 2703 1247 2742 circumfudisse,
1259 2706 1363 2744 atque
1378 2702 1427 2734 ita
1437 2701 1573 2733 domum
1587 2706 1678 2732 retu·

974 2756 1065 2788 lisse.
1111 2753 1283 2786 Diodorus
1301 2758 1414 2786 tamen
1430 2751 1584 2794 Agesilai
1599 2761 1674 2784 cor-
