1800 3060
569 235 846 267 svnvsnuu
882 234 1071 266 mani.
1102 226 1145 268 1.

129 329 263 373 Nuda
281 333 416 379 tenes,
438 332 693 384 tectumque
713 330 838 383 vagis
856 329 1103 371 habitabile
1124 329 1286 380 nautis,

128 397 216 439 Sed
235 397 397 439 nitidos
415 401 582 451 postes,
603 397 841 452 Graiisque
861 397 1016 439 effulta
1036 398 1244 447 metallis,
1555 398 1584 439 5

129 464 360 517 Culmina3
391 477 473 507 ceu
494 465 624 507 taedis
645 465 803 507 iterum
823 465 1035 507 lustratus
1054 465 1230 507 honesti

130 531 268 586 Ignis,
289 532 346 574 ab
366 531 520 573 OEtaea
540 532 850 574 conscenderis
870 532 1038 574 aethera
1057 531 1249 574 flamma.

126 598 224 641 Vix
243 599 385 641 oculis
406 600 642 653 animoque
664 599 797 642 fides:
829 605 933 641 tune
951 600 1025 641 ille
1044 601 1207 641 reclusi

132 665 333 716 LiminiS,
350 669 393 707 et
410 679 559 720 parvae
580 671 736 707 custos
756 666 969 720 inglorius
990 680 1079 709 arae
1094 669 1113 708 Ἰ

131 732 265 775 Unde
283 733 381 775 haec
400 734 503 776 aula
521 747 689 784 recens,
706 734 932 788 fulgorque
951 734 1162 789 inopinus
1182 735 1344 789 agresti

1527 735 1584 778 10

131 860 164 890 et
178 859 275 892 nolum
298 861 397 893 edem
419 861 625 893 inhabitatam
645 872 666 893 a
687 861 777 902 vagis
791 862 919 898 mutin
940 862 993 893 aed
1003 865 1108 902 pontes
1121 862 1249 902 nitidos,
1264 872 1301 894 ac
1315 864 1398 894 recca
1413 860 1523 892 intrim
1535 867 1586 889 co·

131 900 244 934 lumin
261 902 475 936 Graecnnn'cis:
496 914 551 935 ceu
571 904 716 945 expiatus
737 904 872 943 glorioso
894 904 967 943 igne
982 905 1194 936 conscenderis
1207 906 1316 936 coelam
1330 915 1348 936 α
1365 905 1452 935 busto
1470 902 1586 949 OEtoeo3

137 942 204 975 vix
216 945 296 977 ocuti
310 949 341 978 et
355 949 471 978 mentes
485 948 624 978 credunt.
672 947 757 978 Tune
781 945 845 986 ille,
871 947 956 983 cuins
980 948 1124 988 templum
1150 951 1217 979 emt
1238 948 1306 978 sine
1325 946 1462 986 foribus,
1476 948 1508 976 et
1531 951 1587 984 qut

130 985 285 1026 inglorius
296 988 429 1021 habebas
442 990 595 1020 modicum
608 990 729 1021 altare?
757 989 846 1020 Unde
859 988 915 1019 hoc
929 990 1171 1031 notumfumam,
1192 995 1222 1022 ee
1246 990 1391 1031 splendor
1404 989 1583 1030 inperat-⁸

741 1084 857 1096 eeeeee

858 1084 976 1096 eeeeee

130 1159 167 1191 in
193 1159 294 1191 Notis
321 1159 364 1192 ad
386 1161 606 1201 Propertium
631 1171 664 1202 p.
680 1164 757 1194 ⁷04.
803 1162 965 1193 Nonnulli
989 1162 1110 1203 scripti
1138 1171 1199 1203 pro
1226 1162 1308 1192 rholo
1334 1160 1462 1191 liabent
1482 1159 1586 1197 choro,

134 1201 263 1233 solenni
278 1203 607 1244 permutatione.—4
628 1205 720 1235 Nuda
744 1208 851 1236 tenens
871 1205 970 1236 Rom.
992 1210 1029 1236 et
1045 1209 1113 1236 vet.
1132 1203 1390 1244 Lindenbrogii,
1413 1202 1504 1244 qnod
1527 1210 1585 1232 ve·

135 1253 208 1276 rum
235 1250 338 1286 putat
362 1246 660 1279 Marklaudus.—⁷
684 1247 787 1279 Hunc
814 1247 925 1279 locum
949 1248 1050 1279 aliter
1074 1247 1159 1288 legit
1184 1247 1389 1278 Hermolaus
1414 1244 1588 1277 Barbam·

792 1339 932 1373 NOTAE

132 1410 229 1443 ribus
242 1411 455 1453 colebantur,
478 1418 517 1446 nt
532 1414 702 1451 Minerva,
725 1413 830 1455 Apol-

134 1462 184 1503 lo,
208 1465 274 1496 διο.
327 1463 440 1505 Nuda]
469 1464 550 1496 Sine
578 1464 833 1507 magnificentia

134 1513 266 1555 templi.

179 1564 201 1595 4
225 1564 410 1606 Tectamqae
423 1565 514 1605 tagis
535 1564 701 1596 habitabile
714 1566 835 1607 anulis]

138 1613 182 1646 Id
197 1618 262 1655 est,
277 1624 343 1656 qno
358 1614 543 1647 utebantur
560 1620 670 1646 nautae
688 1625 750 1656 pro
767 1622 835 1648 tec-

138 1669 188 1705 to,
200 1665 380 1708 aliqnando
396 1665 463 1698 illic
481 1670 598 1700 noctes
610 1666 836 1707 transigentes

140 1724 180 1747 ac
197 1715 426 1757 quiescentes.

180 1767 203 1797 6
225 1765 291 1797 Ceu
304 1765 396 1797 taedis
415 1765 529 1798 iterum
553 1765 703 1797 lustratus
715 1766 836 1798 honesti

139 1815 244 1855 Ignis,
272 1815 311 1847 ab
346 1815 454 1847 OEtoen
481 1816 692 1848 conscenderis
719 1817 836 1848 ethera

131 1865 282 1907 flamm]
306 1865 378 1898 Has
394 1865 501 1898 taedas
515 1866 525 1883 ‘
536 1866 719 1907 mysticas’
736 1872 835 1900 vocat

140 1915 305 1956 Papinius
327 1915 436 1948 Theb.
452 1924 533 1947 vni.
547 1919 622 1948 766.
646 1916 702 1947 ubi
718 1916 834 1949 obser-

141 1966 307 2006 vavimus,
321 1967 493 2008 antiquos,
513 1967 539 1998 si
556 1977 622 2008 quo
638 1967 771 2007 piaculo
786 1977 838 1998 es-

145 2022 220 2049 sent
237 2018 374 2059 polluti,
399 2018 540 2059 purgari
562 2018 672 2049 solere
697 2017 838 2058 sulfure,

144 2076 245 2108 aqna,
273 2072 310 2099 et
338 2067 427 2109 igue.
487 2067 653 2100 Ovidius:
679 2069 689 2086 ⁸
704 2068 838 2109 Terque

142 2126 259 2149 senem
273 2115 420 2156 flamma,
441 2122 494 2150 ter
511 2127 611 2159 aqna,
638 2123 691 2150 ter
709 2118 839 2152 sulfure

145 2166 296 2208 purgat)
338 2167 428 2199 Vide
444 2167 570 2199 ibidem
588 2178 664 2209 quae
681 2169 841 2202 diximus.

146 2217 298 2258 Honesti]
332 2217 478 2251 Quidam
503 2218 622 2250 dicunt
651 2218 763 2259 ignem
788 2219 842 2252 bic

143 2267 321 2299 honesturn
337 2276 424 2307 esse,
449 2267 544 2308 cujus
571 2269 721 2300 coelestis
746 2270 842 2310 origo

142 2322 208 2358 est,
231 2317 356 2360 quique
371 2318 522 2350 Homero
543 2318 669 2350 dicitur
683 2320 845 2353 θεσπιδαὲς

142 2367 212 2408 πῦρ.
254 2366 323 2400 Sed
335 2367 538 2409 simpliciter
550 2367 603 2399 bic
618 2368 777 2400 honestus
793 2370 843 2410 ig·

142 2418 199 2450 nia
211 2421 278 2458 est,
286 2421 324 2449 nt
336 2422 454 2449 monet
462 2417 659 2457 Gevartins,
670 2418 727 2459 qui
742 2419 844 2451 hono·

143 2467 260 2500 rificns
274 2467 340 2500 fuit
354 2468 422 2509 ipsi
435 2467 593 2507 Herculi,
606 2473 644 2499 ut
658 2469 714 2510 qui
729 2469 779 2499 illi
794 2474 845 2501 at-

145 2519 226 2551 tulit
237 2519 399 2551 honorem
414 2519 693 2550 immortalitatis.
737 2519 845 2551 Puta-

144 2568 228 2602 bant
242 2570 333 2602 enim
347 2573 496 2610 veteres,
519 2574 558 2600 ut
573 2570 648 2611 quis
672 2571 843 2602 immorta-

146 2618 190 2650 lis
202 2618 314 2658 fieret,
325 2624 498 2651 terrenum
514 2628 613 2650 omne
635 2620 770 2661 corpori
786 2621 844 2652 ad-

147 2669 290 2701 mixtum
304 2670 381 2711 igne
402 2669 494 2710 prius
506 2671 658 2701 consumi
671 2677 844 2711 oportere.

149 2717 209 2750 Sic
233 2718 339 2751 Cerea
362 2720 478 2752 volens
505 2720 754 2760 Triptolemum
786 2721 846 2752 im-

148 2768 328 2802 mortalem
341 2768 474 2802 t'acere:
495 2770 506 2788 ⁴
519 2769 629 2812 Inque
653 2768 748 2803 focos
771 2780 846 2803 cor·

885 1424 949 1456 pus
979 1415 1077 1456 pueri
1106 1414 1265 1446 fervente
1294 1413 1412 1445 favilla
1442 1412 1587 1452 Obruit,

886 1466 1068 1497 humanum
1090 1469 1215 1507 purget
1229 1470 1268 1496 ut
1283 1464 1368 1505 iguis
1385 1463 1494 1495 onus.’
1538 1462 1588 1494 0-

887 1515 957 1547 vid.
974 1515 1067 1547 Fast.
1083 1525 1130 1547 iv.
1175 1515 1273 1546 Idem
1289 1514 1332 1546 de
1341 1513 1492 1545 Thetide
1506 1512 1589 1544 dici-

889 1571 945 1598 tur
959 1566 1086 1598 Achilli
1101 1565 1171 1598 tilio
1197 1565 1490 1597 immortalitatem
1506 1563 1589 1596 dare

892 1618 1130 1659 percupiente.
1175 1617 1305 1649 Eodem
1321 1616 1426 1648 verbo
1442 1625 1520 1648 usus
1537 1621 1591 1649 ent

890 1667 1054 1709 Papinius
1084 1668 1237 1700 Hercule
1260 1668 1420 1709 Epitrap.
1449 1667 1590 1708 loquens

890 1717 933 1750 de
949 1718 1161 1760 Saguntinis,
1185 1718 1255 1760 qui,
1278 1723 1317 1749 nt
1343 1716 1448 1748 fidem
1463 1717 1591 1758 populo

891 1769 1042 1800 Romano
1057 1773 1247 1807 servarent,
1269 1768 1302 1799 iu
1329 1767 1506 1799 ardentem
1530 1776 1593 1808 py-

890 1828 974 1858 ram,
1002 1829 1103 1861 quam
1125 1820 1160 1850 in
1186 1819 1300 1850 media
1319 1818 1404 1850 urbe
1427 1822 1590 1849 extruxe-

889 1874 980 1908 rant,
992 1879 1069 1901 cum
1086 1870 1175 1901 omni
1192 1879 1275 1901 auro
1302 1874 1407 1911 atque
1432 1872 1590 1909 argento,

890 1929 927 1951 se
943 1919 1165 1961 projecerunt
1179 1931 1187 1949 z
1211 1919 1259 1951 ait
1275 1919 1364 1950 enim
1376 1930 1386 1950 ε
1410 1921 1420 1937 ⁴
1436 1918 1594 1950 Immeri-

891 1974 1011 2012 tasque
1028 1970 1158 2010 domos,
1168 1979 1208 2002 ac
1220 1970 1350 2011 templa
1358 1970 1501 2011 Sagunti
1512 1969 1593 2001 Pol·

890 2020 966 2061 luit,
980 2030 1019 2052 ac
1036 2020 1164 2062 populo
1178 2019 1287 2052 furias
1311 2019 1450 2051 immisit
1474 2020 1594 2051 hones-

891 2073 964 2102 tas:
1010 2071 1099 2102 Nam
1127 2075 1165 2102 et
1193 2070 1250 2102 hic
1280 2068 1433 2101 ‘furias’
1458 2068 1594 2100 vocavit

891 2122 902 2138 ⁴
913 2120 1100 2162 honestas,’
1116 2120 1151 2152 id
1168 2125 1232 2160 est,
1249 2120 1428 2162 gloriosas,
1445 2129 1521 2161 quae
1544 2117 1595 2150 fa-

892 2181 980 2202 mam
995 2182 1038 2204 ac
1055 2171 1200 2212 gloriam
1224 2175 1437 2203 conservatae
1465 2169 1500 2200 in
1526 2169 1595 2200 Ro·

893 2231 1011 2254 manos
1038 2222 1121 2254 fidei
1151 2222 1350 2254 attulerunt.
1405 2220 1457 2252 Ab
1489 2221 1596 2252 OEtoea

889 2270 1038 2313 flamma]
1059 2271 1179 2303 Sciunt
1194 2280 1312 2302 omnes
1328 2270 1528 2310 Herculem,
1546 2270 1595 2302 iu·

898 2321 981 2353 duta
1000 2322 1101 2353 Nessi
1119 2322 1247 2361 tunica,
1262 2325 1376 2352 tantos
1392 2325 1495 2351 aestns
1521 2329 1597 2351 sen·

898 2372 994 2412 sisse,
1019 2376 1057 2403 nt
1071 2371 1287 2412 impatientia
1301 2370 1440 2409 doloris,
1458 2370 1595 2402 Philoc-

897 2426 980 2454 tetae
1007 2422 1152 2463 jusserit
1191 2421 1256 2452 sibi
1285 2421 1372 2453 strui
1411 2430 1531 2462 pyram
1561 2420 1596 2452 in

899 2476 1015 2502 monte
1029 2472 1123 2511 OEta,
1141 2471 1174 2502 in
1189 2481 1256 2512 qua
1272 2480 1308 2501 se.
1327 2480 1404 2502 cum
1427 2471 1526 2502 clava
1555 2480 1596 2503 ac

900 2522 990 2562 pelle
1002 2522 1109 2553 leonis
1125 2521 1339 2553 cremaverit.

942 2574 963 2603 9
989 2573 1031 2603 Et
1043 2582 1151 2612 ραι-οφ
1165 2575 1267 2604 custos
1280 2573 1435 2612 inglorius
1450 2572 1530 2612 nrae]
1552 2571 1597 2604 Id

899 2626 963 2662 est,
977 2623 1034 2664 qui
1050 2632 1191 2664 parvam
1212 2632 1305 2654 aram
1328 2623 1500 2663 servabas,
1524 2631 1599 2664 par-

901 2682 952 2703 vae
967 2682 1035 2704 arae
1050 2673 1230 2714 impositus
1245 2682 1334 2704 eras.

943 2724 984 2753 10
1012 2722 1143 2762 Agr-esci
1176 2722 1312 2763 Alcidae]
1356 2722 1443 2754 Erat
1479 2722 1598 2754 Romae

901 2772 1067 2814 templum
1094 2772 1246 2806 dicatum
1277 2772 1420 2805 Herculi
1446 2773 1508 2806 sub
1536 2782 1597 2805 no-
