<?xml version="1.0" encoding="UTF-8"?>
<!DOCTYPE html PUBLIC "-//W3C//DTD XHTML 1.0 Transitional//EN"
    "http://www.w3.org/TR/xhtml1/DTD/xhtml1-transitional.dtd">
<html xmlns="http://www.w3.org/1999/xhtml" xml:lang="en" lang="en">
 <head>
  <title>
</title>
<meta http-equiv="Content-Type" content="text/html;charset=utf-8" />
  <meta name='ocr-system' content='tesseract 3.04.00' />
  <meta name='ocr-capabilities' content='ocr_page ocr_carea ocr_par ocr_line ocrx_word'/>
</head>
<body>
  <div class='ocr_page' id='page_1' title='image "./operaomniaexedit01statuoft_0033.png"; bbox 0 0 1800 3060; ppageno 0'>
   <div class='ocr_carea' id='block_1_1' title="bbox 498 378 1355 440">
    <p class='ocr_par' dir='ltr' id='par_1_1' title="bbox 498 378 1355 440">
     <span class='ocr_line' id='line_1_1' title="bbox 498 378 1355 440; baseline -0.005 0"><span class='ocrx_word' id='word_1_1' title='bbox 498 382 577 440; x_wconf 88' lang='grc' dir='ltr'><strong>Ρ.</strong></span> <span class='ocrx_word' id='word_1_2' title='bbox 645 381 758 440; x_wconf 88' lang='grc' dir='ltr'><strong>ΡΑ</strong></span> <span class='ocrx_word' id='word_1_3' title='bbox 767 379 998 438; x_wconf 90' lang='lat' dir='ltr'><strong>PINII</strong></span> <span class='ocrx_word' id='word_1_4' title='bbox 1066 378 1355 439; x_wconf 88' lang='lat' dir='ltr'><strong>STATII</strong></span> 
     </span>
    </p>
   </div>
   <div class='ocr_carea' id='block_1_2' title="bbox 706 558 1149 646">
    <p class='ocr_par' dir='ltr' id='par_1_2' title="bbox 706 558 1149 646">
     <span class='ocr_line' id='line_1_2' title="bbox 706 558 1149 646; baseline 0.005 -14"><span class='ocrx_word' id='word_1_5' title='bbox 706 558 1149 646; x_wconf 83' lang='lat' dir='ltr'><strong>VITA,</strong></span> 
     </span>
    </p>
   </div>
   <div class='ocr_carea' id='block_1_3' title="bbox 342 767 1525 814">
    <p class='ocr_par' dir='ltr' id='par_1_3' title="bbox 342 767 1525 814">
     <span class='ocr_line' id='line_1_3' title="bbox 342 767 1525 814; baseline -0.003 0"><span class='ocrx_word' id='word_1_6' title='bbox 342 770 444 814; x_wconf 88' lang='lat' dir='ltr'><strong>EX</strong></span> <span class='ocrx_word' id='word_1_7' title='bbox 504 771 689 813; x_wconf 85' lang='lat' dir='ltr'>LILII</span> <span class='ocrx_word' id='word_1_8' title='bbox 748 769 1121 814; x_wconf 89' lang='lat' dir='ltr'>GREGORII</span> <span class='ocrx_word' id='word_1_9' title='bbox 1181 767 1525 812; x_wconf 80' lang='lat' dir='ltr'><strong>GYRALDI</strong></span> 
     </span>
    </p>
   </div>
   <div class='ocr_carea' id='block_1_4' title="bbox 441 917 1427 953">
    <p class='ocr_par' dir='ltr' id='par_1_4' title="bbox 441 917 1427 953">
     <span class='ocr_line' id='line_1_4' title="bbox 441 917 1427 953; baseline -0.006 0"><span class='ocrx_word' id='word_1_10' title='bbox 441 919 509 953; x_wconf 84' lang='lat' dir='ltr'><strong>DE</strong></span> <span class='ocrx_word' id='word_1_11' title='bbox 539 918 733 953; x_wconf 83' lang='lat' dir='ltr'><strong>LATINIS</strong></span> <span class='ocrx_word' id='word_1_12' title='bbox 762 919 934 952; x_wconf 84' lang='lat' dir='ltr'><strong>POETIS</strong></span> <span class='ocrx_word' id='word_1_13' title='bbox 961 918 1184 951; x_wconf 82' lang='lat' dir='ltr'><strong>DIALOGO</strong></span> <span class='ocrx_word' id='word_1_14' title='bbox 1216 917 1427 952; x_wconf 75' lang='lat' dir='ltr'><strong>QUAR&#39;ro.</strong></span> 
     </span>
    </p>
   </div>
   <div class='ocr_carea' id='block_1_5' title="bbox 182 1203 1677 2774">
    <p class='ocr_par' dir='ltr' id='par_1_5' title="bbox 182 1203 1677 2774">
     <span class='ocr_line' id='line_1_5' title="bbox 210 1203 1665 1277; baseline -0.003 -13"><span class='ocrx_word' id='word_1_15' title='bbox 210 1203 359 1264; x_wconf 72' lang='lat' dir='ltr'><strong>POST</strong></span> <span class='ocrx_word' id='word_1_16' title='bbox 391 1222 586 1264; x_wconf 87' lang='lat' dir='ltr'><strong>Bassum</strong></span> <span class='ocrx_word' id='word_1_17' title='bbox 616 1221 884 1277; x_wconf 77' lang='lat' dir='ltr'><strong>sequebatur</strong></span> <span class='ocrx_word' id='word_1_18' title='bbox 913 1220 967 1262; x_wconf 93' lang='lat' dir='ltr'><strong>P.</strong></span> <span class='ocrx_word' id='word_1_19' title='bbox 997 1219 1214 1274; x_wconf 86' lang='lat' dir='ltr'><strong>Papinius</strong></span> <span class='ocrx_word' id='word_1_20' title='bbox 1243 1220 1429 1270; x_wconf 83' lang='lat' dir='ltr'><strong>Statius,</strong></span> <span class='ocrx_word' id='word_1_21' title='bbox 1458 1219 1587 1274; x_wconf 86' lang='lat' dir='ltr'><strong>cujus</strong></span> <span class='ocrx_word' id='word_1_22' title='bbox 1608 1218 1665 1260; x_wconf 88' lang='lat' dir='ltr'><strong>de</strong></span> 
     </span>
     <span class='ocr_line' id='line_1_6' title="bbox 210 1287 1666 1342; baseline -0.001 -12"><span class='ocrx_word' id='word_1_23' title='bbox 210 1290 360 1341; x_wconf 82' lang='lat' dir='ltr'><strong>patria</strong></span> <span class='ocrx_word' id='word_1_24' title='bbox 378 1290 490 1332; x_wconf 86' lang='lat' dir='ltr'><strong>inter</strong></span> <span class='ocrx_word' id='word_1_25' title='bbox 510 1289 837 1332; x_wconf 81' lang='lat' dir='ltr'><strong>Grammaticos</strong></span> <span class='ocrx_word' id='word_1_26' title='bbox 862 1289 1166 1331; x_wconf 88' lang='lat' dir='ltr'><strong>controversia</strong></span> <span class='ocrx_word' id='word_1_27' title='bbox 1195 1288 1294 1338; x_wconf 84' lang='lat' dir='ltr'><strong>fuit,</strong></span> <span class='ocrx_word' id='word_1_28' title='bbox 1321 1301 1467 1342; x_wconf 91' lang='lat' dir='ltr'><strong>usque</strong></span> <span class='ocrx_word' id='word_1_29' title='bbox 1494 1288 1551 1329; x_wconf 93' lang='lat' dir='ltr'><strong>ad</strong></span> <span class='ocrx_word' id='word_1_30' title='bbox 1573 1287 1666 1329; x_wconf 91' lang='lat' dir='ltr'><strong>Do-</strong></span> 
     </span>
     <span class='ocr_line' id='line_1_7' title="bbox 210 1354 1668 1412; baseline -0.001 -15"><span class='ocrx_word' id='word_1_31' title='bbox 210 1354 325 1397; x_wconf 87' lang='lat' dir='ltr'><strong>mitii</strong></span> <span class='ocrx_word' id='word_1_32' title='bbox 343 1361 555 1412; x_wconf 89' lang='lat' dir='ltr'><strong>tempora,</strong></span> <span class='ocrx_word' id='word_1_33' title='bbox 577 1357 779 1408; x_wconf 89' lang='lat' dir='ltr'><strong>Domitii,</strong></span> <span class='ocrx_word' id='word_1_34' title='bbox 798 1357 996 1411; x_wconf 87' lang='lat' dir='ltr'><strong>inquam,</strong></span> <span class='ocrx_word' id='word_1_35' title='bbox 1026 1356 1083 1398; x_wconf 89' lang='lat' dir='ltr'><strong>de</strong></span> <span class='ocrx_word' id='word_1_36' title='bbox 1101 1369 1146 1398; x_wconf 90' lang='lat' dir='ltr'><strong>re</strong></span> <span class='ocrx_word' id='word_1_37' title='bbox 1165 1357 1360 1398; x_wconf 88' lang='lat' dir='ltr'><strong>literaria</strong></span> <span class='ocrx_word' id='word_1_38' title='bbox 1379 1356 1491 1397; x_wconf 91' lang='lat' dir='ltr'><strong>bene</strong></span> <span class='ocrx_word' id='word_1_39' title='bbox 1511 1355 1668 1404; x_wconf 88' lang='lat' dir='ltr'><strong>meriti,</strong></span> 
     </span>
     <span class='ocr_line' id='line_1_8' title="bbox 211 1423 1669 1476; baseline -0.001 -11"><span class='ocrx_word' id='word_1_40' title='bbox 211 1423 291 1476; x_wconf 89' lang='lat' dir='ltr'><strong>qui</strong></span> <span class='ocrx_word' id='word_1_41' title='bbox 309 1425 352 1466; x_wconf 86' lang='lat' dir='ltr'><strong>si</strong></span> <span class='ocrx_word' id='word_1_42' title='bbox 371 1438 459 1467; x_wconf 87' lang='lat' dir='ltr'><strong>non</strong></span> <span class='ocrx_word' id='word_1_43' title='bbox 476 1426 562 1468; x_wconf 90' lang='lat' dir='ltr'><strong>sibi</strong></span> <span class='ocrx_word' id='word_1_44' title='bbox 581 1431 626 1467; x_wconf 89' lang='lat' dir='ltr'><strong>et</strong></span> <span class='ocrx_word' id='word_1_45' title='bbox 644 1426 870 1468; x_wconf 84' lang='lat' dir='ltr'><strong>memoriae</strong></span> <span class='ocrx_word' id='word_1_46' title='bbox 892 1430 1065 1467; x_wconf 89' lang='lat' dir='ltr'><strong>tantum</strong></span> <span class='ocrx_word' id='word_1_47' title='bbox 1093 1424 1369 1474; x_wconf 86' lang='lat' dir='ltr'><strong>indulsisset,</strong></span> <span class='ocrx_word' id='word_1_48' title='bbox 1390 1423 1530 1466; x_wconf 89' lang='lat' dir='ltr'><strong>multa</strong></span> <span class='ocrx_word' id='word_1_49' title='bbox 1549 1430 1669 1464; x_wconf 88' lang='lat' dir='ltr'><strong>cette</strong></span> 
     </span>
     <span class='ocr_line' id='line_1_9' title="bbox 213 1490 1668 1548; baseline 0.001 -17"><span class='ocrx_word' id='word_1_50' title='bbox 213 1490 532 1535; x_wconf 83' lang='lat' dir='ltr'><strong>obtrectatores</strong></span> <span class='ocrx_word' id='word_1_51' title='bbox 566 1494 612 1535; x_wconf 87' lang='lat' dir='ltr'><strong>in</strong></span> <span class='ocrx_word' id='word_1_52' title='bbox 642 1493 739 1548; x_wconf 92' lang='lat' dir='ltr'><strong>ejus</strong></span> <span class='ocrx_word' id='word_1_53' title='bbox 769 1493 954 1547; x_wconf 91' lang='lat' dir='ltr'><strong>scriptis</strong></span> <span class='ocrx_word' id='word_1_54' title='bbox 971 1492 1150 1542; x_wconf 80' lang='lat' dir='ltr'><strong>frustra,</strong></span> <span class='ocrx_word' id='word_1_55' title='bbox 1171 1505 1274 1547; x_wconf 82' lang='lat' dir='ltr'><strong>quae</strong></span> <span class='ocrx_word' id='word_1_56' title='bbox 1291 1491 1668 1546; x_wconf 84' lang='lat' dir='ltr'><strong>reprehenderent,</strong></span> 
     </span>
     <span class='ocr_line' id='line_1_10' title="bbox 213 1559 1671 1615; baseline 0 -15"><span class='ocrx_word' id='word_1_57' title='bbox 213 1559 550 1612; x_wconf 73' lang='lat' dir='ltr'><strong>perquisissem.</strong></span> <span class='ocrx_word' id='word_1_58' title='bbox 608 1561 696 1603; x_wconf 90' lang='lat' dir='ltr'><strong>Sed</strong></span> <span class='ocrx_word' id='word_1_59' title='bbox 717 1561 773 1602; x_wconf 90' lang='lat' dir='ltr'><strong>de</strong></span> <span class='ocrx_word' id='word_1_60' title='bbox 794 1561 995 1602; x_wconf 86' lang='lat' dir='ltr'><strong>Domitio</strong></span> <span class='ocrx_word' id='word_1_61' title='bbox 1023 1560 1155 1611; x_wconf 88' lang='lat' dir='ltr'><strong>alias,</strong></span> <span class='ocrx_word' id='word_1_62' title='bbox 1176 1562 1317 1615; x_wconf 90' lang='lat' dir='ltr'><strong>inquit</strong></span> <span class='ocrx_word' id='word_1_63' title='bbox 1338 1560 1463 1610; x_wconf 90' lang='lat' dir='ltr'><strong>Piso,</strong></span> <span class='ocrx_word' id='word_1_64' title='bbox 1485 1572 1601 1601; x_wconf 91' lang='lat' dir='ltr'><strong>nunc</strong></span> <span class='ocrx_word' id='word_1_65' title='bbox 1617 1559 1671 1600; x_wconf 92' lang='lat' dir='ltr'><strong>de</strong></span> 
     </span>
     <span class='ocr_line' id='line_1_11' title="bbox 215 1625 1670 1683; baseline 0.001 -16"><span class='ocrx_word' id='word_1_66' title='bbox 215 1625 378 1678; x_wconf 84' lang='lat' dir='ltr'><strong>Statio,</strong></span> <span class='ocrx_word' id='word_1_67' title='bbox 416 1629 509 1683; x_wconf 89' lang='lat' dir='ltr'><strong>qui,</strong></span> <span class='ocrx_word' id='word_1_68' title='bbox 546 1630 603 1670; x_wconf 90' lang='lat' dir='ltr'><strong>ab</strong></span> <span class='ocrx_word' id='word_1_69' title='bbox 643 1629 870 1683; x_wconf 88' lang='lat' dir='ltr'><strong>aliquibus</strong></span> <span class='ocrx_word' id='word_1_70' title='bbox 902 1628 1166 1680; x_wconf 89' lang='lat' dir='ltr'><strong>Tolosanus,</strong></span> <span class='ocrx_word' id='word_1_71' title='bbox 1199 1630 1257 1671; x_wconf 90' lang='lat' dir='ltr'><strong>ab</strong></span> <span class='ocrx_word' id='word_1_72' title='bbox 1288 1628 1391 1670; x_wconf 84' lang='lat' dir='ltr'><strong>aliis</strong></span> <span class='ocrx_word' id='word_1_73' title='bbox 1421 1641 1481 1669; x_wconf 84' lang='lat' dir='ltr'><strong>ex</strong></span> <span class='ocrx_word' id='word_1_74' title='bbox 1509 1627 1670 1677; x_wconf 77' lang='lat' dir='ltr'><strong>Sellis,</strong></span> 
     </span>
     <span class='ocr_line' id='line_1_12' title="bbox 214 1692 1671 1752; baseline 0.001 -17"><span class='ocrx_word' id='word_1_75' title='bbox 214 1692 339 1748; x_wconf 88' lang='lat' dir='ltr'><strong>Epiri</strong></span> <span class='ocrx_word' id='word_1_76' title='bbox 369 1695 558 1750; x_wconf 90' lang='lat' dir='ltr'><strong>oppido,</strong></span> <span class='ocrx_word' id='word_1_77' title='bbox 593 1698 650 1738; x_wconf 89' lang='lat' dir='ltr'><strong>ab</strong></span> <span class='ocrx_word' id='word_1_78' title='bbox 681 1697 783 1739; x_wconf 90' lang='lat' dir='ltr'><strong>aliis</strong></span> <span class='ocrx_word' id='word_1_79' title='bbox 813 1696 1145 1752; x_wconf 88' lang='lat' dir='ltr'><strong>Neapolitanus</strong></span> <span class='ocrx_word' id='word_1_80' title='bbox 1176 1697 1347 1739; x_wconf 86' lang='lat' dir='ltr'><strong>dicitur.</strong></span> <span class='ocrx_word' id='word_1_81' title='bbox 1406 1697 1532 1738; x_wconf 89' lang='lat' dir='ltr'><strong>Tunc</strong></span> <span class='ocrx_word' id='word_1_82' title='bbox 1569 1708 1671 1749; x_wconf 87' lang='lat' dir='ltr'><strong>ego,</strong></span> 
     </span>
     <span class='ocr_line' id='line_1_13' title="bbox 213 1760 1672 1819; baseline 0.001 -16"><span class='ocrx_word' id='word_1_83' title='bbox 213 1760 465 1817; x_wconf 88' lang='lat' dir='ltr'><strong>Postquam</strong></span> <span class='ocrx_word' id='word_1_84' title='bbox 491 1777 562 1806; x_wconf 89' lang='lat' dir='ltr'><strong>me</strong></span> <span class='ocrx_word' id='word_1_85' title='bbox 589 1777 828 1819; x_wconf 85' lang='lat' dir='ltr'><strong>provocas,</strong></span> <span class='ocrx_word' id='word_1_86' title='bbox 859 1768 904 1806; x_wconf 91' lang='lat' dir='ltr'><strong>et</strong></span> <span class='ocrx_word' id='word_1_87' title='bbox 933 1765 1071 1807; x_wconf 89' lang='lat' dir='ltr'><strong>Picus</strong></span> <span class='ocrx_word' id='word_1_88' title='bbox 1100 1768 1267 1807; x_wconf 85' lang='lat' dir='ltr'><strong>attente</strong></span> <span class='ocrx_word' id='word_1_89' title='bbox 1297 1768 1342 1806; x_wconf 90' lang='lat' dir='ltr'><strong>et</strong></span> <span class='ocrx_word' id='word_1_90' title='bbox 1366 1765 1554 1806; x_wconf 87' lang='lat' dir='ltr'><strong>libenter</strong></span> <span class='ocrx_word' id='word_1_91' title='bbox 1574 1764 1672 1806; x_wconf 86' lang='lat' dir='ltr'><strong>haec</strong></span> 
     </span>
     <span class='ocr_line' id='line_1_14' title="bbox 213 1829 1674 1888; baseline 0.001 -17"><span class='ocrx_word' id='word_1_92' title='bbox 213 1829 371 1872; x_wconf 83' lang='lat' dir='ltr'><strong>audire</strong></span> <span class='ocrx_word' id='word_1_93' title='bbox 389 1831 577 1884; x_wconf 83' lang='lat' dir='ltr'><strong>videtur,</strong></span> <span class='ocrx_word' id='word_1_94' title='bbox 597 1846 781 1875; x_wconf 87' lang='lat' dir='ltr'><strong>causam</strong></span> <span class='ocrx_word' id='word_1_95' title='bbox 801 1833 931 1875; x_wconf 85' lang='lat' dir='ltr'><strong>vobis</strong></span> <span class='ocrx_word' id='word_1_96' title='bbox 951 1846 1187 1888; x_wconf 82' lang='lat' dir='ltr'><strong>exponam,</strong></span> <span class='ocrx_word' id='word_1_97' title='bbox 1213 1846 1292 1875; x_wconf 91' lang='lat' dir='ltr'><strong>cur</strong></span> <span class='ocrx_word' id='word_1_98' title='bbox 1318 1833 1465 1876; x_wconf 86' lang='lat' dir='ltr'><strong>Statio</strong></span> <span class='ocrx_word' id='word_1_99' title='bbox 1492 1832 1674 1874; x_wconf 89' lang='lat' dir='ltr'><strong>diversa</strong></span> 
     </span>
     <span class='ocr_line' id='line_1_15' title="bbox 215 1900 1675 1956; baseline 0.002 -18"><span class='ocrx_word' id='word_1_100' title='bbox 215 1901 437 1941; x_wconf 83' lang='lat' dir='ltr'><strong>statuatur</strong></span> <span class='ocrx_word' id='word_1_101' title='bbox 468 1901 621 1954; x_wconf 83' lang='lat' dir='ltr'><strong>patria.</strong></span> <span class='ocrx_word' id='word_1_102' title='bbox 681 1900 830 1955; x_wconf 89' lang='lat' dir='ltr'><strong>Atque</strong></span> <span class='ocrx_word' id='word_1_103' title='bbox 860 1904 910 1942; x_wconf 92' lang='lat' dir='ltr'><strong>ut</strong></span> <span class='ocrx_word' id='word_1_104' title='bbox 937 1914 1027 1942; x_wconf 89' lang='lat' dir='ltr'><strong>rem</strong></span> <span class='ocrx_word' id='word_1_105' title='bbox 1051 1902 1215 1943; x_wconf 89' lang='lat' dir='ltr'><strong>clarius</strong></span> <span class='ocrx_word' id='word_1_106' title='bbox 1235 1902 1514 1956; x_wconf 83' lang='lat' dir='ltr'><strong>percipiatis,</strong></span> <span class='ocrx_word' id='word_1_107' title='bbox 1534 1902 1675 1956; x_wconf 89' lang='lat' dir='ltr'><strong>patris</strong></span> 
     </span>
     <span class='ocr_line' id='line_1_16' title="bbox 215 1965 1675 2024; baseline 0.003 -18"><span class='ocrx_word' id='word_1_108' title='bbox 215 1968 261 2006; x_wconf 89' lang='lat' dir='ltr'><strong>et</strong></span> <span class='ocrx_word' id='word_1_109' title='bbox 294 1965 374 2007; x_wconf 88' lang='lat' dir='ltr'><strong>filii</strong></span> <span class='ocrx_word' id='word_1_110' title='bbox 408 1967 523 2009; x_wconf 81' lang='lat' dir='ltr'><strong>vitas</strong></span> <span class='ocrx_word' id='word_1_111' title='bbox 566 1969 695 2010; x_wconf 84' lang='lat' dir='ltr'><strong>vobis</strong></span> <span class='ocrx_word' id='word_1_112' title='bbox 728 1970 890 2023; x_wconf 91' lang='lat' dir='ltr'><strong>paucis</strong></span> <span class='ocrx_word' id='word_1_113' title='bbox 929 1971 1149 2020; x_wconf 89' lang='lat' dir='ltr'><strong>recitabo,</strong></span> <span class='ocrx_word' id='word_1_114' title='bbox 1189 1982 1300 2024; x_wconf 91' lang='lat' dir='ltr'><strong>quas</strong></span> <span class='ocrx_word' id='word_1_115' title='bbox 1328 1982 1429 2011; x_wconf 90' lang='lat' dir='ltr'><strong>cum</strong></span> <span class='ocrx_word' id='word_1_116' title='bbox 1462 1969 1555 2021; x_wconf 87' lang='lat' dir='ltr'><strong>alii,</strong></span> <span class='ocrx_word' id='word_1_117' title='bbox 1583 1973 1675 2011; x_wconf 86' lang='lat' dir='ltr'><strong>tum</strong></span> 
     </span>
     <span class='ocr_line' id='line_1_17' title="bbox 216 2031 1673 2092; baseline 0.003 -18"><span class='ocrx_word' id='word_1_118' title='bbox 216 2031 495 2089; x_wconf 87' lang='lat' dir='ltr'><strong>Pomponius</strong></span> <span class='ocrx_word' id='word_1_119' title='bbox 526 2036 696 2088; x_wconf 77' lang='lat' dir='ltr'><strong>Laetus,</strong></span> <span class='ocrx_word' id='word_1_120' title='bbox 726 2043 773 2079; x_wconf 86' lang='lat' dir='ltr'><strong>et</strong></span> <span class='ocrx_word' id='word_1_121' title='bbox 794 2038 1038 2080; x_wconf 87' lang='lat' dir='ltr'><strong>Literarum</strong></span> <span class='ocrx_word' id='word_1_122' title='bbox 1058 2043 1106 2079; x_wconf 88' lang='lat' dir='ltr'><strong>et</strong></span> <span class='ocrx_word' id='word_1_123' title='bbox 1125 2037 1436 2092; x_wconf 86' lang='lat' dir='ltr'><strong>Antiquitatis,</strong></span> <span class='ocrx_word' id='word_1_124' title='bbox 1457 2043 1506 2079; x_wconf 92' lang='lat' dir='ltr'><strong>ut</strong></span> <span class='ocrx_word' id='word_1_125' title='bbox 1527 2038 1673 2088; x_wconf 87' lang='lat' dir='ltr'><strong>scitis,</strong></span> 
     </span>
     <span class='ocr_line' id='line_1_18' title="bbox 217 2101 1677 2160; baseline 0.003 -17"><span class='ocrx_word' id='word_1_126' title='bbox 217 2101 329 2144; x_wconf 85' lang='lat' dir='ltr'><strong>bene</strong></span> <span class='ocrx_word' id='word_1_127' title='bbox 345 2104 525 2157; x_wconf 85' lang='lat' dir='ltr'><strong>peritus,</strong></span> <span class='ocrx_word' id='word_1_128' title='bbox 556 2105 729 2159; x_wconf 87' lang='lat' dir='ltr'><strong>pridem</strong></span> <span class='ocrx_word' id='word_1_129' title='bbox 751 2106 946 2160; x_wconf 88' lang='lat' dir='ltr'><strong>Gaspari</strong></span> <span class='ocrx_word' id='word_1_130' title='bbox 969 2107 1133 2148; x_wconf 87' lang='lat' dir='ltr'><strong>Blondi</strong></span> <span class='ocrx_word' id='word_1_131' title='bbox 1152 2106 1247 2148; x_wconf 88' lang='lat' dir='ltr'><strong>filio</strong></span> <span class='ocrx_word' id='word_1_132' title='bbox 1269 2105 1552 2160; x_wconf 87' lang='lat' dir='ltr'><strong>conscripsit,</strong></span> <span class='ocrx_word' id='word_1_133' title='bbox 1579 2107 1677 2160; x_wconf 89' lang='lat' dir='ltr'><strong>qui·</strong></span> 
     </span>
     <span class='ocr_line' id='line_1_19' title="bbox 218 2168 1677 2229; baseline 0.003 -18"><span class='ocrx_word' id='word_1_134' title='bbox 218 2168 411 2212; x_wconf 82' lang='lat' dir='ltr'><strong>busdam</strong></span> <span class='ocrx_word' id='word_1_135' title='bbox 429 2183 458 2212; x_wconf 90' lang='lat' dir='ltr'><strong>a</strong></span> <span class='ocrx_word' id='word_1_136' title='bbox 475 2185 545 2212; x_wconf 91' lang='lat' dir='ltr'><strong>me</strong></span> <span class='ocrx_word' id='word_1_137' title='bbox 558 2186 640 2226; x_wconf 88' lang='lat' dir='ltr'><strong>pro</strong></span> <span class='ocrx_word' id='word_1_138' title='bbox 655 2179 858 2229; x_wconf 88' lang='lat' dir='ltr'><strong>tempore</strong></span> <span class='ocrx_word' id='word_1_139' title='bbox 876 2175 1056 2216; x_wconf 88' lang='lat' dir='ltr'><strong>additis.</strong></span> <span class='ocrx_word' id='word_1_140' title='bbox 1118 2175 1195 2217; x_wconf 92' lang='lat' dir='ltr'><strong>Sic</strong></span> <span class='ocrx_word' id='word_1_141' title='bbox 1216 2187 1341 2228; x_wconf 79' lang='lat' dir='ltr'><strong>agaS‚</strong></span> <span class='ocrx_word' id='word_1_142' title='bbox 1361 2173 1503 2228; x_wconf 91' lang='lat' dir='ltr'><strong>inquit</strong></span> <span class='ocrx_word' id='word_1_143' title='bbox 1520 2174 1677 2225; x_wconf 89' lang='lat' dir='ltr'><strong>Picus,</strong></span> 
     </span>
     <span class='ocr_line' id='line_1_20' title="bbox 219 2236 1676 2297; baseline 0.003 -19"><span class='ocrx_word' id='word_1_144' title='bbox 219 2241 264 2278; x_wconf 86' lang='lat' dir='ltr'><strong>et</strong></span> <span class='ocrx_word' id='word_1_145' title='bbox 291 2236 421 2280; x_wconf 89' lang='lat' dir='ltr'><strong>simul</strong></span> <span class='ocrx_word' id='word_1_146' title='bbox 450 2239 652 2282; x_wconf 88' lang='lat' dir='ltr'><strong>obticuit.</strong></span> <span class='ocrx_word' id='word_1_147' title='bbox 711 2241 899 2284; x_wconf 86' lang='lat' dir='ltr'><strong>Publius</strong></span> <span class='ocrx_word' id='word_1_148' title='bbox 931 2244 1078 2297; x_wconf 87' lang='lat' dir='ltr'><strong>igitur,</strong></span> <span class='ocrx_word' id='word_1_149' title='bbox 1120 2243 1300 2297; x_wconf 88' lang='lat' dir='ltr'><strong>inquam</strong></span> <span class='ocrx_word' id='word_1_150' title='bbox 1330 2255 1429 2296; x_wconf 86' lang='lat' dir='ltr'><strong>ego,-</strong></span> <span class='ocrx_word' id='word_1_151' title='bbox 1458 2241 1676 2296; x_wconf 86' lang='lat' dir='ltr'><strong>Papinius</strong></span> 
     </span>
     <span class='ocr_line' id='line_1_21' title="bbox 220 2304 1676 2365; baseline 0.003 -19"><span class='ocrx_word' id='word_1_152' title='bbox 220 2304 395 2348; x_wconf 88' lang='lat' dir='ltr'><strong>Statius</strong></span> <span class='ocrx_word' id='word_1_153' title='bbox 414 2312 558 2362; x_wconf 91' lang='lat' dir='ltr'><strong>pater,</strong></span> <span class='ocrx_word' id='word_1_154' title='bbox 587 2308 750 2351; x_wconf 88' lang='lat' dir='ltr'><strong>Graeca</strong></span> <span class='ocrx_word' id='word_1_155' title='bbox 768 2311 995 2353; x_wconf 89' lang='lat' dir='ltr'><strong>et·Latina</strong></span> <span class='ocrx_word' id='word_1_156' title='bbox 1022 2311 1178 2365; x_wconf 83' lang='lat' dir='ltr'><strong>lingua</strong></span> <span class='ocrx_word' id='word_1_157' title='bbox 1198 2310 1415 2360; x_wconf 86' lang='lat' dir='ltr'><strong>eruditus,</strong></span> <span class='ocrx_word' id='word_1_158' title='bbox 1442 2309 1498 2351; x_wconf 91' lang='lat' dir='ltr'><strong>ad</strong></span> <span class='ocrx_word' id='word_1_159' title='bbox 1525 2310 1676 2352; x_wconf 76' lang='lat' dir='ltr'><strong>novis·</strong></span> 
     </span>
     <span class='ocr_line' id='line_1_22' title="bbox 182 2373 1677 2433; baseline 0.001 -16"><span class='ocrx_word' id='word_1_160' title='bbox 182 2419 188 2424; x_wconf 63' lang='grc'>,</span> <span class='ocrx_word' id='word_1_161' title='bbox 219 2373 381 2417; x_wconf 90' lang='lat' dir='ltr'><strong>simum</strong></span> <span class='ocrx_word' id='word_1_162' title='bbox 412 2387 555 2429; x_wconf 90' lang='lat' dir='ltr'><strong>usque</strong></span> <span class='ocrx_word' id='word_1_163' title='bbox 589 2378 704 2419; x_wconf 92' lang='lat' dir='ltr'><strong>diem</strong></span> <span class='ocrx_word' id='word_1_164' title='bbox 743 2379 972 2433; x_wconf 89' lang='lat' dir='ltr'><strong>professus</strong></span> <span class='ocrx_word' id='word_1_165' title='bbox 1011 2383 1094 2430; x_wconf 86' lang='lat' dir='ltr'><strong>est,</strong></span> <span class='ocrx_word' id='word_1_166' title='bbox 1136 2391 1311 2420; x_wconf 88' lang='lat' dir='ltr'><strong>summo</strong></span> <span class='ocrx_word' id='word_1_167' title='bbox 1348 2378 1519 2419; x_wconf 89' lang='lat' dir='ltr'><strong>honore</strong></span> <span class='ocrx_word' id='word_1_168' title='bbox 1556 2378 1677 2432; x_wconf 87' lang='lat' dir='ltr'><strong>apud</strong></span> 
     </span>
     <span class='ocr_line' id='line_1_23' title="bbox 221 2441 1677 2502; baseline 0.004 -20"><span class='ocrx_word' id='word_1_169' title='bbox 221 2441 527 2485; x_wconf 83' lang='lat' dir='ltr'><strong>Domitianum</strong></span> <span class='ocrx_word' id='word_1_170' title='bbox 547 2443 741 2497; x_wconf 79' lang='lat' dir='ltr'><strong>habituS,</strong></span> <span class='ocrx_word' id='word_1_171' title='bbox 762 2460 790 2488; x_wconf 88' lang='lat' dir='ltr'><strong>a</strong></span> <span class='ocrx_word' id='word_1_172' title='bbox 811 2461 899 2502; x_wconf 91' lang='lat' dir='ltr'><strong>quo</strong></span> <span class='ocrx_word' id='word_1_173' title='bbox 920 2449 1054 2489; x_wconf 86' lang='lat' dir='ltr'><strong>etiam</strong></span> <span class='ocrx_word' id='word_1_174' title='bbox 1074 2451 1144 2489; x_wconf 91' lang='lat' dir='ltr'><strong>est</strong></span> <span class='ocrx_word' id='word_1_175' title='bbox 1164 2460 1274 2488; x_wconf 89' lang='lat' dir='ltr'><strong>auro</strong></span> <span class='ocrx_word' id='word_1_176' title='bbox 1304 2446 1499 2489; x_wconf 89' lang='lat' dir='ltr'><strong>donatus</strong></span> <span class='ocrx_word' id='word_1_177' title='bbox 1528 2451 1571 2488; x_wconf 89' lang='lat' dir='ltr'><strong>et</strong></span> <span class='ocrx_word' id='word_1_178' title='bbox 1598 2459 1677 2488; x_wconf 88' lang='lat' dir='ltr'><strong>co-</strong></span> 
     </span>
     <span class='ocr_line' id='line_1_24' title="bbox 220 2509 1676 2569; baseline 0.005 -20"><span class='ocrx_word' id='word_1_179' title='bbox 220 2521 344 2561; x_wconf 86' lang='lat' dir='ltr'><strong>rona,</strong></span> <span class='ocrx_word' id='word_1_180' title='bbox 373 2509 504 2564; x_wconf 86' lang='lat' dir='ltr'><strong>digno</strong></span> <span class='ocrx_word' id='word_1_181' title='bbox 537 2513 738 2567; x_wconf 88' lang='lat' dir='ltr'><strong>principe</strong></span> <span class='ocrx_word' id='word_1_182' title='bbox 766 2528 873 2568; x_wconf 88' lang='lat' dir='ltr'><strong>erga</strong></span> <span class='ocrx_word' id='word_1_183' title='bbox 904 2518 1225 2569; x_wconf 80' lang='lat' dir='ltr'><strong>praeceptorem</strong></span> <span class='ocrx_word' id='word_1_184' title='bbox 1251 2527 1440 2556; x_wconf 89' lang='lat' dir='ltr'><strong>munere.</strong></span> <span class='ocrx_word' id='word_1_185' title='bbox 1500 2513 1676 2556; x_wconf 89' lang='lat' dir='ltr'><strong>Primus</strong></span> 
     </span>
     <span class='ocr_line' id='line_1_25' title="bbox 220 2581 1676 2642; baseline 0.004 -24"><span class='ocrx_word' id='word_1_186' title='bbox 220 2589 370 2642; x_wconf 32' lang='lat' dir='ltr'><strong>genus.</strong></span> <span class='ocrx_word' id='word_1_187' title='bbox 399 2591 540 2630; x_wconf 89' lang='lat' dir='ltr'><strong>suum,</strong></span> <span class='ocrx_word' id='word_1_188' title='bbox 572 2585 752 2635; x_wconf 84' lang='lat' dir='ltr'><strong>propter</strong></span> <span class='ocrx_word' id='word_1_189' title='bbox 785 2583 982 2637; x_wconf 89' lang='lat' dir='ltr'><strong>inopiam</strong></span> <span class='ocrx_word' id='word_1_190' title='bbox 1020 2586 1063 2624; x_wconf 87' lang='lat' dir='ltr'><strong>et</strong></span> <span class='ocrx_word' id='word_1_191' title='bbox 1106 2584 1344 2635; x_wconf 84' lang='lat' dir='ltr'><strong>egestatem</strong></span> <span class='ocrx_word' id='word_1_192' title='bbox 1379 2581 1676 2633; x_wconf 86' lang='lat' dir='ltr'><strong>obliteratum,</strong></span> 
     </span>
     <span class='ocr_line' id='line_1_26' title="bbox 224 2644 1676 2705; baseline 0.004 -21"><span class='ocrx_word' id='word_1_193' title='bbox 224 2644 478 2689; x_wconf 84' lang='lat' dir='ltr'><strong>celebritate</strong></span> <span class='ocrx_word' id='word_1_194' title='bbox 505 2649 695 2690; x_wconf 87' lang='lat' dir='ltr'><strong>nominis</strong></span> <span class='ocrx_word' id='word_1_195' title='bbox 724 2650 897 2692; x_wconf 86' lang='lat' dir='ltr'><strong>celebre</strong></span> <span class='ocrx_word' id='word_1_196' title='bbox 917 2650 1036 2701; x_wconf 86' lang='lat' dir='ltr'><strong>fecit,</strong></span> <span class='ocrx_word' id='word_1_197' title='bbox 1057 2650 1259 2705; x_wconf 89' lang='lat' dir='ltr'><strong>adeoque</strong></span> <span class='ocrx_word' id='word_1_198' title='bbox 1277 2650 1452 2701; x_wconf 86' lang='lat' dir='ltr'><strong>claruit,</strong></span> <span class='ocrx_word' id='word_1_199' title='bbox 1470 2655 1537 2701; x_wconf 92' lang='lat' dir='ltr'><strong>ut,</strong></span> <span class='ocrx_word' id='word_1_200' title='bbox 1557 2650 1676 2704; x_wconf 89' lang='lat' dir='ltr'><strong>quod</strong></span> 
     </span>
     <span class='ocr_line' id='line_1_27' title="bbox 226 2710 1675 2774; baseline 0.004 -21"><span class='ocrx_word' id='word_1_201' title='bbox 226 2710 436 2766; x_wconf 89' lang='lat' dir='ltr'><strong>Homero,</strong></span> <span class='ocrx_word' id='word_1_202' title='bbox 455 2715 496 2756; x_wconf 86' lang='lat' dir='ltr'><strong>ci</strong></span> <span class='ocrx_word' id='word_1_203' title='bbox 517 2716 772 2770; x_wconf 81' lang='lat' dir='ltr'><strong>contigerit3</strong></span> <span class='ocrx_word' id='word_1_204' title='bbox 794 2717 896 2761; x_wconf 84' lang='lat' dir='ltr'><strong>duae</strong></span> <span class='ocrx_word' id='word_1_205' title='bbox 921 2719 1035 2761; x_wconf 86' lang='lat' dir='ltr'><strong>enim</strong></span> <span class='ocrx_word' id='word_1_206' title='bbox 1052 2719 1198 2770; x_wconf 79' lang='lat' dir='ltr'><strong>urch,</strong></span> <span class='ocrx_word' id='word_1_207' title='bbox 1219 2718 1356 2761; x_wconf 85' lang='lat' dir='ltr'><strong>Sellae</strong></span> <span class='ocrx_word' id='word_1_208' title='bbox 1379 2717 1675 2774; x_wconf 89' lang='lat' dir='ltr'><strong>Epirotarum,</strong></span> 
     </span>
    </p>
   </div>
  </div>
 </body>
</html>
