1800 3060
216 218 303 261 424
722 229 761 258 P.
796 227 986 258 PAPan
1023 227 1188 259 srArn

336 325 526 367 Fervent
545 323 713 374 littora,
735 323 1011 378 mobilesque
1034 324 1204 378 sylvae;

337 393 383 435 lt
401 393 563 446 longus
583 391 754 434 medias
771 392 917 445 fragor
937 405 1013 446 per
1033 393 1187 433 urbes:

334 460 488 515 Atque
510 459 620 501 echo
642 459 774 501 simul
796 459 900 500 hinc
920 463 966 500 et
986 459 1091 500 inde
1110 458 1295 500 fractam

338 529 492 571 Gauro
517 527 747 569 Massicus
767 527 911 569 uvifer
927 527 1123 577 remittit.

338 597 525 640 Miratur
548 597 744 638 sonitum
765 596 914 650 quieta
933 594 1090 650 Cyme,

338 665 395 706 Et
415 665 594 706 Literna
613 665 761 719 palus,
783 665 992 719 pigerque
1013 664 1148 705 Savo,

339 732 403 775 At
422 732 589 774 flavum
611 737 766 787 caput,
788 733 1104 787 humidumque
1123 731 1212 772 late

340 801 514 843 Crinem
532 800 738 842 mollibus
758 800 998 854 impeditus
1018 800 1136 842 ulvis

226 926 320 967 Ripae
336 929 366 958 et
382 927 525 967 ingentio
539 937 664 959 nemora
676 931 822 959 oestuant.
858 927 986 966 Longus
998 926 1118 958 sonitus
1132 927 1294 967 percurrit
1307 927 1411 959 media
1425 926 1549 968 oppida,
1562 929 1592 958 et
1605 924 1694 956 Mos-

225 969 306 1001 sicus
321 970 432 1001 uitium
446 970 547 1008 ferox
573 971 744 1012 repercutit
768 972 809 1001 ad
839 974 973 1002 mantem
1000 970 1145 1001 Gaurum
1169 970 1242 1001 echo
1266 971 1339 1002 hinc
1361 974 1392 1002 et
1418 970 1490 1002 hinc
1502 971 1693 1011 perruptam.

228 1012 419 1054 Tranquillae
437 1014 558 1052 Cuvnoe,
573 1018 603 1045 et
617 1015 706 1054 polus
721 1014 886 1052 Linterna,
902 1014 1060 1054 lentusque
1077 1013 1161 1044 Savo
1177 1013 1335 1045 mirantur
1347 1014 1526 1053 fragorem.
1577 1012 1694 1045 Verum

233 1055 406 1087 Vulturnus
419 1056 533 1088 habens
548 1057 671 1098 flavum
686 1060 779 1098 caput
802 1060 833 1088 et
847 1057 1006 1087 madidum
1026 1057 1171 1097 capillum
1195 1057 1258 1089 late
1273 1057 1447 1088 involutum
1468 1055 1584 1088 teneris
1598 1052 1693 1094 ulvis,

846 1151 1086 1164 Μαι-ὀθόνια·

227 1222 392 1250 rumh—61
419 1218 523 1251 Aldd.
541 1219 650 1251 Colin.
667 1218 803 1260 Gryph.
834 1218 939 1250 Basii.
963 1218 1081 1249 Plant.
1109 1217 1252 1249 Gevart.
1275 1221 1311 1248 et
1339 1216 1496 1248 Grasser.
1523 1214 1697 1255 nobilesque

228 1261 345 1302 sylvoe;
370 1262 531 1293 Heinsius
549 1262 589 1293 ad
609 1262 712 1294 Ovid.
742 1263 836 1293 Fast.
853 1270 894 1292 n.
908 1263 963 1293 24.
990 1271 1010 1293 e
1027 1260 1207 1292 Parmensi
1224 1259 1311 1301 tegit
1326 1257 1624 1300 mobilesque,qnod
1642 1267 1695 1288 re-

230 1307 367 1336 vocavit
384 1305 599 1337 Maru—62
625 1306 669 1336 Et
691 1305 801 1344 longus
826 1304 1028 1336 Parme-63
1052 1303 1159 1345 Atque
1185 1303 1290 1334 Echon
1317 1302 1352 1333 in
1379 1302 1601 1333 eadem—65
1625 1299 1697 1331 Pro

233 1347 341 1388 Cyme,
365 1348 509 1379 Domitii
523 1348 624 1380 codd.
645 1348 773 1385 Grine3
790 1348 905 1379 Parm.
919 1350 1116 1388 cyma-66
1140 1346 1218 1378 Nic.
1236 1345 1399 1377 Heinsius
1414 1344 1457 1376 ad
1473 1344 1535 1376 sn.
1548 1344 1628 1375 Ital.
1646 1351 1697 1374 vx.

228 1393 304 1421 654.
320 1396 356 1422 et
370 1391 411 1422 ad
425 1391 530 1423 Ovid.
547 1392 636 1423 Met.
650 1400 712 1422 xv.
729 1393 804 1422 714.
822 1391 1002 1430 legendum
1031 1400 1106 1421 esse
1132 1389 1238 1420 docet
1264 1388 1398 1419 Literna
1413 1399 1425 1425 ,·
1449 1397 1515 1418 non
1532 1387 1699 1425 Limenia,

232 1437 271 1464 nt
295 1433 328 1464 in
353 1434 457 1467 Aldd.
482 1434 589 1466 Colin.
613 1434 747 1475 Gryph.
776 1434 881 1465 Basil.
910 1434 1023 1465 Fiant.
1041 1435 1109 1464 διο.
1124 1432 1203 1473 quia
1221 1431 1356 1463 Graecis
1373 1436 1425 1462 est
1440 1429 1614 1471 Λείτερνον,
1629 1437 1698 1459 non

230 1475 402 1517 Λίντερνον.
446 1478 491 1509 Et
508 1477 558 1509 ita
575 1478 710 1508 Cluver.
726 1476 808 1508 Ital.
825 1477 885 1508 lib.
900 1486 951 1509 iv.
969 1486 1044 1517 cap.
1059 1479 1091 1507 2.
1138 1475 1209 1506 Pro
1226 1474 1320 1511 Savo,
1336 1473 1437 1506 codd.
1455 1473 1601 1505 Domitii
1619 1471 1699 1503 Cal·

232 1519 342 1551 det-ini
355 1519 529 1552 habebant
545 1520 646 1552 Sason
662 1531 672 1557 ;
697 1519 787 1551 unde
801 1520 857 1551 ille
874 1519 959 1551 fecit
981 1520 1258 1560 vulgatam—68
1284 1518 1354 1548 Pro
1378 1517 1483 1557 ulmis,
1499 1516 1590 1557 quod
1605 1513 1701 1546 exhi-

231 1562 316 1594 bent
331 1563 411 1595 cdd.
431 1567 516 1596 vett.
541 1564 638 1595 Eust.
659 1563 827 1595 Sivartius
853 1562 1013 1595 Analect.
1045 1571 1086 1594 11.
1111 1564 1143 1593 2.
1170 1561 1255 1602 legit
1278 1561 1371 1601 ulvis,
1399 1559 1490 1602 quod
1513 1559 1642 1601 primus
1665 1557 1700 1588 in

898 1659 1044 1694 NOTAE

235 1730 417 1768 Isthmum,
432 1740 472 1762 ac
484 1730 630 1763 miscere
641 1730 706 1763 duo
723 1730 840 1772 maria,
850 1731 942 1763 Ioni-

236 1791 292 1813 um
319 1781 455 1813 scilicet
475 1785 512 1813 et
528 1781 696 1822 AEgaenm,
711 1791 777 1813 nec.
804 1781 942 1814 obstare

237 1841 339 1874 posse
356 1831 500 1863 Lechias
525 1841 642 1873 rupes,
657 1841 731 1872 quae
749 1836 801 1863 tot
819 1832 944 1874 princi·

237 1893 297 1924 pes
324 1881 569 1914 deterruerunt
591 1882 634 1914 ab
663 1883 727 1914 hoc
756 1892 876 1924 opere,
906 1888 943 1914 nt

236 1934 452 1965 Demetrium
469 1942 598 1974 regem,
611 1933 781 1964 Caesarem
794 1933 943 1965 dictato-

238 1994 323 2025 rem,
341 1984 546 2025 Caligulum,
558 1994 598 2015 ac
618 1984 802 2020 Neronem,
819 1983 875 2022 qni
886 1984 944 2016 has

238 2035 414 2076 angustias
430 2032 612 2075 perfodere
632 2034 748 2065 conati
767 2038 857 2066 snut.
882 2034 943 2066 Le-

236 2086 331 2128 chiae]
356 2087 473 2126 Rupes
498 2085 675 2126 altissima,
690 2095 758 2127 qna
773 2086 945 2118 clauditur

239 2138 390 2169 Isthmus
403 2136 445 2168 ab
462 2135 670 2176 Occidente,
693 2140 729 2168 et
753 2146 830 2178 quae
848 2146 944 2177 spec-

240 2192 293 2221 tat
307 2187 564 2220 Corinthiacum
579 2187 700 2219 sinum.
736 2187 830 2219 Inous
835 2187 944 2228 freta]

241 2239 413 2280 Intelligit
429 2238 563 2270 Ionium
579 2237 671 2278 hinc,
687 2242 724 2269 et
738 2238 891 2279 AEgaeum
907 2238 947 2269 il-

240 2291 309 2322 linc
325 2299 432 2330 mare,
448 2289 571 2331 quibus
584 2288 735 2320 Isthmos
751 2288 948 2320 Corinthia-

240 2350 300 2372 cus
317 2340 467 2372 aiiuitur.
513 2339 622 2380 Inous]
643 2339 733 2372 Quia
754 2339 818 2371 Ino
841 2340 948 2381 impe-

241 2392 331 2423 ravit
360 2391 539 2431 Corintho,
574 2400 650 2432 quae
683 2389 783 2422 dedit
826 2400 948 2422 nomen

242 2443 463 2475 Corinthiaco
498 2441 636 2474 Isthmo.
682 2441 833 2482 Isthmos]
878 2441 949 2473 An-

244 2493 378 2535 gustiae,
409 2493 530 2535 quibus
567 2492 688 2524 Hellas
719 2502 779 2524 seu
810 2493 949 2525 Graecia

235 2544 394 2587 jungitur
410 2543 664 2584 Peloponneso,
681 2546 720 2574 nt
736 2544 809 2585 jam
825 2543 950 2584 saepins

245 2596 404 2627 diximus.

287 2650 330 2679 64
355 2644 482 2686 Gauro]
511 2645 614 2676 Mons
640 2644 836 2686 Campaniae
859 2645 951 2678 Gan-

246 2707 315 2738 rns,
337 2703 375 2729 nt
391 2705 496 2737 snpra
511 2695 671 2735 diximus,
693 2696 822 2727 vitibus
847 2696 950 2727 amic-

248 2753 316 2779 tus.
361 2746 519 2778 Massicus
531 2744 649 2786 uvifer]
672 2746 840 2778 Massicus
856 2756 952 2778 mons

247 2797 398 2842 ejusdem
437 2796 633 2839 campaniae
667 2796 785 2828 Gauro
823 2796 953 2829 vicinus

995 1730 1117 1772 optimi
1132 1730 1200 1762 vini
1214 1729 1323 1770 ferax,
1337 1727 1428 1771 qnod
1451 1726 1530 1759 hinc
1558 1724 1702 1758 ‘Massi-

996 1781 1092 1814 cum'
1119 1785 1273 1813 vocatur.

1039 1836 1080 1865 65
1107 1832 1219 1874 Cyme]
1235 1832 1343 1872 Cyme
1366 1829 1484 1862 eadem
1501 1838 1576 1870 quae
1594 1828 1704 1859 Cuma

997 1893 1057 1915 sen
1087 1883 1218 1915 Cnmae.
1265 1881 1397 1920 Quieta]
1419 1881 1477 1912 Sic
1502 1880 1617 1911 Cnmae
1646 1887 1703 1909 vo·

998 1938 1119 1966 cantur
1154 1931 1316 1965 Juvenali
1358 1932 1367 1947 ‘
1384 1929 1525 1968 vacnae‚’
1563 1928 1598 1960 id
1634 1932 1701 1967 est,

999 1985 1118 2017 otiosae
1135 1986 1171 2014 et
1186 1982 1305 2014 liberae
1322 1991 1342 2012 a
1357 1981 1463 2012 curis.

1040 2038 1084 2067 66
1128 2032 1295 2074 Lintermz]
1334 2032 1496 2063 Linterna
1534 2030 1631 2072 palus
1666 2029 1703 2061 in

1001 2085 1200 2127 Campania.
1241 2082 1368 2124 Hodie,
1385 2082 1475 2122 Lago
1489 2082 1571 2113 della
1588 2080 1705 2122 patria.

1000 2137 1101 2177 Savo]
1123 2137 1213 2168 Savo
1229 2133 1354 2165 fluvius
1369 2133 1404 2164 in
1419 2131 1544 2164 finibus
1560 2132 1706 2172 Campa·

1000 2189 1079 2220 niae.
1127 2185 1244 2226 Piger]
1269 2184 1358 2218 Quia
1385 2183 1521 2224 placide
1547 2191 1588 2214 ac
1614 2182 1707 2214 lente

1000 2239 1088 2271 fluit.
1133 2238 1191 2270 Sic
1226 2234 1406 2277 ‘segnem'
1440 2234 1575 2266 Ararim
1605 2236 1708 2265 vocat

1003 2290 1169 2321 Lucanus.
1228 2285 1445 2318 Mentionem
1477 2293 1560 2315 vero
1589 2283 1708 2315 horum

1002 2340 1153 2371 locorum
1169 2337 1255 2369 facit
1270 2336 1450 2378 Papinius,
1463 2335 1543 2377 qnia
1565 2335 1638 2366 haec
1653 2333 1708 2366 vel

1003 2392 1067 2423 viae
1097 2389 1308 2422 Domitianae
1344 2385 1565 2428 adjacebant,
1593 2384 1647 2416 vel
1674 2383 1708 2416 ei

1005 2442 1160 2483 proxima
1175 2445 1285 2472 erant.

1046 2495 1086 2524 67
1114 2489 1260 2530 Flavum]
1283 2488 1340 2521 Ob
1349 2487 1473 2529 juncos
1487 2490 1523 2518 et
1538 2486 1643 2517 ulvas.

1047 2546 1090 2574 68
1117 2540 1223 2581 Ulvis]
1245 2539 1303 2571 Sic
1317 2537 1423 2570 Theb.
1435 2545 1488 2568 rx.
1500 2536 1543 2567 de
1555 2535 1707 2568 Ismene:

1005 2595 1014 2612 ‘
1031 2594 1077 2625 Et
1105 2601 1196 2624 nexa
1223 2589 1412 2622 virentibus
1448 2586 1535 2618 nivis
1571 2586 1730 2618 Cornua*
1783 2601 1786 2605 ·

1005 2643 1231 2678 concutiens!
1298 2639 1446 2674 ovidius
1483 2639 1527 2670 de
1564 2638 1708 2670 Rheno=

1006 2697 1016 2715 ⁶
1029 2695 1142 2727 Viridi
1157 2702 1251 2725 mare
1265 2695 1380 2723 tectus
1391 2689 1433 2721 ab
1443 2687 1547 2720 ulva!

1048 2747 1091 2776 69
1127 2740 1314 2782 Vulturnus]
1358 2739 1550 2771 Vulturnus
1587 2737 1709 2770 fluvius

1009 2795 1219 2837 Campaniae,
1244 2791 1303 2835 qui
1329 2788 1496 2822 interfluit
1521 2787 1708 2822 Venafrum
