1800 3060
186 221 272 263 550

690 232 730 262 P.
765 226 956 262 PAPlNll
991 229 1154 262 STATu

185 326 243 369 Et
264 327 427 382 quibus
450 326 648 369 Arcadia
669 327 1090 370 carmentestudine
1111 328 1278 370 mensis

186 394 306 438 Cura
326 397 456 451 lyrae,
477 407 724 450 nomenque
741 395 854 438 fuit:
885 408 1086 451 quosque
1108 397 1216 438 orbe
1238 395 1322 438 sub
1344 396 1459 437 omni

184 511 267 544 mine
281 512 316 544 in
336 512 424 553 agris
442 511 568 554 Aoniis,
583 515 614 545 et
629 512 738 554 quibus
754 512 824 555 lyra
838 511 990 552 Arcadia,
1005 522 1066 555 qua
1079 523 1203 545 carmen
1219 513 1404 555 metiuntur,
1419 513 1562 546 studium
1577 510 1650 555 fuit

802 598 977 610 ‘m
982 598 1040 610 ‘O‘

183 654 226 685 94
245 652 427 695 Ciclalyben
439 663 607 695 nomenque
613 653 684 693 fuit
700 654 852 685 Florent.
869 658 906 686 et
921 654 1045 686 Venet.
1061 657 1091 686 1.
1131 654 1303 696 Ciaalyben
1311 663 1480 695 nomenque
1485 653 1556 692 suit
1569 654 1654 686 Par·

184 696 331 734 mensis;
350 698 431 728 Cida
443 697 533 728 libem
546 697 646 728 codd.
661 697 825 736 Domitii3
845 697 932 728 ciclo
948 697 1028 728 lilten
1040 697 1168 729 Medic.
1188 698 1276 739 Cyda
1289 697 1376 729 labor
1385 696 1469 728 fecit
1479 697 1653 729 Domitius

184 739 219 770 in
235 739 334 771 Rom.
349 740 440 781 quod
453 740 616 782 deinceps
631 746 809 781 receptum
821 746 875 771 est
891 742 924 772 in
938 740 1044 772 Aldd.
1061 741 1172 772 Colin.
1187 741 1320 782 Gryph.
1332 741 1442 772 Basil.
1456 740 1572 773 Plant.
1585 742 1651 772 &tu

188 783 276 814 Cura
299 783 377 823 lyroe
401 783 593 815 Gronovius
615 784 649 814 in
665 783 776 815 Diatr.
792 793 868 824 cap.
885 787 940 816 50.
981 783 1072 815 Vide
1086 784 1214 825 Syllog.
1232 784 1343 825 Epist.
1359 784 1455 815 Tom.
1469 792 1510 814 ιι.
1527 786 1561 823 p.
1578 785 1653 816 531.

188 825 261 856 Octa
290 826 375 858 labor
398 827 449 857 vir
465 827 602 868 quidam
619 827 740 859 doctus
756 827 846 867 apud
862 827 1008 859 Gevart.
1029 827 1155 869 Papin.
1185 828 1284 859 Lect.
1309 837 1342 858 v.
1357 829 1390 858 6.
1419 826 1670 868 applaudente*

186 868 367 902 Gevartio.
394 870 499 902 Corda
523 870 611 902 labor
641 870 800 903 tentabat
825 870 1000 911 cruceus3
1024 871 1106 903 Pisa
1130 870 1218 902 labor
1245 870 1295 902 vir
1322 870 1445 902 doctus
1466 870 1504 902 in
1517 869 1654 901 Miscel.

847 956 995 989 NOTAE

185 1021 366 1063 praesidcs,
388 1021 431 1053 ad
455 1021 694 1054 celebrandum
718 1020 820 1053 funus
836 1031 893 1064 pa-

185 1070 336 1113 trissui,
367 1072 429 1103 sed
456 1076 590 1113 septem
623 1073 816 1114 Sapientes,
853 1083 893 1105 ac

186 1131 303 1154 omnes
319 1122 457 1155 omniuo
474 1123 615 1164 Poetas,
633 1124 813 1164 Hernicos,
828 1125 894 1166 Ly—

186 1173 290 1214 ricos,
319 1174 493 1215 Tragicos,
514 1178 551 1207 et
582 1175 777 1217 Elegiacos,
809 1185 894 1218 quos

184 1225 332 1267 propriis
362 1229 398 1257 et
421 1225 650 1267 peculiaribus
676 1226 767 1258 notis
783 1226 893 1268 desig-

187 1280 260 1318 nat,
290 1280 329 1308 ut
358 1276 413 1308 hic
444 1276 604 1318 designat
632 1277 802 1309 Hernicos
833 1288 896 1319 per

182 1326 192 1343 ‘
207 1336 326 1358 senum
345 1326 492 1368 pedem,'
516 1327 552 1358 id
565 1332 630 1367 est,
645 1333 805 1369 metrum,
816 1329 897 1371 quia

188 1387 326 1410 carmen
342 1377 516 1410 heroicum
533 1383 671 1410 constat
687 1379 894 1412 hexametris

187 1429 356 1462 versibus.
400 1429 510 1461 Porro
529 1428 569 1461 τὸ
590 1430 709 1462 Aonios
733 1440 805 1462 seno
818 1432 895 1472 pede

187 1481 296 1513 ducere
310 1491 443 1523 campos,
454 1481 548 1513 varie
565 1488 759 1514 correctum
781 1492 820 1514 ac
835 1491 894 1514 ex-

186 1533 353 1574 plicatum
369 1536 422 1565 est
445 1532 489 1564 ab
519 1532 778 1573 interpretibus.
824 1533 894 1565 Ge·

186 1585 318 1616 vartius
345 1586 451 1616 ‘seno
481 1584 570 1625 pede
598 1583 802 1616 decurrere’
835 1593 895 1616 ex-

188 1636 308 1677 plicat.
353 1635 502 1669 Quidam
536 1635 727 1676 corrigunt,
759 1639 796 1667 et
831 1645 894 1676 pro

187 1696 310 1728 campos
318 1687 436 1729 legunt
447 1690 557 1718 cantus
565 1697 576 1718 .·
591 1686 647 1718 alii
657 1686 811 1725 Andinos,
822 1687 895 1718 sive

186 1738 343 1770 Ausonios
368 1747 440 1770 seno
460 1738 538 1779 pede
566 1737 668 1769 dicere
689 1740 810 1777 cantus,
841 1738 895 1769 vel

187 1790 312 1830 ducere,
339 1789 394 1820 vel
419 1789 554 1821 cludere.
599 1788 668 1820 Sed
697 1798 764 1820 non
795 1789 895 1821 intel-

186 1839 357 1882 lexerunt,
381 1844 420 1871 ut
444 1840 531 1872 bene
553 1839 713 1872 observat
735 1840 790 1872 hic
807 1841 896 1873 Gro-

188 1891 322 1924 novius.
367 1892 519 1933 Ducere,
544 1892 593 1923 ait
619 1891 690 1933 ille,
713 1895 767 1924 est
791 1892 896 1923 duces

189 1952 277 1982 esse,
291 1946 331 1974 ut
358 1943 367 1960 ‘
381 1943 522 1974 chorum
542 1941 694 1975 ducere!
736 1943 894 1975 Tibullo:

187 1995 197 2011 ‘
209 1995 293 2027 Dux
309 1994 386 2025 anni
400 1993 497 2034 dies,’
514 2004 576 2035 pro
590 1993 756 2025 Kalendis
767 1994 895 2026 Janua-

188 2046 259 2078 riis.
297 2045 462 2077 Manilio:
487 2045 697 2086 ‘lanigerum
710 2044 897 2076 ducentem

190 2095 330 2129 sidera!
375 2095 554 2128 Ciceroni:
576 2097 585 2114 ⁸
600 2094 763 2127 familiam
779 2095 898 2128 ducit.'

190 2148 319 2190 Itaque
334 2148 448 2179 ducere
461 2156 583 2188 campos
604 2147 734 2184 Aonios,
758 2151 812 2179 est
835 2146 898 2178 du-

190 2204 309 2232 centes
337 2199 472 2231 scilicet
495 2203 611 2231 vatum
635 2199 768 2239 chomS‚
791 2198 898 2230 duces

191 2261 267 2283 esse
298 2255 428 2291 vatum,
458 2250 634 2293 primarios
659 2250 832 2292 principes
863 2249 897 2281 in

191 2302 323 2345 eampis
355 2301 490 2334 Aoniis.
534 2302 583 2334 Ut
621 2305 658 2333 et
688 2300 898 2341 metonymia

192 2355 302 2398 possit
334 2354 466 2387 videri:
514 2353 626 2395 Campi
661 2363 798 2395 nempe,
835 2363 898 2395 pro

192 2407 251 2449 qui
288 2406 323 2437 in
359 2405 499 2446 campis.
557 2403 659 2438 Quod
689 2407 744 2435 est
773 2404 901 2444 simpli-

191 2455 276 2489 cius.
318 2455 461 2487 Grande
477 2459 513 2487 et
533 2454 772 2487 cothurnatum
787 2451 897 2486 heroi-

192 2515 270 2540 cum
298 2516 383 2548 opus
410 2511 476 2548 est,
499 2515 671 2549 genusque
685 2504 829 2547 po'e'seos
843 2515 899 2537 su-

193 2568 259 2600 pra
295 2558 407 2590 omnia
443 2557 639 2589 maximum.
685 2557 814 2597 Quare,
839 2556 898 2598 qui

194 2610 256 2641 tali
271 2618 376 2650 opere
391 2618 427 2640 se
443 2608 575 2640 Phoebo
591 2607 773 2649 approbat,
789 2608 817 2639 is
833 2606 899 2639 Ao-

195 2661 269 2693 nios
288 2668 426 2702 campos
442 2659 551 2698 ducit,
565 2659 634 2690 dux
649 2664 703 2690 est
719 2660 753 2690 in
769 2659 900 2700 campis

196 2711 330 2751 Aoniis,
345 2711 443 2744 ducit
461 2711 584 2742 choros
601 2711 744 2742 musicos
760 2710 793 2741 in
809 2719 900 2741 cam-

197 2762 249 2803 pis
271 2761 415 2793 Aoniis:
451 2759 508 2803 qni
540 2760 647 2792 honor
682 2759 900 2801 praeclarissi-

197 2818 282 2846 mus.
324 2811 410 2845 Ideo
439 2812 535 2844 honor
562 2810 702 2854 scripsit
732 2810 899 2853 Papinius

947 1031 1013 1054 non
1037 1022 1134 1055 labor.
1182 1022 1308 1064 Neque
1324 1022 1399 1054 sine
1422 1021 1488 1054 ista
1501 1029 1586 1054 voce
1602 1019 1654 1052 iu-

947 1073 1057 1113 telligi
1073 1083 1170 1105 mens
1183 1073 1259 1114 eJus
1275 1078 1426 1115 poterat.

990 1125 1033 1154 93
1059 1124 1105 1155 Et
1128 1124 1245 1165 quibus·
1258 1123 1398 1157 Amaia
1419 1133 1543 1156 carmen
1557 1126 1655 1156 testu-

949 1173 1022 1206 dine
1033 1175 1150 1207 mensis
1163 1176 1249 1208 Cura
1264 1176 1342 1217 lyroe
1361 1175 1470 1217 [Cyda
1485 1173 1586 1215 labor]
1600 1184 1657 1206 no-

948 1226 1170 1269 menquesuit]
1196 1227 1307 1259 Locus
1323 1230 1517 1268 corruptus.
1560 1224 1655 1259 Quid

949 1280 1040 1312 euim
1071 1279 1161 1322 Cyda
1188 1276 1298 1311 labor?
1327 1278 1506 1310 Somniant
1527 1276 1585 1319 qui
1612 1286 1655 1308 ex

949 1330 1001 1362 his
1025 1329 1164 1362 vocibus
1194 1329 1340 1372 aliquem
1364 1337 1502 1360 sensum
1529 1327 1655 1361 elicere

950 1385 1132 1413 conantur.
1178 1379 1326 1414 Quidam
1350 1379 1455 1420 igitur
1481 1377 1654 1411 correxit:

953 1433 1024 1464 Oda
1055 1432 1153 1472 labor,
1182 1432 1299 1474 aitque
1324 1431 1390 1462 hoc
1413 1430 1489 1461 loco
1511 1427 1654 1470 Lyricos

950 1483 1077 1516 Poetae
1092 1479 1254 1524 intelligi,
1267 1482 1344 1524 quia
1359 1482 1476 1513 horum
1487 1479 1656 1512 PoEmata

951 1533 1039 1566 odae
1063 1542 1146 1566 voce
1176 1533 1313 1573 Graeca,
1335 1533 1509 1564 dicuntur.
1555 1530 1655 1562 Alius

951 1585 1029 1617 Sido
1059 1585 1157 1626 labor,
1180 1583 1261 1625 quia
1290 1583 1372 1615 Sido
1402 1582 1513 1624 prima
1533 1580 1656 1621 fuerit,

951 1647 1028 1678 quae
1050 1636 1134 1668 odas
1163 1645 1205 1666 ex
1229 1638 1303 1666 arte
1325 1633 1462 1673 cecinit,
1491 1636 1530 1664 nt
1552 1625 1658 1664 docet'

947 1687 1192 1719 Santhoniaton
1218 1684 1311 1727 apud
1339 1683 1526 1716 Eusebium
1557 1682 1655 1714 Prae-

948 1748 1022 1780 par.
1048 1736 1255 1779 Evang.lib.
1282 1745 1308 1767 ι.
1351 1734 1421 1767 Alii
1436 1734 1542 1776 Lydia
1556 1743 1656 1775 amor,

949 1793 986 1820 et
1010 1788 1045 1820 id
1071 1789 1347 1829 interpretantur
1367 1785 1412 1817 de
1427 1785 1576 1818 Horatio
1589 1785 1656 1827 Ly-

951 1840 1097 1872 n'corum
1126 1838 1230 1870 facile
1258 1837 1430 1879 principe,
1462 1835 1520 1878 qui
1552 1836 1655 1868 toties

950 1892 1041 1924 iuter
1057 1900 1190 1923 amores
1206 1899 1284 1921 suos
1305 1890 1316 1907 ‘
1330 1887 1468 1930 Lydiae’
1487 1887 1655 1919 meminit.

950 1943 1021 1977 Alii
1053 1943 1158 1974 Ludus
1187 1951 1286 1980 amor,
1312 1940 1394 1981 quia
1421 1947 1516 1970 amor
1540 1938 1655 1980 Lyrici

951 1993 1111 2026 carminis
1126 1991 1304 2033 praecipua
1319 1989 1472 2020 materia.
1498 1987 1566 2020 Sed
1581 1987 1656 2019 nul-

951 2045 985 2075 la
994 2044 1112 2076 harum
1124 2041 1402 2074 emendationum
1413 2043 1507 2071 stare
1518 2042 1635 2080 potest
1645 2048 1655 2071 :

952 2093 1132 2128 Quomodo
1155 2092 1246 2124 enim
1271 2100 1314 2122 ex
1338 2089 1495 2121 omnibus
1517 2089 1655 2121 bislee-

953 2144 1102 2176 tiouibus
1129 2152 1254 2174 nomen
1277 2140 1393 2182 Lyrici
1419 2139 1533 2182 potuit
1555 2139 1656 2172 trahi.

951 2197 1050 2228 Solus
1088 2193 1282 2227 Gronovius
1321 2193 1408 2223 bene
1444 2189 1658 2231 emendavit,

952 2246 1120 2288 legendo:
1148 2246 1234 2276 Cum
1259 2244 1349 2285 lyrae.
1393 2241 1528 2274 Horum
1553 2241 1657 2281 igitur

951 2307 1132 2329 versuum:
1158 2296 1205 2327 Et
1233 2294 1344 2336 quibus
1371 2291 1657 2324 Arcadiae-arm

951 2348 1105 2382 testudine
1133 2346 1247 2379 mensis
1273 2345 1360 2375 Cura
1388 2344 1466 2384 lyra·
1491 2349 1657 2382 nomenque

943 2400 1026 2441 fuit,
1049 2408 1168 2431 sensus
1195 2397 1284 2429 erit:
1315 2400 1353 2427 et
1375 2394 1424 2434 hi,
1444 2392 1502 2436 qui
1524 2393 1598 2434 lyra
1610 2390 1654 2423 ab

953 2450 1090 2491 Arcade
1115 2447 1290 2480 Mercurio
1313 2455 1356 2477 ex
1373 2442 1546 2477 testudine
1560 2441 1655 2474 facta

952 2511 1090 2534 carmen
1113 2498 1273 2537 dimensi,
1299 2497 1527 2528 exercuerunt
1547 2492 1655 2532 illam,

954 2553 1080 2594 quique
1095 2551 1138 2582 ab
1155 2559 1196 2581 ea
1208 2550 1217 2566 ⁴
1233 2547 1348 2589 Lyrici
1359 2545 1369 2559 '
1385 2542 1550 2586 appellati
1561 2546 1653 2574 sunt.

952 2601 1091 2642 Mensis]
1123 2600 1193 2632 Alii
1219 2598 1430 2638 interpretes
1451 2592 1495 2625 ad
1519 2601 1654 2624 mensas

953 2651 1178 2694 interpretati
1207 2653 1307 2681 sunt:
1336 2644 1451 2687 Lyrici
1482 2643 1573 2676 enim
1609 2642 1654 2676 ad

953 2713 1088 2737 mensas
1113 2709 1238 2734 canere
1261 2696 1431 2736 solebant,
1455 2699 1495 2727 ut
1518 2697 1656 2728 constat

954 2766 998 2788 ex
1014 2755 1085 2787 solo
1100 2751 1251 2785 Pindaro
1266 2747 1406 2790 olymp.
1425 2755 1451 2778 1.
