1800 3060
221 192 303 235 114
725 203 765 233 P.
800 202 990 234 mmm!
1029 203 1194 235 s'rAru

225 301 428 343 Diversis
445 307 612 342 certare
632 300 802 342 modis:
824 305 896 341 eat
917 300 1077 342 enthea
1097 300 1235 350 vittis,

222 369 375 423 Atque
396 367 567 410 hederis
588 368 797 410 redimita
819 367 1001 416 cohors,
1023 373 1073 408 ut
1096 368 1230 422 pollet
1253 369 1407 411 ovanti

225 437 430 491 Quisque
449 437 569 492 lyra3
593 436 672 477 sed
695 437 924 491 praecipue
941 437 1018 490 qui
1035 436 1184 477 nobile
1203 449 1358 489 gressu

223 506 436 548 Extremo
456 504 672 546 fraudatis
693 516 820 558 epos»,
837 504 941 545 date
964 504 1166 546 carmina
1185 503 1316 546 festis

223 574 376 628 Digna
395 573 530 615 toris:
559 572 675 614 hunc
697 572 808 627 ipse,
831 571 929 614 Coo
947 571 1202 627 plaudente,
1223 572 1439 624 Philetas,

1609 436 1694 479 250

223 716 296 746 dere
311 715 411 747 variis
434 715 544 746 modis.
594 716 730 747 Caterva
756 715 880 747 numine
905 716 1014 758 afflata
1037 717 1143 748 veniat
1169 720 1318 749 coronata
1332 715 1446 755 insulis
1459 720 1491 748 et
1507 715 1641 755 hederis,
1661 717 1697 746 ut

222 758 350 798 quisque
374 761 507 799 proestat
529 758 641 789 celebri
667 759 802 790 cithara.
848 759 994 790 Mas-ime
1018 770 1105 796 rer-n,
1127 761 1181 801 qui
1206 761 1364 791 truncatis
1388 760 1500 791 ultimo
1522 761 1600 801 pede
1621 768 1696 799 opus

221 800 338 842 nobile,
352 802 522 842 componite
535 811 653 843 versus,
678 803 731 843 qui
753 804 880 834 deceant
902 801 1008 841 festos
1022 803 1186 835 thalamos.
1231 803 1303 843 Ipse
1318 803 1475 845 Philetas,
1493 803 1556 834 Coo
1569 803 1696 844 applau-

842 919 1080 933 eeeeeeeeeeee

226 1006 326 1039 Leid.
343 1009 378 1038 et
395 1006 538 1038 Veneti.
558 1009 631 1039 1.2.
644 1009 676 1038 3.
693 1009 727 1038 4.
755 1007 872 1045 cic-tim
906 1007 1084 1040 Drakenb.
1108 1008 1214 1041 Aldd.
1237 1009 1347 1041 Colin.
1372 1009 1508 1051 Gryph.
1531 1013 1568 1041 et
1589 1009 1696 1041 Bern.

225 1049 342 1086 vitris,·
366 1050 466 1082 Urat.
483 1054 518 1081 et
536 1050 635 1081 Rom.
651 1050 754 1089 rittis,
770 1054 807 1081 et
821 1050 870 1081 ita
891 1052 1045 1083 correxit
1060 1053 1165 1084 Bern.
1181 1053 1215 1083 in
1233 1053 1333 1084 notis.
1357 1053 1498 1084 Deli-ius
1514 1053 1557 1084 ad
1574 1053 1696 1084 Senec.

226 1092 430 1132 OEdip.413.
446 1092 555 1123 voluit
571 1093 699 1129 mitris;
723 1093 847 1125 Heius.
863 1094 953 1134 conj.
968 1094 1093 1135 myrtis,
1108 1099 1144 1127 et
1160 1095 1210 1126 ita
1225 1105 1360 1136 quoqne
1378 1095 1544 1127 Handius.
1559 1094 1614 1127 Cf.
1629 1105 1653 1126 1.
1666 1099 1698 1127 5.

227 1138 390 1167 13.—25o
413 1135 513 1167 Urat.
541 1140 577 1166 et
593 1136 722 1167 Venet.
741 1139 770 1166 l.
786 1136 1057 1177 precipiat—251
1084 1138 1214 1169 Omnes
1231 1137 1333 1170 codd.
1350 1144 1385 1169 et
1400 1138 1479 1170 edd.
1496 1143 1583 1170 vett.
1596 1148 1672 1179 opus
1687 1149 1700 1175 ,·

231 1178 353 1209 Heius,
385 1178 472 1219 conj.
502 1188 584 1219 epos,
609 1178 700 1220 quod
729 1179 877 1220 arripuit
911 1179 1046 1211 Markl.
1088 1181 1181 1213 Vide
1210 1180 1344 1212 Heinsii
1367 1181 1480 1222 Epist.
1510 1182 1545 1213 in
1567 1181 1698 1222 Syllog-

226 1220 325 1252 Tom.
344 1230 380 1253 v.
400 1232 433 1261 p.
449 1223 525 1252 534.
540 1220 595 1252 ubi
614 1222 700 1252 male
711 1221 837 1256 legitur
851 1232 923 1262 opes
937 1232 999 1263 pro
1016 1233 1099 1264 epos.
1146 1223 1244 1255 Idem
1262 1223 1393 1256 Markl.
1410 1234 1473 1265 pro
1487 1223 1587 1263 festis
1601 1223 1698 1256 malit

220 1263 343 1302 faustis
358 1275 369 1301 ,-
392 1265 488 1295 Rom.
502 1265 607 1296 habet
628 1264 750 1304 sessis;
774 1265 854 1296 Par.
870 1265 994 1297 Venet.
1011 1269 1042 1298 1.
1060 1270 1096 1297 et
1109 1267 1248 1299 Vicent.
1268 1267 1489 1299 charia—252
1506 1267 1602 1300 Leid.
1618 1267 1699 1298 hunc

226 1307 328 1347 ipsum
340 1317 395 1338 -coo
411 1318 424 1345 ‚·
446 1307 547 1339 Urat.
563 1307 645 1339 Par.
662 1309 804 1339 Venetl.
820 1310 851 1339 1.
867 1311 899 1340 2.
918 1311 949 1340 3.
963 1309 1045 1341 hunc
1059 1310 1128 1350 ipse
1142 1320 1221 1347 coo,-
1242 1310 1378 1342 Vicent.
1394 1311 1495 1348 choo,·
1518 1309 1701 1342 Drakenb.

227 1350 332 1389 ‘clun-o,
349 1354 387 1382 ut
402 1350 572 1381 Aventius
593 1352 758 1391 correxit,
783 1361 850 1392 qno
881 1356 1023 1383 anctore
1047 1353 1152 1384 etiam
1177 1352 1283 1385 Aldd.
1307 1353 1418 1385 Colin.
1443 1352 1578 1395 Gryph.
1593 1353 1698 1384 Basil-

227 1392 372 1425 Gevart.
389 1399 426 1425 et
449 1393 607 1426 Gmsser.
625 1394 842 1426 Burmannus
857 1393 899 1426 ad
917 1395 1082 1437 Propert.
1095 1396 1222 1438 corrigi
1246 1395 1417 1438 jubebat:
1441 1397 1506 1438 ipse
1520 1394 1602 1428 hunc
1623 1396 1700 1436 Coo,

891 1502 1034 1535 NOTAE

272 1589 336 1619 243
362 1589 425 1620 Eat
440 1589 551 1620 enthea
573 1589 664 1621 cittis
689 1588 793 1630 Atque
815 1590 938 1621 hederis

229 1639 378 1670 redimita
409 1639 532 1680 cohors]
570 1640 694 1671 Enthea
718 1641 826 1672 cohors
849 1639 937 1672 Poe-

231 1694 344 1721 tarum
373 1690 518 1729 scilicet,
547 1694 668 1731 utpote
707 1690 764 1732 qui
798 1690 939 1722 numine

989 1567 1051 1622 'das
1065 1591 1096 1622 in
1109 1591 1232 1634 Elegia
1245 1591 1324 1623 mut
1337 1591 1432 1623 Fabii
1443 1589 1588 1632 judicio.
1615 1590 1701 1622 Pro·
1750 1595 1755 1598 ⁴

993 1642 1124 1683 pet-tius
1154 1647 1282 1682 tamen,
1298 1642 1363 1674 etsi
1394 1652 1430 1673 se
1454 1646 1554 1673 vocet
1578 1641 1701 1672 Roma·

994 1702 1074 1724 num
1114 1693 1374 1733 Callimachum,
1400 1693 1548 1734 palmam
1591 1692 1702 1723 mollis

230 1738 404 1777 afflantur,
421 1740 512 1772 unde
528 1739 624 1771 furor
641 1741 816 1773 Poenam.
853 1742 938 1772 Cum

231 1797 347 1827 autem
371 1791 491 1824 Poetae
508 1797 605 1824 erant
621 1792 655 1823 in
674 1793 784 1823 tutela
808 1791 939 1833 Apolli·

231 1843 283 1876 nis
310 1847 347 1874 et
368 1843 508 1883 Bacchi,
531 1842 609 1875 ideo
634 1843 800 1884 gerebant
815 1843 939 1874 utrius·

231 1905 298 1937 que
322 1895 480 1935 insignia,
507 1900 545 1926 ut
568 1896 676 1927 vittas
695 1894 878 1937 Apollinis,
903 1899 939 1927 et

233 1945 378 1977 hederas
401 1945 542 1976 Bacchi.

275 1998 339 2027 250
365 1995 430 2031 Qui
442 1995 542 2027 nobile
554 2005 666 2035 gressu
683 1996 833 2026 Extremo
845 1994 941 2034 finu-

232 2047 316 2079 datis
328 2057 399 2088 epos
414 2046 520 2088 [opus]
536 2047 634 2088 Legit
656 2046 815 2078 Nicolaus
836 2045 942 2077 Hein-

232 2098 302 2130 sius
319 2107 382 2139 pro
398 2107 577 2138 opus,epo⁸.
614 2096 785 2138 Designat
809 2096 944 2137 Elegio·

231 2149 392 2189 graphos:
414 2148 492 2190 quia
506 2148 706 2187 Elegiacum
724 2156 859 2178 carmen
876 2157 943 2179 ιιιιο

235 2200 327 2242 pede
342 2200 453 2231 minus
468 2204 520 2231 est
532 2208 633 2241 qua-m
650 2198 852 2230 Heroicnm.
878 2198 942 2229 Eo-

234 2251 311 2283 dem
327 2250 491 2292 loquendi
505 2249 606 2281 modo
620 2249 729 2281 utitur
741 2249 845 2280 etiam
861 2249 941 2289 Epi—

235 2302 333 2333 cedio
361 2302 469 2343 patris
483 2311 492 2333 ι
527 2301 537 2319 ‘
550 2301 616 2332 Vel
648 2299 784 2331 Heroos
825 2308 943 2340 gressu

236 2358 396 2386 truncare
414 2352 574 2385 tenores!
609 2351 698 2384 Vide
711 2362 786 2393 quae
799 2351 944 2382 diximus

237 2413 285 2435 vs.
299 2407 332 2435 9.
346 2414 462 2445 supra.

256 2457 259 2459 ’
279 2456 345 2485 252
369 2455 431 2485 Coo
445 2455 612 2495 plaudente
625 2450 783 2493 Philetas]
799 2452 945 2486 Quidam

236 2504 371 2545 legunt,
386 2504 478 2535 choro
492 2505 670 2545 plaudente,
686 2510 720 2536 et
737 2505 801 2535 hoc
813 2503 945 2535 intelli-

237 2560 375 2596 geretur
391 2555 434 2586 de
452 2555 554 2586 choro
571 2554 778 2586 auditorum.
830 2553 946 2584 Phile-

239 2610 292 2637 tas
311 2615 406 2644 vero,
421 2604 531 2636 Poeta
549 2603 822 2645 Elegiographus
835 2612 880 2634 ex
897 2602 947 2634 in-

236 2655 311 2686 sula
328 2656 414 2695 Coo,
425 2653 541 2686 floruit
557 2659 714 2695 tempore
736 2653 889 2694 Philippi
910 2657 947 2685 et

239 2704 427 2736 Alexandri
452 2704 694 2744 Macedonum,
716 2710 752 2748 *et
775 2703 841 2736 fuit
858 2713 947 2745 prae·

237 2760 358 2796 ceptor
371 2755 551 2787 Ptolemaei
565 2754 781 2796 Philadelphi
793 2765 802 2786 ε
813 2763 945 2790 ,secun-

293 2837 330 2858 ,μ

994 1743 1154 1775 carminis
1190 1744 1239 1775 illi
1276 1742 1405 1784 defert,
1436 1744 1489 1775 his
1521 1742 1700 1775 versibus:

994 1795 1062 1825 ‘Tu
1087 1794 1194 1826 satius
1224 1795 1336 1826 Musis
1362 1794 1536 1825 meliorem
1566 1793 1702 1825 imitere

994 1843 1163 1876 Philetam
1179 1854 1190 1884 ς
1213 1845 1260 1876 Et
1273 1853 1341 1876 non
1355 1843 1464 1876 inflati
1479 1844 1611 1876 somnia
1624 1843 1703 1875 Cal-

994 1894 1156 1926 limachi!
1200 1895 1249 1926 Ut
1274 1894 1398 1927 Strabo
1422 1893 1546 1935 refert,
1561 1893 1703 1926 criticus

995 1944 1075 1981 fuit,
1104 1945 1168 1977 hoc
1200 1948 1269 1984 est,
1297 1945 1513 1986 antiquorum
1539 1944 1703 1976 librorum

996 2004 1132 2027 censor.
1176 1994 1277 2027 Adeo
1304 2004 1421 2028 macro
1449 2004 1527 2026 eum
1550 2004 1593 2026 ac
1608 1995 1704 2027 tenui

997 2055 1142 2086 corpore
1178 2044 1285 2077 fuisse
1329 2045 1436 2077 tradit
1464 2045 1631 2086 AElianus,
1666 2049 1705 2076 ut

998 2095 1167 2135 plumbeis
1181 2095 1283 2126 soleis
1300 2095 1333 2126 in
1351 2094 1480 2126 calceis
1494 2094 1546 2126 uti
1563 2104 1705 2136 cogere-

998 2149 1065 2186 tur,
1078 2155 1121 2177 ne
1138 2156 1158 2177 a
1177 2151 1279 2178 vento
1295 2146 1520 2186 dejiceretur.
1554 2144 1705 2177 Adama-

1001 2195 1050 2227 vit
1063 2196 1240 2228 Battidem
1259 2197 1406 2238 puellam
1430 2205 1531 2238 quam
1546 2195 1706 2228 carmini-

999 2246 1061 2278 bus
1092 2248 1292 2280 celebravit.
1348 2247 1414 2280 Cos
1449 2251 1568 2279 nutem
1593 2246 1706 2278 insula

999 2308 1109 2341 prope
1140 2300 1275 2332 Cariam
1305 2299 1349 2331 ab
1381 2299 1622 2331 Halicarnasso
1654 2300 1706 2329 1⁵.

999 2351 1084 2382 mill.
1109 2361 1201 2392 pass.
1226 2350 1370 2388 distans,
1393 2349 1540 2380 circuitu
1554 2353 1706 2386 centnm,

998 2400 1104 2432 hahet
1114 2405 1263 2442 quatuor
1276 2398 1416 2440 oppida.
1426 2398 1448 2431 J
1453 2398 1545 2430 ulida
1558 2399 1707 2440 patriam

998 2450 1184 2482 Simonidis
1206 2455 1243 2482 et
1269 2448 1481 2481 Baccbilidis
1506 2448 1707 2488 Poetarum,

1000 2499 1208 2537 Cartheiam,
1224 2499 1420 2539 Cer-essarri,
1433 2503 1471 2531 et
1485 2498 1706 2530 Phocessam.

999 2551 1050 2583 Ea
1067 2550 1180 2592 patria
1191 2549 1259 2582 fuit
1274 2550 1474 2590 Pamphiles
1489 2548 1604 2580 Platis
1615 2548 1709 2588 filia,

999 2612 1077 2645 quae
1091 2602 1201 2644 primo
1219 2601 1338 2634 docuit
1355 2606 1466 2632 vestes
1485 2600 1709 2641 bombycinus

1000 2658 1121 2685 texere
1150 2652 1238 2684 mira
1263 2651 1474 2684 subtilitate:
1499 2650 1590 2682 unde
1613 2651 1622 2668 ‘
1637 2661 1710 2682 ves·

1001 2708 1071 2742 tem
1089 2702 1215 2735 Coam’
1241 2702 1396 2735 dicimus.
1439 2702 1492 2733 Ex
1516 2701 1639 2734 ead·-
1659 2702 1708 2732 in-

999 2752 1151 2791 sullaturit
1170 2752 1404 2794 Hippocrates
1420 2750 1588 2784 medicus.
