1800 3060
191 222 278 265 310
688 235 731 264 P.
762 232 952 265 eiu-mu
986 234 1153 266 srA'rn

1564 333 1650 377 135

193 329 401 372 Artifices
421 330 630 371 mirantur
651 342 792 383 opus:
825 330 902 371 vix
924 343 1067 372 annus
1088 332 1265 374 anhelat

192 397 334 447 Alter,
355 401 397 439 et
418 398 582 451 ingenti
602 397 727 439 dives
743 397 1003 452 Tirynthius
1024 411 1124 440 arce

192 465 442 519 Despectat
461 465 638 515 fluctus,
659 470 706 506 et
713 465 883 520 junctae
905 470 1025 508 tecta
1042 479 1247 508 novercae

197 533 436 584 Provocat,
457 537 502 575 et
520 533 666 586 dignis
682 534 840 576 invitat
861 534 1051 576 Pallada
1069 535 1264 588 templis.

191 600 221 643 J
225 613 296 643 am
317 601 506 655 placidae
527 601 632 642 dant
651 601 777 654 signa
796 602 933 652 tubae,
947 602 1051 657 jam-
1061 602 1252 643 fortibus
1272 602 1430 644 ardens

194 669 356 711 Fumat
376 682 509 711 arena
531 670 671 711 sacris
689 683 699 710 :
731 669 815 711 hos
835 683 915 712 nec
938 670 1118 712 Pisaeus
1134 670 1322 712 honores
1567 674 1649 715 140

189 791 221 819 et
247 798 348 828 operae
368 790 528 821 redeuntes
541 789 597 821 sub
619 799 804 831 purpuream
827 799 972 822 auroram
990 793 1114 831 stupent
1138 790 1313 824 hesternum
1334 802 1419 834 opus.
1468 791 1532 824 Vix
1552 793 1650 824 altero

190 841 271 862 armo
285 832 456 872 laboratur,
470 836 499 864 et
514 833 696 875 magnificus
715 833 898 874 Tirynthius
917 834 1093 873 speculatur
1107 844 1146 866 ex
1162 845 1272 874 magno
1298 836 1409 876 templo
1423 836 1521 866 untias
1542 834 1652 874 maris,
1667 862 1670 864 .

190 877 222 904 et
238 875 360 906 lacessit
375 875 457 914 sana
472 876 582 907 vicinoe
596 886 749 916 novercae,
774 879 807 907 et
827 877 956 907 advocat
979 876 1160 908 Minervam
1172 878 1206 908 in
1226 878 1401 917 digniorem
1421 879 1528 909 cedem.
1573 879 1649 909 Jam

190 916 332 957 benignae
358 918 493 950 buccina:
517 923 640 960 sonant,
657 919 727 959 jam
747 919 894 962 flagrans
920 927 1015 950 arena
1031 919 1139 958 fumat
1163 921 1275 952 sudore
1288 921 1425 960 sortium
1448 922 1647 953 athletarum.

800 1003 840 1015 &O
844 1003 1044 1015 &emm

191 1070 252 1099 135
278 1067 393 1101 Parm.
413 1068 468 1100 vix
483 1078 582 1100 annus
602 1069 871 1101 anhelans—136
894 1070 1010 1102 Parm.
1036 1071 1123 1102 dives
1145 1070 1333 1113 Tirynthius
1359 1074 1438 1104 arte.
1483 1071 1648 1104 Barthius

190 1110 329 1142 scribit:
353 1111 409 1142 vix
423 1122 523 1143 annus
535 1113 671 1152 anhelat,
687 1114 779 1144 Alter
793 1116 822 1144 et
836 1113 860 1144 i.
876 1114 974 1154 dives,
991 1113 1187 1155 Tirynthius,
1207 1124 1277 1146 arce
1292 1115 1473 1156 Despectat,
1497 1117 1551 1155 ᾂτ.
1575 1115 1599 1146 i.
1616 1125 1647 1147 e.

190 1154 275 1185 alius
291 1160 327 1185 et
343 1154 556 1186 dives.—137
580 1155 695 1187 Parm.
713 1157 810 1188 Rom.
839 1161 874 1187 et
900 1162 971 1188 vet.
998 1157 1256 1198 Lindenbrogii,
1275 1160 1306 1189 et
1332 1158 1545 1189 victa—138
1566 1158 1647 1189 Vet.

189 1196 453 1238 Lindenbrogii:
484 1197 601 1229 invitas
626 1199 760 1230 Pallada
781 1199 1023 1240 templis.—l39
1044 1200 1164 1232 Jusms
1187 1201 1322 1241 Lipsius
1345 1201 1511 1232 Saturnal.
1540 1201 1648 1232 Serm-

188 1249 230 1271 11.
249 1243 300 1272 14.
317 1249 379 1281 pro
391 1240 534 1278 sortibus
548 1241 631 1281 legit
646 1241 793 1282 sortibus,
805 1242 1070 1274 assentientibus
1086 1243 1269 1275 Bernartio
1283 1249 1320 1276 et
1334 1244 1490 1275 Emerico
1502 1244 1649 1282 Cruceo‚

187 1283 460 1323 improbantibus
476 1284 619 1315 Barthio
634 1289 670 1316 et
686 1284 870 1317 Gronovio.
916 1285 1111 1317 Parmensis
1126 1286 1327 1324 habetzjam
1341 1286 1503 1325 frontibus
1514 1287 1649 1323 ardens,-

189 1325 280 1358 unde
308 1326 437 1358 Markl.
469 1327 648 1367 legendum
677 1328 764 1368 conj.
788 1328 865 1359 Jam
890 1329 1022 1369 placida-2
1040 1325 1123 1360 'dant
1146 1330 1239 1369 signa
1265 1330 1359 1370 tuboe,
1382 1329 1453 1368 jam
1477 1329 1649 1360 insontibus

188 1369 299 1400 ardens
313 1369 344 1401 F
343 1372 430 1401 amat
442 1379 537 1401 arena
550 1371 668 1402 sacris:
691 1375 730 1402 ut
748 1380 853 1412 supra
868 1372 878 1390 ‘
892 1372 1043 1403 insontes
1053 1372 1217 1413 juvenum
1232 1372 1304 1405 sine
1318 1373 1476 1405 caestibus
1491 1371 1577 1412 irae,'
1593 1373 1648 1404 vel

848 1459 879 1492 N
884 1457 989 1491 OTAE

234 1525 296 1554 135
325 1522 388 1555 Vix
416 1533 516 1555 annus
544 1523 686 1564 anhelat]
725 1524 893 1565 Designat

191 1578 347 1605 aestatem
373 1575 513 1607 secundi
536 1575 627 1617 anni,
642 1585 709 1617 quo
738 1579 892 1617 tempore

193 1624 388 1656 anhelamus
406 1630 507 1657 aestu.

234 1677 297 1706 136
323 1675 522 1716 Tirynthius]
549 1676 731 1708 Hercules.

237 1729 298 1758 137
321 1726 492 1767 Despectat
511 1726 646 1768 fluctus]
670 1727 893 1759 Surrentino:

191 1777 201 1794 ‘
219 1777 358 1809 Gaudet
374 1778 510 1818 gemino
525 1778 587 1810 sub
600 1778 737 1810 numine
751 1778 894 1820 portus.’

191 1828 378 1869 Neptunus
404 1828 494 1859 enim
516 1829 570 1860 hic
599 1829 703 1861 etiam
729 1831 893 1871 templum

190 1878 353 1919 habebat,
383 1883 420 1910 ut
447 1879 592 1911 vidimus
618 1880 651 1911 in
680 1881 894 1913 Surrentino.

187 1930 315 1961 Junctae
336 1933 417 1962 tecta
439 1940 576 1962 novercae
591 1931 762 1972 Provocat]
788 1932 894 1963 Intel-

190 1981 267 2023 ligit
279 1985 347 2014 tem
354 1982 445 2022 plum
452 1981 598 2014 Jnnonis
607 1982 755 2024 Acraeae,
767 1984 810 2015 de
824 1993 892 2025 quo

189 2042 304 2074 supra.
349 2032 519 2073 Provocat]
551 2033 591 2064 In
621 2038 796 2066 certamen
826 2035 891 2066 sci-

189 2084 284 2116 licet.

234 2137 296 2166 138
321 2135 367 2166 Et
392 2134 499 2175 dignis
521 2134 635 2166 invitat
658 2135 790 2167 Pallada
815 2138 891 2167 tem-

185 2186 263 2227 plis]
287 2186 375 2218 Vide
390 2195 493 2227 supra
507 2196 555 2218 vs.
573 2188 647 2218 109.

232 2238 295 2268 139
316 2237 393 2268 Jam
417 2237 551 2277 placidae
575 2237 654 2268 dant
673 2236 767 2277 signa
793 2236 890 2277 tuboe]

191 2287 232 2320 Id
250 2297 293 2319 ex
310 2297 416 2328 more,
430 2297 498 2329 quo
518 2287 589 2319 ludi
616 2287 688 2319 sive
705 2288 794 2319 sacri
820 2288 891 2320 sive

187 2340 316 2372 scenici
363 2348 429 2371 nou
476 2338 790 2379 committebantur,
827 2339 892 2371 nisi

189 2391 283 2433 prius
304 2390 402 2431 signo
417 2390 503 2422 tuba
529 2390 622 2422 dato.
669 2389 804 2421 Plinius
830 2390 889 2423 lib.

189 2451 232 2474 11.
246 2442 314 2483 Ep.
343 2442 353 2458 ‘
371 2441 439 2474 Qui
464 2450 636 2483 nunquam
658 2441 891 2485 tubarum-so-

188 2501 283 2533 num,
305 2490 372 2522 nisi
396 2490 429 2521 in
458 2490 665 2531 spectaculis
687 2489 890 2522 audierant!

188 2541 376 2583 Virgilius:
400 2541 411 2559 ‘
429 2538 477 2570 At
503 2539 587 2571 tuba
610 2540 806 2572 commissos
821 2550 890 2572 me-

187 2593 246 2625 dio
261 2591 355 2623 canit
375 2599 500 2631 aggere
527 2589 650 2621 ludos!
693 2590 785 2622 Vide
807 2591 889 2632 Lip-

187 2644 273 2676 sium
289 2643 428 2674 Saturn.
447 2649 488 2672 u.

233 2692 390 2734 Placide]
427 2690 485 2724 Ad
514 2689 750 2723 differentiam
783 2691 890 2724 trucis

188 2745 336 2784 classici,
350 2753 419 2786 quo
437 2742 564 2775 milites
590 2742 632 2774 ad
656 2752 804 2784 pugnam
829 2752 889 2774 ex-

188 2795 348 2828 citantur.
395 2793 543 2826 Fortibus
563 2794 675 2825 ardeus
691 2793 807 2825 Fumat
820 2802 889 2825 are-

946 1534 987 1556 na
1000 1522 1113 1564 sacris]
1147 1523 1283 1565 Lipsius
1299 1522 1424 1565 aliique
1441 1532 1519 1555 eum
1535 1523 1648 1555 secuti

946 1575 1080 1616 legunt,
1103 1575 1265 1613 scrabra,-
1287 1575 1367 1617 quia
1394 1575 1427 1606 in
1452 1574 1647 1607 certamini-

947 1625 1011 1657 bus
1027 1635 1100 1658 sors
1114 1630 1294 1667 usurpata.
1336 1626 1429 1657 Male
1445 1636 1453 1657 :
1475 1635 1543 1657 uon
1556 1626 1647 1657 enim

948 1682 1060 1709 sortes
1086 1677 1169 1709 satis
1199 1677 1285 1708 bene
1308 1686 1413 1709 sacrae
1435 1677 1647 1708 dicerentur.

946 1728 1015 1760 Sed
1041 1729 1167 1760 Statius
1191 1727 1373 1769 personia
1394 1737 1498 1766 sacra,
1522 1727 1649 1759 intelli-

948 1779 999 1819 git
1023 1779 1212 1810 certamina
1235 1778 1308 1810 haec
1338 1778 1546 1820 palaestrica,
1571 1787 1647 1819 quae

947 1829 980 1860 in
1000 1829 1162 1860 honorem
1187 1829 1347 1861 Herculis
1374 1828 1645 1860 exercebantur:

947 1881 1036 1922 quod
1054 1881 1120 1912 dici
1136 1885 1251 1922 potest
1267 1880 1311 1912 de
1327 1880 1481 1912 omnibus
1495 1879 1646 1912 virilibus

947 1931 1048 1971 ludis,
1064 1936 1102 1963 ut
1118 1931 1318 1963 decursibus
1338 1929 1567 1972 equestribus,
1582 1931 1648 1962 διο.

947 1982 1077 2013 Contra
1105 1982 1115 1999 4
1132 1981 1247 2013 mollia
1274 1979 1392 2013 sacra'
1420 1984 1499 2012 sunt
1534 1980 1649 2021 thiasi,

946 2033 1069 2073 epulae,
1089 2031 1159 2064 ludi
1174 2031 1321 2068 florales,
1338 2031 1519 2073 pervigilia
1532 2031 1648 2063 Vene-

946 2083 1003 2114 ris.
1042 2084 1088 2114 Et
1105 2083 1154 2114 sic
1167 2083 1176 2100 ‘
1194 2082 1348 2114 crudelia
1365 2082 1480 2114 sacra'
1493 2092 1571 2124 quae
1586 2081 1647 2114 fie-

947 2133 1030 2164 bant
1060 2133 1182 2165 Dianae
1206 2132 1376 2174 Tauricae,
1399 2133 1530 2165 Latiari
1556 2133 1650 2174 sevi,

946 2184 1089 2215 Coelesti
1111 2183 1396 2225 Carthaginiensi.
1440 2185 1596 2216 Lucanus
1612 2185 1647 2216 in

946 2234 1212 2266 Massiliensium
1225 2235 1324 2266 luco:
1346 2235 1356 2252 4
1370 2236 1586 2276 Structaeque
1595 2244 1647 2266 sa-

945 2285 1011 2317 cris
1027 2285 1188 2316 feralibus
1205 2284 1297 2317 arae.’
1329 2284 1415 2317 Haec
1429 2294 1539 2326 sacra,
1551 2287 1561 2304 4
1577 2284 1646 2318 for-

946 2340 997 2366 tes
1010 2336 1185 2376 palaestras
1195 2335 1205 2350 '
1221 2339 1320 2367 vocat
1330 2336 1515 2368 Manilius:
1534 2337 1545 2355 4
1560 2336 1648 2368 Per-

945 2395 1011 2427 que
1026 2387 1195 2418 coloratas
1219 2386 1352 2418 subtilis
1367 2386 1505 2418 Graecia
1525 2392 1645 2428 gentes

944 2437 1167 2477 Gymnasium
1190 2435 1331 2478 praefert
1347 2438 1456 2474 vultu,
1470 2436 1644 2479 fortesque

943 2486 1145 2528 palaestras!
1199 2487 1315 2518 Fumat
1344 2487 1454 2528 arena]
1498 2487 1645 2519 Tollitur

943 2536 1032 2567 enim
1049 2537 1156 2567 instar
1169 2535 1252 2568 fumi
1280 2536 1424 2578 pedibus
1437 2537 1644 2569 certantium

943 2587 1094 2626 agitata:
1118 2587 1171 2618 vel
1198 2585 1308 2618 fumat
1333 2586 1414 2618 rivis
1439 2586 1560 2619 calidis
1589 2596 1644 2619 su-

943 2638 1036 2670 doris
1050 2639 1083 2670 in
1093 2647 1168 2669 eam
1179 2636 1363 2669 fluentibus
1371 2637 1476 2670 Theb.
1487 2647 1512 2670 ι.
1534 2639 1544 2656 4
1559 2637 1647 2670 Cru-

943 2690 1064 2731 disque
1079 2689 1185 2720 virum
1196 2687 1376 2719 sudoribus
1388 2687 1487 2720 ardet
1498 2688 1644 2722 Pulvis:

943 2738 1067 2780 Sacris]
1095 2739 1186 2771 Quia
1201 2738 1273 2770 haec
1289 2747 1388 2770 sacra
1414 2743 1548 2780 partem
1563 2739 1645 2772 reli·
1707 2786 1709 2788 Ι

943 2791 1055 2833 gionis
1071 2789 1306 2824 continebant.
