1800 3060
228 193 314 237 288
727 208 767 238 P.
801 207 993 239 PAPmu
1026 207 1191 240 s'rA‘m

462 303 575 346 Imis
595 303 729 346 altius
748 303 927 346 insitum
946 305 1176 348 medullis:

456 370 528 412 Ac
550 372 710 414 solatia
733 384 849 414 vana
869 374 1171 416 subministrat

458 439 640 491 Vultus,
662 441 738 495 qui
758 440 894 482 simili
910 446 1090 484 notatus
1110 455 1220 484 auro

457 506 618 548 Stratis
639 508 863 562 praenitet,
884 510 1168 564 excubatque
1189 523 1345 552 somno

459 574 657 617 Securae.
717 576 879 619 Procul
902 576 1005 620 hinc
1026 578 1144 621 abite
1163 582 1350 633 mortes3

1605 511 1690 555 130

227 708 329 748 ipsum
345 711 375 740 et
390 707 509 746 cogitat
524 710 555 738 te
570 708 671 748 ipsum
687 707 876 740 insinuatum
899 708 994 740 altius
1014 707 1089 741 imis
1113 696 1277 749 medullis;
1303 719 1340 742 ac
1362 719 1442 742 vana
1463 709 1579 742 solatia
1593 709 1687 752 affert

228 755 285 782 tua
308 751 412 792 imago
437 760 543 791 aurea,
567 761 634 792 quoe
650 751 760 792 fulget
785 755 859 783 unte
878 752 1002 789 lectum,
1025 755 1056 784 et
1078 752 1204 785 incubat
1226 753 1395 786 dormienti
1408 763 1522 786 secure.
1567 754 1689 786 Mortes

841 847 1078 862 001000000000

227 913 544 948 Gronovius—128
565 917 575 932 ‘
589 913 682 945 Nihil
692 913 892 946 mutandum
907 914 941 947 in
958 915 1105 957 vulgatis
1122 916 1248 950 verbis.
1294 916 1374 948 Non
1389 915 1477 950 enim
1493 916 1544 949 bis
1559 917 1689 950 solatiis

225 958 447 999 acquiescere
462 961 600 998 poterat
612 957 724 989 Polla.
773 957 863 990 Vana
882 968 965 1000 ergo
987 964 1098 992 erant.
1141 959 1300 1001 Respicit
1320 959 1355 991 id
1367 960 1458 1002 quod
1473 961 1576 992 modo
1591 961 1689 1000 dixit,

224 1001 400 1033 Lucanum
418 999 544 1031 intimis
560 999 718 1032 medullis
735 1000 844 1032 viduae
862 1010 931 1033 suae
955 1002 1112 1043 conjugis
1128 1002 1265 1034 insitum
1283 1003 1446 1036 manere!
1466 1004 1584 1035 Barth.
1629 1004 1687 1035 Ad
1738 1019 1740 1021 ·

224 1053 324 1085 quam
341 1043 441 1075 aliam
454 1042 639 1074 lectionem
655 1043 776 1074 alludit
792 1043 964 1085 Barthius,
988 1046 1118 1078 nescio.
1164 1046 1304 1078 Nullam
1333 1051 1430 1078 certe
1453 1046 1687 1079 invent—130

225 1086 331 1118 Aldd.
349 1087 460 1118 Colin.
477 1085 611 1126 Gryph.
626 1086 734 1118 Basil.
748 1088 814 1118 &c.
828 1088 1010 1129 incubatque
1024 1098 1141 1120 somno.
1184 1090 1194 1107 ‘
1210 1089 1303 1129 Lege
1319 1089 1512 1121 certissima
1527 1089 1689 1121 emenda,

227 1130 332 1171 tione,
347 1129 560 1170 excubatque.'
577 1129 814 1161 Markl.-131
837 1131 846 1148 ‘
867 1130 962 1162 Nihil
978 1131 1082 1163 etiam
1105 1132 1159 1163 liic
1182 1131 1405 1164 mutandum.’
1430 1132 1549 1165 Barth.
1594 1132 1686 1164 Edd.

225 1178 312 1206 vett.
331 1172 458 1206 Securae
475 1173 584 1214 pfocul
597 1172 671 1204 hinc
684 1172 767 1205 abite
781 1175 905 1206 mortes.
949 1173 1091 1208 Gevart.
1107 1175 1210 1217 legit:
1234 1175 1418 1217 incubatque
1440 1185 1545 1208 somno
1556 1175 1686 1208 Secure:

883 1282 1030 1316 NOTAE

222 1357 428 1398 Gronovius,
453 1358 595 1401 figuras,
631 1368 698 1390 non
723 1359 852 1401 figura,
881 1368 926 1391 ex

222 1410 322 1441 Rom.
367 1409 574 1451 Venetaque
627 1409 847 1449 editionibus,
890 1413 926 1441 et

220 1459 310 1502 quod
334 1459 488 1501 pluribus
512 1460 590 1491 Diis
618 1458 775 1491 defuncti
802 1458 923 1491 faciem

220 1511 350 1545 dabant
381 1511 425 1544 ab
465 1512 682 1553 impatientia
710 1511 847 1552 doloris,
886 1517 926 1544 ut

220 1562 412 1595 ostendunt
445 1562 548 1594 verba
573 1571 617 1594 ex
644 1562 784 1594 Pietate
816 1561 926 1594 Abas-

218 1613 335 1645 cantii.

263 1666 326 1695 128
349 1662 473 1695 Solatia
498 1662 596 1703 vana]
625 1663 842 1694 Mortuorum
868 1662 923 1695 vel

216 1713 409 1746 absentium
428 1714 613 1745 amicorum
638 1713 838 1745 memoriam
862 1723 924 1755 per

215 1774 333 1797 eorum
361 1765 526 1806 imagines
547 1768 760 1803 renovatam,
776 1765 923 1805 plerum·

214 1826 280 1857 que
308 1820 443 1848 veteres
459 1815 647 1857 scriptores
662 1816 809 1847 solatium
827 1826 923 1848 voca-

185 1870 188 1877 *
213 1872 351 1900 verunt.
374 1866 530 1898 Isidorus
549 1866 729 1907 Originum
743 1867 923 1899 vin-‘Fu-

213 1923 315 1949 erunt
336 1917 440 1950 etiam
468 1923 527 1949 aut
543 1918 681 1960 quidam
707 1918 772 1950 viri
801 1918 921 1961 fortes,

213 1973 273 2000 aut
290 1968 424 1999 urbium
446 1968 655 2008 conditores,
682 1968 806 2010 quibus
829 1979 918 2002 mor-

212 2019 464 2059 tuis‚homines
479 2018 537 2060 qui
558 2028 616 2050 eos
641 2019 851 2056 dilexerunt,
875 2019 919 2051 si-

211 2069 366 2101 mulacra
387 2069 573 2109 finxerunt,
599 2074 638 2101 ut
663 2069 832 2101 haberent
859 2070 918 2102 ali-

212 2120 302 2162 quod
330 2129 372 2151 ex
408 2119 593 2160 imaginum
624 2119 919 2161 contemplatione

210 2170 397 2203 solatium!
463 2170 634 2202 Minutius
671 2170 706 2202 in
742 2170 917 2204 Octavio:

211 2223 328 2254 ‘Dum
351 2221 504 2263 gestiunt
527 2230 642 2253 eorum
667 2221 819 2263 (regum)
851 2231 918 2254 me-

209 2274 334 2305 morias
356 2273 389 2305 in
413 2273 535 2305 statuis
552 2272 719 2314 detinere,
735 2282 832 2304 sacra
847 2271 917 2305 fac·

211 2330 247 2357 ta
272 2329 363 2368 sunt,
388 2335 466 2368 quae
494 2324 633 2357 fuerant
654 2329 801 2357 assumta
829 2325 915 2357 sola-

209 2375 282 2408 tia!

250 2428 315 2457 129
341 2425 468 2467 Vultus,
483 2426 536 2468 qui
561 2426 658 2458 simili
682 2429 808 2458 notatus
822 2426 914 2468 auro]

206 2475 250 2509 Id
266 2480 337 2517 est,
358 2477 474 2509 vultus
493 2477 553 2509 tibi
575 2477 765 2509 simillimus
782 2477 816 2508 in
832 2487 914 2509 auro

206 2536 401 2569 expressus.
460 2527 572 2559 Simile
603 2526 731 2568 aurum]
768 2526 810 2559 Id
848 2531 913 2567 est,

205 2578 320 2620 imago
342 2577 483 2619 alicujus
513 2588 630 2610 aurea.
676 2579 724 2610 Et
739 2579 803 2611 hoc
822 2578 913 2610 idem

203 2628 363 2660 solatium
381 2627 542 2669 capiebat
559 2628 747 2661 Laodamia
771 2638 814 2661 ex
841 2627 912 2661 effi-

204 2679 259 2721 gie
271 2680 324 2711 sui
337 2679 535 2718 Protesilai,
550 2679 584 2710 in
598 2680 663 2721 Ep.
680 2680 826 2712 Heroid.

249 2733 309 2763 131
334 2730 478 2772 Securae]
512 2730 590 2763 Hoc
607 2734 674 2771 est,
701 2735 739 2763 ut
759 2731 911 2773 explicat

202 2781 331 2824 optime
347 2781 556 2825 Gronovius,
567 2791 635 2816 non
650 2782 852 2823 metuentis,
864 2790 909 2814 ne

981 1359 1199 1402 apparitione
1215 1360 1360 1403 alicujus
1374 1359 1458 1392 dirae
1471 1358 1614 1400 umbrae,
1626 1364 1685 1392 aut

980 1414 1074 1454 rupti
1091 1413 1259 1455 corporis,
1282 1418 1318 1445 et
1334 1422 1495 1445 venarum
1512 1416 1683 1444 sectarum

979 1463 1162 1496 simulacro
1200 1469 1306 1496 noctu
1342 1467 1572 1496 exterreatur.
1628 1462 1686 1494 Ita

979 1524 1044 1546 non
1069 1515 1079 1533 ⁴
1091 1516 1201 1548 securi
1218 1507 1360 1556 somni‚''
1373 1523 1457 1557 quos
1475 1518 1535 1546 aut
1550 1513 1683 1545 umbrae

978 1565 1134 1606 ingratae,
1159 1569 1218 1597 aut
1244 1565 1380 1606 ingrata
1404 1567 1583 1595 monentes
1607 1562 1684 1595 red-

977 1614 1065 1647 dunt
1081 1615 1235 1657 infestos,
1246 1616 1384 1648 Lucano
1401 1615 1460 1647 lib.
1474 1623 1532 1647 111.
1546 1614 1607 1646 ubi
1621 1614 1684 1648 Ju-

979 1665 1027 1698 lia
1045 1665 1088 1697 ad
1103 1665 1305 1708 Pompeium
1317 1676 1328 1698 :
1349 1667 1360 1684 ‘
1373 1665 1518 1697 Haereat
1533 1665 1593 1697 illa
1616 1666 1684 1697 tuis

978 1725 1042 1758 per
1054 1716 1156 1756 bella,
1167 1726 1230 1757 per
1241 1726 1377 1758 a’quora
1392 1715 1496 1757 signis
1509 1716 1602 1747 Dum
1613 1724 1683 1748 non

978 1776 1114 1799 securos
1129 1767 1233 1798 liceat
1255 1767 1335 1798 mihi
1352 1775 1509 1807 rumpere
1524 1765 1686 1799 somnos!

977 1818 1036 1850 Sic
1048 1818 1150 1850 etiam
1164 1818 1236 1858 illa,
1247 1828 1323 1860 quae
1339 1817 1494 1849 molestis
1507 1817 1682 1849 insomniis

977 1866 1118 1902 turbare
1145 1869 1297 1911 quietem
1325 1871 1500 1910 poterant,
1533 1877 1553 1898 a
1582 1867 1681 1899 lectis

976 1919 1076 1960 longe
1103 1919 1334 1950 removebant.
1377 1917 1610 1949 Tertullianus
1635 1917 1680 1948 de

976 1969 1115 2002 Resurr.
1129 1968 1273 2001 Carnis:
1286 1968 1296 1986 ⁴
1306 1967 1468 2000 Gladium
1482 1976 1562 1999 vero
1574 1967 1682 2000 latro-

974 2019 1073 2052 ciniis
1090 2019 1236 2060 ebrium,
1259 2019 1335 2061 quis
1359 2028 1427 2050 non
1442 2028 1462 2050 a
1477 2017 1578 2050 domo
1594 2022 1679 2059 tota,

973 2071 1099 2103 nedum
1128 2080 1150 2103 a
1169 2070 1343 2110 cubiculo,
1357 2068 1484 2101 nedum
1509 2078 1528 2101 a
1555 2069 1679 2110 capitis

974 2121 1026 2153 sui
1054 2120 1168 2154 officio
1197 2119 1430 2162 relegaverit?
1467 2129 1679 2161 praesumens

974 2173 1114 2205 scilicet
1139 2172 1221 2204 nihil
1249 2170 1341 2203 aliud
1366 2180 1402 2202 se
1431 2179 1532 2212 quam
1558 2170 1679 2202 illudia

973 2222 1161 2255 animarum
1191 2222 1448 2262 somniaturum,
1483 2220 1676 2262 urgentium

971 2278 1079 2316 atque
1112 2272 1377 2315 inquietantium
1413 2271 1586 2312 sanguinis
1624 2272 1676 2303 sui

971 2323 1225 2356 concubinum.'
1267 2323 1378 2356 Pollae
1401 2328 1515 2355 autem
1540 2332 1606 2354 non
1631 2323 1676 2354 is-

969 2376 1132 2409 tiusmodi
1148 2376 1262 2416 timor,
1280 2385 1322 2407 ne
1336 2375 1411 2406 haec
1433 2375 1545 2415 imago
1560 2374 1677 2405 tristia

968 2427 1035 2468 ipsi
1069 2425 1252 2458 dormienti
1290 2425 1472 2456 simulacra
1501 2423 1675 2456 exhibeat.

969 2477 1040 2509 Pro
1054 2486 1170 2508 securae
1184 2476 1267 2516 legit
1283 2474 1468 2506 Heinsius:
1493 2472 1567 2505 Sine
1589 2483 1674 2505 ειη-ιε

964 2528 1092 2568 procul:
1113 2526 1199 2558 abite
1212 2529 1338 2559 mortes.
1373 2525 1493 2557 Procul
1505 2524 1578 2555 hinc
1590 2525 1674 2556 abite

966 2577 1097 2619 mortes]
1124 2577 1167 2609 Id
1194 2582 1260 2618 est,
1285 2576 1338 2608 his
1369 2575 1484 2616 sacris,
1509 2578 1546 2607 et
1575 2576 1672 2607 cultu

967 2628 1088 2669 Ponae,
1114 2629 1272 2660 Lucanus
1295 2635 1467 2668 nunquam
1494 2627 1672 2668 morietur,

964 2679 1198 2723 memoriaque
1208 2678 1287 2722 ,ejus
1310 2677 1344 2710 in
1368 2682 1533 2710 aeternum
1548 2676 1673 2720 perdu-

964 2731 1068 2765 rabit.
