1800 3060
189 218 275 261 522
688 229 727 259 Ρ.
759 227 947 259 PAP1N11
981 226 1165 268 STATn„

189 325 307 367 Mox
326 324 486 381 Tyrios
506 336 564 366 ex
584 336 703 365 more
724 323 862 373 sinus,
878 323 1154 378 tunicamque
1174 325 1397 378 potentem

189 393 424 447 Agnovere
443 392 623 434 humeri.

682 391 771 433 Sed
793 392 907 433 enim
929 392 1010 433 tibi
1029 404 1190 445 magna
1209 393 1399 446 parabat
1588 390 1645 432 30

188 460 262 503 Ad
278 461 432 502 titulos
452 459 659 514 exempla
676 465 824 515 pater:
855 460 1023 514 quippe
1049 460 1122 500 ille
1147 458 1379 514 juventam

190 529 400 572 Protinus
419 527 681 580 ingrediens,
701 528 996 581 pharetratum
1018 527 1183 568 invasit
1202 525 1399 568 Araxem

188 597 399 650 Belliger,
418 595 742 649 indocilemque
762 595 857 636 fero
880 594 1044 636 servire
1065 593 1235 636 Neroni

188 663 471 706 Armeniam:
501 663 631 716 rigidi
647 675 860 704 summam
883 661 1104 704 Mavortis
1124 662 1287 714 agebat

191 731 385 774 Corbulo
403 744 415 783 3
444 730 524 772 sed
546 731 754 772 comitem
774 731 879 772 belli
899 730 1161 784 sociumque
1182 730 1381 772 laborum
1586 728 1645 773 35

191 799 277 842 Ille
299 811 474 854 quoque
495 798 683 852 egregiis
702 798 889 839 multum
909 797 1096 839 miratus
1117 798 1161 838 in
1181 796 1316 839 armis

191 867 410 910 Bolanum
429 880 440 919 ;
471 871 608 920 atque
636 866 701 907 illi
723 878 927 907 curarum
948 865 1193 919 asperrima
1213 867 1366 906 suetus

190 985 313 1017 humeri
326 986 492 1018 induerunt
504 995 545 1017 ex
554 995 636 1016 more
657 994 829 1026 purpureos
837 985 982 1025 amictus,
990 984 1165 1017 acnobilem
1176 984 1325 1016 tunicam.
1371 982 1550 1020 Quinetiam
1562 981 1653 1022 geni·

191 1031 243 1060 tor
252 1032 327 1061 tuus
337 1029 538 1070 praeparabat
548 1028 608 1059 tibi
620 1038 733 1068 magna
743 1029 883 1068 exempla
893 1030 934 1060 ad
942 1027 1154 1069 adipiscendos
1162 1028 1303 1059 honores,
1335 1026 1456 1068 Quippe
1466 1026 1519 1058 ille
1529 1026 1652 1064 statim,

191 1071 318 1103 ineunte
323 1071 499 1111 juventute,
514 1081 681 1110 aggressus
690 1075 735 1102 est
746 1072 945 1112 pharetratos
959 1071 1078 1102 accolas
1091 1071 1224 1111 Araxis,
1239 1073 1271 1101 et
1285 1069 1469 1101 Armeniam
1477 1070 1650 1101 detrectan-

192 1116 257 1146 tm
266 1124 376 1155 parere
390 1114 460 1146 diro
473 1114 607 1146 Neroni.
649 1114 780 1146 Corbulo
791 1113 1032 1146 administrabat
1044 1123 1194 1146 summam
1207 1113 1342 1144 crudelis
1355 1112 1438 1152 beni,
1446 1113 1500 1143 sed
1511 1111 1563 1142 ille
1573 1111 1652 1142 mul-

192 1160 260 1189 tum
270 1157 486 1189 admirabatur
493 1157 652 1188 Bolanum
661 1157 696 1188 in
703 1157 866 1198 praeclaris
873 1156 1083 1198 facinoribus,
1101 1156 1218 1189 socium
1231 1155 1314 1195 belli,
1329 1158 1359 1186 et
1370 1155 1554 1197 participem
1568 1153 1651 1184 labo-

193 1209 277 1242 rum,
297 1204 390 1242 atque
405 1200 514 1232 solitus
528 1203 596 1232 erat
611 1199 663 1231 ini
677 1201 799 1232 credere
812 1200 986 1242 asperiores
1002 1209 1105 1241 curas,
1126 1203 1158 1232 et
1171 1198 1288 1241 partiri
1302 1201 1420 1231 victua.-
1441 1198 1520 1240 quod
1535 1199 1652 1237 tempus

787 1294 929 1306 'OM

931 1294 1030 1306 mn

198 1363 365 1402 potentem,
380 1359 582 1393 Bernartius
597 1361 751 1392 mavult:
775 1360 969 1401 tunicamque
980 1363 1149 1401 patentem,
1163 1359 1196 1391 h.
1212 1368 1243 1391 e.
1257 1358 1407 1391 tunicam
1420 1355 1627 1390 laticlaviam
1641 1366 1652 1388 ε

201 1408 239 1435 et
253 1403 331 1436 hnic
348 1404 495 1436 succinit
515 1404 679 1444 Cruceus,
708 1404 922 1445 improbante
945 1402 1250 1434 Marklando.—-36
1272 1401 1435 1434 Heinsius
1450 1401 1484 1432 in
1506 1400 1651 1431 Advers.

198 1445 261 1478 lib.
275 1455 327 1479 lv.
344 1456 422 1489 cap.
437 1449 469 1479 3.
483 1447 593 1479 citat:
617 1447 748 1478 multum
773 1447 907 1478 miraeus
929 1446 964 1478 in
982 1445 1169 1479 annia-3⁷
1193 1444 1291 1478 Idem
1316 1445 1340 1476 l.
1366 1444 1391 1476 1.
1413 1442 1652 1485 corrigendum

850 1531 995 1565 No'rAE

196 1616 272 1642 esse
298 1608 575 1643 admonerentur.
609 1609 737 1642 Juven.
750 1608 825 1641 Sat.
848 1617 900 1641 vl.

195 1659 428 1702 ‘Appositam
455 1660 564 1702 nigrae
593 1661 709 1692 lunam
745 1659 901 1692 subtexit

195 1709 324 1743 alutae.'
366 1710 415 1742 Hi
440 1715 636 1743 senatorum
662 1710 773 1743 calcei
794 1711 901 1742 ‘mul-

194 1759 263 1793 lei’
296 1760 382 1793 dicti
413 1761 516 1793 Festo
544 1761 605 1794 lib.
631 1770 703 1793 ΧΠ.
725 1770 801 1793 cum
830 1761 901 1792 lato

199 1811 300 1843 clavo
329 1812 529 1854 plerumque
549 1812 676 1854 juncti,
708 1817 749 1844 ut
776 1812 834 1843 hic
863 1815 900 1844 et

197 1861 291 1903 apud
320 1862 506 1895 Horatium
526 1872 554 1894 1.
579 1863 654 1895 Sat.
666 1865 700 1895 6.
721 1863 731 1880 ‘
746 1862 835 1894 Nam
860 1866 900 1893 ut

198 1911 344 1953 quisque
369 1912 507 1944 insanus
533 1913 640 1954 nigris
660 1913 807 1944 medium
836 1912 897 1943 im-

197 1962 310 2004 pediit
325 1972 401 1994 crus
414 1963 583 2002 Pellibus,
607 1968 644 1994 et
671 1964 776 1994 latum
792 1961 899 1993 demi-

197 2012 244 2044 sit
261 2017 402 2054 pectore
418 2012 574 2045 clavum.’
617 2012 704 2044 Haec
726 2012 816 2044 enim
831 2011 898 2043 duo

199 2062 347 2104 insignia
361 2063 563 2095 nobilitatis.

241 2116 285 2145 29
307 2114 390 2145 Mox
407 2114 519 2156 Tyrios
532 2124 572 2145 ex
586 2123 671 2145 more
694 2113 794 2153 sinus,
815 2112 901 2144 tuni-

197 2175 324 2206 camque
334 2164 507 2206 potentem]
536 2164 628 2206 Tyrii
643 2164 748 2204 sinus,
762 2168 798 2196 et
813 2163 903 2195 tuni-

199 2226 240 2249 ca
256 2220 392 2258 potens,
402 2216 485 2248 nihil
496 2216 588 2249 aliud
600 2220 692 2256 suut,
705 2226 804 2258 quam
814 2225 903 2257 prae-

199 2271 298 2299 texta
313 2267 496 2307 laticlavia,
522 2275 621 2308 quam
646 2265 823 2307 Crispinus
850 2265 901 2296 in-

200 2316 278 2349 duit
291 2326 368 2349 cnm
393 2317 519 2350 lunatis
534 2316 659 2348 calceis
674 2326 718 2348 ex
733 2325 826 2348 more
841 2326 902 2357 pa-

201 2367 392 2400 triciorum.
438 2367 555 2410 Aliqui
572 2367 703 2408 legunt,
716 2370 887 2408 patentem.

243 2419 285 2449 32
308 2417 533 2449 Pharetratum
545 2417 661 2449 invasit
674 2417 832 2458 Araxem]
855 2416 903 2448 A·

199 2476 302 2512 taxes*
325 2466 448 2500 fluvius
463 2467 648 2500 Armeniae.
691 2468 782 2499 Vide
806 2468 904 2500 Sote-

202 2518 262 2550 riis
272 2517 399 2550 Gallici
415 2528 464 2550 vs.
476 2522 527 2552 79.
551 2519 690 2551 Dicitur
703 2520 712 2537 ‘
726 2520 902 2561 pharetra-

201 2568 284 2614 tus,'
305 2568 385 2611 quia
396 2568 550 2601 Armenii
568 2569 693 2602 Araxis
708 2570 837 2602 accolae
853 2579 904 2601 aa·

204 2618 352 2662 gittandi
369 2619 578 2661 peritissimi.

244 2673 286 2703 33
300 2669 458 2710 Belliger]
479 2669 524 2701 Id
540 2675 604 2708 est,
616 2673 655 2702 nt
670 2671 805 2712 legatus
819 2670 903 2703 Cor·

202 2722 351 2755 hulonis.
395 2721 476 2753 Fero
494 2719 628 2761 Neroni]
644 2721 739 2754 Nero
755 2724 903 2763 impera·

204 2777 259 2819 tor
274 2771 440 2805 successit
463 2771 632 2811 Claudio;
656 2771 718 2804 sub
742 2772 817 2814 ejus
841 2772 903 2805 im-

953 1608 1049 1652 perio
1064 1606 1229 1641 Armenia
1245 1607 1367 1649 jugum
1391 1607 1579 1639 Romanum
1594 1613 1654 1636 ex-

953 1665 1072 1692 cutere
1089 1658 1208 1700 voluit,
1222 1657 1282 1690 sed
1297 1664 1410 1690 motus
1426 1655 1573 1698 repressi
1589 1655 1655 1687 vir·

954 1714 1030 1742 tute
1044 1709 1265 1742 Corbulonis:
1282 1708 1326 1740 de
1341 1708 1439 1749 cujus
1453 1705 1655 1743 fortitudine

954 1770 995 1792 ac
1011 1760 1112 1792 rebus
1129 1760 1236 1800 gestis
1259 1758 1338 1791 vide
1350 1758 1463 1790 Tacit.
1478 1756 1569 1789 Anu.
1586 1764 1654 1788 XV.

953 1811 1104 1843 Tandem
1133 1810 1251 1851 coegit
1278 1808 1480 1849 Tiridatem,
1506 1807 1564 1849 qni
1592 1815 1656 1839 rex

952 1861 1128 1894 Armenioe
1144 1860 1336 1892 declaratus
1349 1858 1474 1898 fuerat,
1487 1857 1530 1890 ad
1546 1867 1583 1890 se
1598 1866 1655 1889 ve-

952 1914 1040 1954 nire,
1063 1922 1103 1944 ac
1119 1912 1296 1953 deponere
1311 1920 1472 1943 coronam
1487 1909 1530 1940 ad
1548 1908 1654 1951 pedes

951 1968 1074 1996 statnae
1086 1962 1244 2002 Caesaris,
1254 1962 1466 2003 Romamque
1479 1960 1584 2000 misit,
1596 1958 1656 1991 ubi

951 2014 1136 2052 Tiridata,
1145 2023 1165 2045 a
1175 2013 1315 2044 Nerone
1324 2010 1507 2054 magnifice
1516 2020 1558 2043 ac
1566 2009 1657 2043 bene

952 2069 1133 2106 acceptus,
1160 2072 1287 2096 corona
1310 2063 1407 2104 regia
1421 2061 1568 2094 donatus
1589 2065 1656 2093 est.

953 2115 1044 2147 Vide
1059 2114 1220 2146 Tacitum
1237 2112 1376 2145 ibidem.

998 2167 1040 2196 34
1055 2163 1253 2204 Armeniam]
1297 2161 1474 2203 Armenia,
1489 2159 1657 2199 latissima.

955 2215 1052 2257 regio
1061 2214 1165 2254 Asina,
1179 2224 1199 2245 a
1209 2214 1320 2246 Ponto
1333 2211 1468 2244 Euxino
1482 2211 1526 2243 ad
1537 2210 1657 2252 Caspi-

957 2276 1013 2298 um
1026 2275 1119 2298 mare
1134 2264 1208 2297 fere
1223 2268 1381 2296 extensa.
1409 2262 1501 2295 Vide
1514 2262 1657 2299 comam

957 2317 1076 2350 Earini
1092 2326 1142 2348 vs.
1157 2318 1213 2348 63.

1001 2369 1042 2398 35
1069 2363 1218 2406 Corbulo]
1250 2362 1450 2396 Vocabatur
1481 2360 1656 2400 Domitius

960 2415 1122 2449 Corbulo.

999 2471 1040 2500 37
1064 2465 1235 2506 Bolanum]
1278 2464 1441 2497 Vectium
1476 2463 1655 2496 Bolanum.

955 2518 1115 2551 Meminit
1127 2518 1201 2559 ejus
1222 2515 1361 2548 Tacitus
1374 2514 1410 2546 in
1424 2514 1489 2545 hoc
1499 2510 1657 2544 Armeni-

956 2579 1019 2602 aco
1032 2568 1124 2601 bello
1146 2568 1197 2600 his
1212 2565 1342 2598 verbis:
1362 2565 1373 2583 ⁴
1386 2563 1552 2605 Legiones
1567 2560 1654 2592 duas

956 2629 1034 2652 cum
1050 2617 1225 2650 Verulano
1237 2617 1367 2649 Severo
1387 2619 1425 2646 et
1438 2611 1572 2649 Vectio,
1585 2611 1655 2643 Bo-

955 2671 1035 2702 lano
1051 2667 1239 2700 subsidium
1254 2663 1391 2706 Tigrani
1402 2659 1533 2694 mittit?
1572 2660 1655 2695 Tra·

956 2719 1010 2754 dit
1023 2718 1114 2751 idem
1128 2717 1269 2750 Tacitus
1282 2713 1375 2746 Hist.
1388 2711 1449 2744 lib.
1462 2719 1504 2743 11.
1514 2709 1655 2742 missum

958 2769 1064 2803 fuisse
1079 2768 1240 2801 Vectium
1264 2765 1432 2798 Bolanum
1457 2763 1493 2796 in
1517 2761 1654 2805 Britan-

1788 914 1800 994 -.‘-n‘ae—.
1787 855 1800 896 ¹1⁴.-
1795 806 1800 828 -<.
