1800 3060
232 212 320 254 474
734 227 774 257 P.
808 226 867 256 ΡΑ
876 226 999 258 P1N11
1033 228 1196 259 STA'ru

235 317 422 369 Circuit,
443 323 488 361 et
508 320 677 362 similes
695 303 928 364 contendit
949 324 1130 366 reddere
1152 325 1312 368 vultus.

235 384 439 427 Gaudeat
458 393 502 428 et
522 388 692 442 Libyca
712 391 944 444 praesignis
963 393 1210 433 avunculus
1231 393 1357 435 hasta
1377 409 1388 446 ;

238 452 445 507 Quaeque
467 456 551 496 sibi
572 458 742 509 genitos
761 462 898 511 putat,
920 458 1172 514 attollitque
1194 460 1381 513 benigno

237 519 368 563 Polla
387 522 509 565 sinu:
542 529 703 574 macte,
726 538 753 566 o
768 524 965 579 juvenis,
987 527 1063 581 qui
1087 531 1212 569 tanta
1234 530 1418 572 merenti

237 588 425 631 Lumina
444 591 525 632 das
545 593 727 646 patriae:
760 594 878 636 dulci
898 595 1040 637 fremit
1059 608 1164 637 ecce
1186 597 1381 639 tumultu

235 658 327 699 Tot
346 658 536 701 dominis
557 660 744 702 clamata
764 661 944 704 domus:
975 664 1135 717 procul
1153 666 1247 705 atra
1266 664 1447 706 recedat

236 725 429 776 Invidia,
452 731 588 781 atque
608 728 694 769 alio
713 729 895 771 liventia
915 735 1093 785 pectora
1113 730 1278 774 flectat.

239 793 331 834 His
351 785 535 846 senium,
554 796 785 851 longaeque
803 797 939 839 decus
956 798 1147 850 virtutis,
1168 804 1214 841 et
1235 800 1338 841 alba

238 859 452 916 Atropos,
473 866 518 905 et
538 864 710 917 patrius
730 865 883 906 lauros
905 865 1124 919 promittit
1143 864 1326 920 Apollo.

240 930 356 984 Ergo
376 931 494 985 quod
514 931 729 975 Ausoniae
751 939 878 988 pater
898 935 1239 988 augustissimus
1258 935 1380 976 urbis

1637 596 1692 638 15

1638 936 1695 978 20

239 1050 347 1082 cohors
359 1056 503 1092 nepotum
515 1053 625 1092 ambit,
645 1058 677 1086 et
690 1058 790 1086 certat
804 1065 859 1086 sua
873 1055 1079 1087 similitudine
1092 1055 1266 1096 exprimere
1278 1053 1344 1094 <ius
1363 1055 1492 1086 vultum.
1535 1053 1587 1104 Et.
1601 1061 1698 1084 um-

239 1094 327 1126 culus
347 1097 525 1136 conspicuus
547 1098 638 1129 hasta
662 1098 781 1139 Libyca
806 1098 942 1137 loetetur‚
964 1102 996 1131 et
1021 1099 1122 1139 Polla,
1142 1108 1211 1140 quoe
1233 1109 1284 1130 eoo
1307 1099 1408 1130 credit
1433 1097 1494 1129 sibi
1512 1099 1658 1147 gendos..
1667 1097 1699 1126 εἳ

239 1138 360 1177 attollit
375 1138 407 1169 in
422 1139 553 1180 benig-no
567 1141 650 1173 sinu.
697 1142 803 1173 Macte
817 1152 834 1172 o
840 1142 967 1181 juvenis
978 1141 1032 1183 qui
1045 1142 1102 1174 das
1115 1145 1204 1174 tanta
1219 1143 1332 1174 decom
1343 1141 1417 1172 bene
1429 1142 1561 1188 mereatu

241 1181 323 1211 Ecce
338 1183 458 1220 donnus,
478 1184 513 1214 in
528 1194 587 1224 qua
602 1188 649 1215 tot
666 1185 733 1216 heri
748 1185 893 1225 vagiunt,
912 1188 1054 1225 personat
1072 1189 1163 1224 grato
1185 1186 1327 1225 strepitu.
1373 1184 1478 1223 Niger
1504 1184 1583 1214 lavor
1609 1183 1698 1221 longe

239 1222 369 1263 migret,
391 1229 421 1256 et
435 1230 539 1258 vertat
553 1227 614 1258 alio
630 1227 767 1258 invidum
781 1228 929 1259 animum.
975 1228 1098 1259 Faveas
1114 1230 1250 1268 Atropos
1263 1228 1312 1259 his
1323 1227 1488 1269 pollicetur
1500 1228 1696 1263 seneclutem,

241 1269 272 1297 et
287 1267 412 1307 longam
425 1270 524 1300 vitam
535 1270 652 1302 virtute
667 1274 822 1311 ornatam,
845 1275 875 1302 et
891 1272 999 1312 Apollo
1011 1274 1160 1312 paternas
1174 1271 1291 1303 laurus.
1323 1270 1455 1320 Jgitur,
1475 1269 1555 1311 quod
1574 1268 1700 1308 Augus-

849 1356 887 1368 θ’
891 1356 907 1368 0
911 1356 1025 1368 '0000‘
1029 1356 1045 1367 Ι
1050 1356 1066 1367 0
1070 1355 1087 1367 O

243 1410 282 1438 15
304 1407 447 1440 Venett.
465 1408 565 1441 Rom.
582 1410 680 1442 Brix.
697 1411 836 1444 vicent.
853 1412 955 1446 Aldd.
971 1413 1081 1444 Coun.
1099 1411 1230 1453 Gryph.
1260 1409 1366 1442 Basil.
1388 1409 1505 1441 Plant.
1526 1409 1591 1440 διο.
1617 1407 1701 1456 dulci

242 1451 351 1482 tremit
376 1461 443 1483 ecce
465 1454 621 1491 tumultu5
645 1454 759 1485 Parm.
781 1456 880 1487 dulcis
904 1457 1012 1487 tremit
1034 1465 1101 1488 ecce
1126 1455 1288 1486 tumultus.
1334 1453 1495 1502 Heinsius
1523 1451 1567 1483 ad
1594 1449 1699 1499 Ovid-

244 1494 333 1525 Met.
352 1503 400 1526 ix.
412 1497 486 1527 207.
510 1497 615 1534 legit:
639 1497 845 1536 duloifremit
866 1509 933 1530 ecce
948 1500 1094 1538 tumultu,
1117 1497 1208 1539 quod
1224 1498 1256 1527 in
1275 1501 1405 1528 textum
1422 1504 1550 1544 primus
1565 1492 1702 1543 adunant

245 1536 568 1571 Markiaudus.—1⁷
593 1540 690 1571 Idem
706 1541 931 1573 Marklandns
946 1541 1126 1582 legendnm
1142 1544 1261 1572 censet
1276 1542 1289 1571 ι’
1307 1543 1398 1579 atque
1418 1539 1481 1587 alto
1503 1538 1632 1568 laneum
1654 1536 1701 1566 lu-

243 1580 329 1610 mina
344 1581 558 1620 flectat.—19
579 1583 719 1614 vene-tt.
734 1585 851 1616 Parm.
867 1586 963 1616 Rom.
979 1585 1084 1616 Aldd.
1109 1584 1218 1615 Colin.
1240 1582 1374 1623 Grypli.
1397 1580 1502 1612 Basil.
1527 1584 1563 1611 et
1587 1579 1703 1610 Fiant.

243 1625 275 1653 et
293 1624 418 1663 puer-iun
433 1625 536 1656 lauros
555 1626 698 1665 promisit
712 1628 822 1667 Apollo
833 1638 845 1664 ,·
868 1628 1061 1659 Gronovius
1077 1626 1208 1659 edidit:
1231 1630 1262 1657 et
1283 1625 1406 1665 patrias
1419 1624 1534 1662 lauros,
1557 1631 1702 1661 eumque

245 1666 357 1697 secuti
377 1672 458 1699 sunt
481 1668 601 1701 Barth.
626 1670 736 1702 Veeu.
762 1676 799 1702 et
825 1671 954 1712 Delph.
974 1671 1100 1712 patrius
1124 1669 1300 1702 revocavit
1322 1665 1560 1706 Marmaridas,
1580 1670 1618 1697 et
1640 1674 1702 1706 pro

906 1747 1046 1780 NOTAE

244 1815 321 1838 nam
341 1806 388 1838 ibi
403 1808 535 1840 Pollius
554 1809 732 1843 habitabat
754 1812 788 1843 in
816 1812 948 1854 magni·

244 1856 311 1888 fica
328 1858 420 1898 villa,
436 1869 536 1901 quam
560 1859 745 1903 descripsit
760 1863 889 1894 Noster
915 1863 949 1894 in

243 1908 458 1943 Surrentino.

289 1962 328 1990 11
358 1961 400 1992 Et
414 1962 532 1994 similes
556 1964 714 1995 contendit
730 1965 857 1996 reddere
881 1966 950 1996 vul·

246 2008 312 2050 tus]
349 2011 426 2042 Hoc
447 2011 591 2053 intelligi
618 2018 734 2053 potest
750 2019 786 2046 et
801 2015 844 2046 de
860 2015 949 2046 simi-

246 2059 392 2092 litudine
410 2061 593 2094 liberorum
622 2065 835 2096 Menecratis
861 2066 952 2097 inter

248 2120 305 2143 se:
325 2110 513 2152 Virgilius:
534 2115 543 2131 ⁴
557 2114 736 2146 Simillima
764 2115 877 2156 proles
895 2115 950 2146 In-

248 2160 402 2193 discreta
423 2163 505 2201 suis,
535 2169 719 2206 gratusque
746 2166 949 2204 parentibus

248 2222 344 2244 error
357 2212 378 2246 ι’
402 2218 440 2245 et
456 2213 498 2246 de
514 2225 568 2255 ea,
596 2225 663 2256 qua
685 2215 832 2247 Pollium
850 2227 948 2248 avum

249 2261 458 2295 referebant.

291 2316 332 2345 12
355 2314 474 2355 Libyca
488 2314 594 2356 hasta]
618 2315 731 2348 Hasta
753 2316 806 2348 hic
821 2317 949 2358 signifi·

249 2369 306 2395 cat
321 2363 514 2405 imperium,
536 2372 572 2396 et
589 2365 751 2407 designat
766 2377 948 2407 proconsu-

249 2415 355 2446 latum
382 2425 442 2447 seu
473 2415 716 2456 praefecturam
745 2417 862 2459 Libyae
889 2429 950 2451 seu

249 2464 389 2497 Africa».
433 2466 490 2497 Sic
523 2467 639 2499 ‘hasta
669 2469 950 2510 centumviralis,'

249 2525 314 2556 pro
343 2524 425 2547 cura
443 2516 716 2551 Centumvirum.
759 2519 955 2561 Avunculus]

251 2566 374 2599 Frater
390 2566 521 2598 matris.

296 2619 336 2648 13
359 2616 446 2658 Sibi]
468 2616 500 2648 A
517 2627 567 2658 se,
578 2619 657 2660 quia
672 2629 715 2651 ex
731 2620 813 2652 filia.

295 2669 336 2699 14
360 2666 469 2708 Polla]
491 2666 524 2699 A
541 2668 594 2699 via
612 2675 781 2702 materna.

296 2720 336 2748 15
359 2716 494 2749 Lumina
519 2718 575 2750 das
585 2720 718 2762 paerioe]
752 2722 808 2754 Ita
832 2722 956 2756 Graece

252 2769 352 2809 φῶτες
375 2767 561 2802 honorifice
588 2775 756 2804 vocantur
778 2774 878 2815 φῶτα,
895 2783 956 2806 seu

1004 1810 1080 1852 φάη.
1126 1810 1236 1851 Dulci]
1261 1806 1468 1840 Parentibus
1481 1805 1626 1838 scilicet.

1048 1866 1089 1894 16
1114 1862 1172 1894 Tot
1200 1860 1334 1892 dominis
1361 1858 1494 1889 clamata
1517 1855 1639 1897 domus]
1661 1853 1703 1886 Id

1005 1919 1070 1952 est,
1085 1913 1119 1944 in
1136 1922 1202 1954 qna
1215 1915 1268 1943 tot
1293 1908 1420 1941 domini
1453 1907 1612 1948 vagiuntf
1646 1905 1703 1938 Sic

1003 1964 1108 1995 Theb.
1123 1972 1158 1994 v.
1182 1963 1192 1980 ‘
1210 1962 1257 1993 Et
1285 1969 1352 1991 non
1384 1957 1532 1999 speratis
1558 1956 1704 1988 Lemnos

1004 2014 1173 2045 clamatur
1189 2008 1355 2043 alumnis.¹
1401 2007 1519 2040 Procul
1540 2009 1612 2038 atra
1623 2015 1706 2038 rece-

1004 2066 1057 2096 dat
1073 2062 1212 2103 Invidia,
1224 2059 1292 2102 lfa]
1314 2059 1364 2091 Ut
1380 2068 1458 2101 quae
1474 2057 1585 2089 soleat
1607 2054 1706 2088 nimi-

1005 2124 1060 2146 um
1074 2113 1191 2145 felices
1207 2109 1370 2152 affligere.
1413 2107 1513 2149 Atra]
1525 2107 1615 2141 Quia
1626 2116 1706 2138 cau-

1005 2175 1044 2197 sa
1060 2166 1185 2204 luctus,
1201 2162 1257 2194 cui
1273 2163 1369 2202 niger
1384 2160 1477 2191 color
1492 2157 1663 2190 convenit.

1047 2218 1088 2248 18
1110 2213 1193 2247 Alba
1208 2210 1360 2253 Atropos]
1377 2209 1529 2251 Atropos
1542 2217 1610 2240 una
1623 2207 1707 2239 Par-

1004 2276 1143 2298 carum:
1169 2265 1240 2297 alba
1255 2262 1382 2295 dicitur
1397 2260 1464 2300 hic,
1491 2262 1531 2290 ut
1554 2257 1612 2290 via
1635 2257 1706 2289 Do·

1003 2317 1142 2348 mitiaua
1164 2317 1173 2334 ‘
1190 2314 1347 2347 candidae
1366 2307 1526 2350 sorores,'
1548 2318 1626 2350 quae
1641 2307 1707 2340 sci-

1002 2369 1084 2400 licet
1100 2368 1227 2399 vellere
1239 2365 1317 2398 albo
1330 2365 1415 2396 nent
1427 2361 1531 2394 vitam
1544 2359 1708 2392 felicium.

1003 2419 1093 2451 Vide
1109 2418 1224 2460 Epith.
1236 2417 1351 2449 Stellae
1367 2424 1418 2447 vs.
1433 2415 1487 2445 24.

1052 2473 1092 2502 19
1115 2469 1250 2501 Patrius
1271 2462 1428 2508 [patrios]
1446 2460 1567 2502 lauros]
1589 2458 1707 2492 Mene-

1009 2525 1120 2552 crates
1136 2519 1241 2559 igitur
1255 2516 1378 2549 Poeta.
1415 2513 1484 2546 Alii
1501 2510 1637 2543 codices
1648 2509 1707 2541 ha·

1010 2571 1094 2602 beut
1119 2563 1258 2611 patrios,
1286 2566 1366 2609 quia
1385 2562 1607 2602 Parthenope
1626 2569 1706 2592 con-

1009 2622 1080 2653 dita
1096 2621 1232 2652 oraculo
1261 2615 1442 2660 Apollinis,
1465 2617 1504 2645 ut
1522 2612 1595 2654 jam
1618 2611 1706 2644 dixi-

1008 2683 1096 2705 mus.

1053 2727 1097 2756 20
1119 2721 1266 2756 Auronioe
1279 2719 1380 2752 Pater
1398 2714 1636 2758 augustissimus
1655 2724 1706 2748 ur·

1012 2773 1075 2816 bis]
1098 2772 1327 2805 Domitianus.
