1800 3060
249 203 340 247 462

749 216 789 247 Ρ.
821 215 970 249 ΡΑΡΙΝ
980 216 1013 247 ΙΙ
1047 217 1212 249 8ΤΑΤΙΙ

253 310 370 352 Cum
389 310 581 352 traheret
600 309 731 352 letale
750 322 934 362 merum,
958 311 1055 366 jam
1072 313 1227 355 mortis
1249 326 1396 370 opaca

252 379 389 421 Nube
409 379 572 432 gravis,
594 378 742 420 vultus
763 380 878 420 alios
900 381 944 421 in
966 381 1144 422 numine
1163 394 1269 424 caro

251 447 450 501 AEraque
470 448 690 500 supremis
711 449 855 490 tenuit
875 449 1083 491 sudantia
1098 450 1279 491 mensis.

254 514 368 556 Mox
390 513 436 555 N
439 514 729 556 asamoniaco
751 515 888 557 decus
912 516 1172 558 admirabile
1191 517 1285 570 regi

1657 521 1716 562 ‘75

252 583 544 635 Possessum3
575 582 769 637 fortique
793 583 892 625 Deo
911 583 1068 626 libavit
1087 584 1278 626 bonores

253 649 442 703 Semper
461 654 590 691 atrox
611 649 772 693 dextra
789 651 1061 706 perjuroque
1080 664 1184 693 ense
1205 653 1427 706 superbus

253 718 500 760 Hannibal.

563 718 736 761 Italicae
758 718 989 773 perfusum
1010 719 1223 773 sanguine
1243 720 1403 773 gentis,

253 788 454 841 Diraque
476 785 711 828 Romuleis
732 791 987 841 portantem
1007 787 1214 828 incendia
1236 787 1366 830 tectis

254 855 437 906 Oderat,
460 857 506 896 et
524 867 624 896 cum
643 855 815 909 epulas,
837 857 881 897 et
901 868 1001 896 cum
1024 854 1191 897 Lenaea
1210 855 1383 897 dicaret

1661 856 1718 899 80

242 977 350 1016 sacta,
370 988 441 1010 cum
463 977 580 1011 biberet
602 977 799 1017 mortiferum
812 978 916 1010 vinum
931 977 965 1009 in
978 987 1120 1018 supremo
1135 978 1286 1018 convivio,
1291 980 1363 1020 jam
1374 978 1486 1020 gravis
1499 980 1594 1011 densa
1607 977 1718 1010 mortis

251 1021 399 1061 caligine,
414 1021 533 1062 timuit,
553 1022 661 1053 videns
686 1024 839 1052 mutatam
855 1020 975 1058 faciem
995 1021 1104 1052 dilecti
1119 1022 1183 1054 Dei
1201 1032 1237 1053 ac
1250 1024 1375 1061 signum
1389 1022 1456 1060 ejus
1469 1024 1591 1054 sudare.
1637 1022 1718 1053 Mox

251 1065 414 1103 egregiam
428 1074 502 1105 opus
517 1065 628 1096 incidit
644 1064 678 1096 in
693 1074 803 1095 manus
814 1063 969 1105 principis
991 1065 1189 1106 Nasamonii,
1202 1068 1234 1096 et
1250 1065 1414 1097 Hannibal
1428 1075 1549 1107 semper
1562 1074 1673 1102 soevus,
1686 1066 1718 1094 et

253 1107 391 1139 tumidus
403 1107 530 1148 perjuro
541 1107 662 1148 gladio,
674 1107 790 1149 effudit
803 1106 910 1138 vinum
935 1107 969 1138 in
993 1107 1140 1138 honorem
1162 1108 1356 1148 magnanimi
1371 1108 1435 1140 Dei
1445 1119 1458 1146 ‚·
1483 1109 1537 1140 sed
1555 1108 1719 1139 ncermba-

251 1153 305 1179 ταν
319 1150 408 1182 illum
421 1160 595 1192 respersam
610 1160 717 1182 cruore
732 1150 869 1182 nationis
885 1150 1003 1189 Italioe,
1029 1153 1059 1181 et
1083 1150 1268 1190 inserentem
1291 1151 1377 1183 diras
1390 1151 1541 1192 flammas
1565 1150 1599 1182 in
1613 1152 1718 1181 aomos

254 1191 403 1226 Romuli.-
424 1198 456 1226 et
478 1194 618 1236 quamvis
639 1194 689 1226 illi
711 1194 807 1235 dapes
827 1196 1033 1232 consecraret,
1055 1203 1092 1224 ae
1116 1193 1191 1225 vina
1212 1193 1338 1235 libaret,
1356 1194 1445 1226 Deus
1459 1194 1570 1235 doluit,
1583 1193 1717 1225 seillam

857 1278 1098 1292 oeeaeoeaeaetaeee

254 1349 319 1386 ret,
343 1348 503 1386 tantoque,
525 1346 593 1386 vel,
627 1348 765 1388 totoque,
802 1346 858 1378 vel
884 1346 1033 1388 denique
1074 1347 1326 1388 longoque.-—74
1349 1345 1438 1378 Edd.
1469 1349 1556 1377 vett.
1579 1345 1718 1386 AEraque

914 1440 1057 1473 NOTAE

295 1505 339 1534 72
365 1502 445 1534 Cum
461 1502 598 1535 traheret
610 1502 702 1537 letale
716 1503 850 1545 mm]
867 1504 959 1536 Dolo

252 1554 447 1586 extinctum
474 1553 709 1586 Alexandrum
733 1554 902 1595 referunt,
924 1559 962 1587 et

252 1606 391 1648 quidem
408 1615 555 1646 veneno,
570 1606 792 1645 Plutarchus,
807 1606 962 1638 Curtius-

252 1667 332 1698 que,
348 1666 388 1688 ac
401 1656 470 1688 alii.
497 1656 660 1696 Quidam,
674 1662 712 1688 ut
723 1657 903 1688 Vitruvius
920 1666 960 1688 ac

251 1707 498 1748 Tertullianus,
522 1711 684 1739 necatum
709 1717 797 1749 equa
825 1707 958 1748 Stygia,

253 1768 330 1800 quae
357 1756 436 1790 fluit
465 1767 509 1789 ex
534 1767 621 1798 rupe
639 1757 839 1790 Nonacrina
850 1757 958 1790 Arca-

251 1809 328 1846 diae,
355 1808 496 1850 solaque
518 1808 619 1840 mulae
639 1809 768 1850 ungula
789 1808 958 1840 contineri

251 1864 380 1900 potest.
425 1858 603 1891 Vitruvius
622 1859 682 1891 lib.
699 1868 786 1891 vm.
815 1859 825 1876 ‘
839 1859 902 1890 Est
922 1858 959 1890 in

250 1910 404 1942 Arcadia
429 1909 599 1942 Nonacris
640 1909 815 1941 nominata
853 1913 956 1941 terrae

251 1961 362 2001 regio,
378 1970 454 2002 quae
469 1960 575 1992 habet
599 1960 635 1991 in
651 1960 823 1991 montibus
839 1969 858 1990 e
873 1969 956 1991 saxo

249 2011 418 2043 stillantes
430 2010 669 2052 frigidissimos
680 2011 851 2042 humores.
867 2010 957 2043 Haec

250 2067 367 2095 autem
383 2072 485 2104 aqna,
500 2062 626 2103 Stygos
636 2062 744 2104 hydor
753 2056 957 2103 nominatur,

251 2122 320 2154 qua
333 2122 448 2152 neque
460 2116 673 2153 argenteum,
689 2122 803 2154 neque
817 2122 957 2153 aereum,

251 2172 363 2205 neque
379 2161 531 2194 ferreum
548 2172 607 2194 vas
623 2166 739 2204 potest
755 2162 959 2202 subsistere,

252 2213 314 2245 sed
326 2212 460 2252 dissilit,
471 2217 509 2244 et
521 2212 723 2253 dissipatur.
745 2212 958 2244 Conservare

251 2269 367 2296 autem
391 2273 467 2296 eam
483 2267 521 2295 et
536 2262 730 2303 continere,
742 2263 810 2294 nisi
832 2263 960 2294 mulina

252 2315 382 2356 ungula
404 2318 538 2356 potest:
563 2324 639 2356 quae
666 2313 772 2345 etiam
794 2322 959 2345 memora-

253 2370 312 2397 tur
325 2365 367 2397 ab
383 2364 587 2406 Antipatro,
603 2364 639 2395 in
662 2363 885 2405 provinciam,
901 2363 959 2396 ubi

252 2420 331 2447 erat
360 2415 573 2457 Alexander,
604 2424 668 2456 per
699 2415 820 2446 Iollam
850 2413 958 2446 filium

252 2467 389 2508 perlata
405 2476 494 2505 esse,
508 2470 545 2498 et
559 2465 602 2497 ab
625 2474 666 2497 eo
681 2475 722 2497 ea
736 2475 825 2507 aqua
841 2474 958 2506 regem

253 2526 330 2550 esse
346 2516 531 2549 necatum)

295 2569 338 2599 ⁷3
354 2567 467 2600 Vultus
481 2567 560 2599 alios
571 2567 606 2598 in
631 2567 757 2599 numine
772 2577 845 2598 caro
861 2568 956 2600 AEra-

252 2628 311 2660 que
335 2617 488 2660 supremis
516 2619 619 2650 tenuit
645 2619 793 2650 sudantia
827 2618 956 2660 mensis]

252 2669 377 2701 Vultus
392 2668 517 2700 mutati
530 2668 565 2699 in
592 2668 697 2709 signis
723 2669 886 2704 Deorum,
901 2679 955 2700 su-

255 2718 386 2760 dorque
408 2723 507 2750 erant
519 2717 669 2750 infausta
682 2720 798 2751 omina
819 2729 859 2751 ac
871 2730 957 2760 prae-

254 2769 361 2811 sagia,
376 2775 412 2801 ut
429 2769 683 2801 observavimus
707 2770 741 2801 iu
767 2770 955 2803 Thebaide.

1015 1505 1112 1546 AEra]
1127 1505 1269 1547 Signum
1284 1515 1419 1538 aereum.

1056 1559 1097 1588 '75
1122 1557 1350 1588 Nasamoniaco
1359 1555 1445 1598 reg-i]
1459 1555 1661 1596 Hannibali,
1673 1556 1721 1588 A-

1015 1605 1082 1647 fro,
1102 1607 1159 1649 qui
1183 1607 1411 1639 Nasamonius
1427 1607 1556 1640 dicitur
1570 1617 1590 1639 a
1607 1607 1719 1639 Nasa-

1015 1658 1170 1689 monibus
1179 1656 1310 1690 Africae
1322 1658 1469 1700 populis,
1481 1658 1718 1690 licentiaPoe-

1017 1708 1061 1740 tis
1077 1708 1247 1740 familiari.
1269 1708 1345 1740 Hoc
1355 1708 1459 1740 etiam
1474 1708 1614 1740 tradidit
1624 1709 1718 1741 Mar-

1014 1758 1104 1790 tialis
1143 1759 1390 1799 epigrammate
1427 1757 1517 1790 infra
1540 1759 1690 1800 ascripto
1707 1769 1718 1797 ;

1014 1808 1088 1840 Rex
1102 1818 1182 1840 vero
1199 1809 1337 1851 dicitur,
1362 1809 1435 1842 lata
1457 1809 1720 1850 significatione,

1013 1868 1076 1900 pro
1090 1859 1204 1890 Duce.

1054 1912 1097 1940 76
1114 1909 1205 1942 Forti
1219 1909 1306 1950 Deo]
1321 1909 1477 1942 Herculi.
1523 1910 1651 1943 Libavil
1663 1911 1716 1943 ho-

1010 1960 1114 2001 nores]
1138 1961 1192 1992 Sic
1207 1970 1257 1993 vi.
1287 1961 1454 1994 Thebaid.
1468 1961 1478 1978 ‘
1493 1961 1648 1993 Certavit
1657 1961 1716 1993 ho-

1011 2011 1152 2051 norem:
1169 2021 1232 2053 pro
1246 2012 1298 2044 ‘in
1314 2011 1498 2044 honorem!
1521 2011 1645 2044 Libare
1659 2022 1718 2044 au-

1011 2067 1082 2094 tem
1099 2063 1215 2094 vinum
1227 2062 1435 2095 inhonorem
1452 2063 1609 2095 Deorum
1626 2064 1714 2095 sole-

1012 2113 1096 2145 bant
1110 2118 1257 2146 veteres.

1054 2166 1074 2195 7
1077 2166 1096 2196 7
1122 2162 1253 2204 Semper
1280 2166 1375 2195 atrax
1393 2164 1510 2195 dextra
1533 2163 1717 2206 perjuri-oque

1012 2224 1083 2246 cnse
1093 2214 1242 2254 superbus
1253 2213 1431 2255 Hannibal]
1449 2213 1538 2246 Vide
1550 2215 1637 2246 viam
1650 2215 1720 2248 Do-

1012 2265 1190 2296 mitianam
1207 2274 1257 2296 vs.
1271 2268 1304 2296 5.

1055 2318 1098 2348 78
1114 2316 1237 2348 Italicae
1249 2316 1411 2357 perfusam
1435 2316 1584 2356 sanguine
1596 2317 1716 2358 gentis]

1014 2366 1125 2400 Quam
1152 2366 1196 2397 ad
1217 2366 1498 2407 Thrasymenurn,
1522 2364 1566 2398 ad
1591 2366 1716 2398 Trebi-

1014 2427 1081 2454 am,
1092 2421 1129 2449 et
1142 2416 1185 2460 ad
1198 2417 1332 2449 Cannas
1347 2416 1516 2449 horrenda
1531 2417 1714 2449 interneci-

1013 2478 1078 2500 one
1101 2469 1243 2500 vicerat.

1055 2521 1098 2550 79
1114 2517 1292 2559 Romuleis]
1308 2517 1478 2550 Romanis.

1054 2572 1096 2601 80
1121 2569 1237 2601 Lenoea
1254 2568 1364 2609 Dona]
1393 2567 1564 2608 Intelligit
1586 2567 1712 2605 vinum,

1010 2629 1133 2652 munus
1147 2629 1207 2651 seu
1230 2619 1404 2651 inventum
1429 2618 1637 2660 Bacchi,qui
1651 2619 1714 2651 Le·

1010 2679 1107 2702 naens
1121 2669 1248 2702 dicitnr
1275 2668 1337 2701 ἀπὸ
1357 2669 1415 2700 τοῦ
1429 2668 1536 2710 λήνου,
1553 2679 1628 2711 quae
1647 2679 1711 2704 vox

1011 2723 1148 2753 torcular·
1157 2720 1283 2752 Graece
1296 2719 1474 2761 significat.

1787 2596 1790 2597 ¹
1779 2321 1800 2563 4mam.‘
1784 2100 1800 2311 afnima-runa.
1784 2022 1800 2084 ωε...
1790 1995 1791 1998 „
1785 1915 1800 1972 m..-
