1800 3060
247 195 305 239 38
669 204 946 237 Avcronum
979 203 1288 237 TESTlMONlA

767 300 895 342 Idem
916 299 974 341 ad
994 299 1192 342 AEtnam.

311 381 383 423 De
403 378 636 435 Amphirai
654 381 795 421 morte
824 380 976 419 extant
994 375 1226 432 magnifici,
1238 389 1394 420 versus
1412 376 1459 419 in
1477 377 1708 420 Thebaide

256 448 402 491 Statii.

438 537 547 580 Adr.
563 537 794 579 Turnebus
812 534 1052 578 Adversar.
1071 535 1148 577 lib.
1172 546 1318 577 xxm.
1335 548 1435 591 cap.
1453 535 1522 578 18.

315 617 522 672 Optimus
544 615 705 666 Poeta,
726 615 964 669 Papinius,

472 715 536 756 Is.
558 713 854 757 Gasaubonus
875 714 931 757 ad
953 715 1155 757 Suetonii
1176 716 1495 759 Domitianum.

319 794 504 845 Statius,
528 794 721 836 eximius
741 793 901 836 Poeta.

632 894 761 936 Idem
782 893 838 935 ad
862 894 1059 949 ejusdem
1081 893 1342 948 Caligulam.

322 973 532 1029 Optimus
553 972 714 1024 Po‘eta,
734 972 922 1014 Statius.

598 1073 642 1116 J.
665 1073 866 1128 Lipsius,
889 1072 1068 1114 Centur.
1091 1083 1123 1114 1.
1144 1072 1287 1126 Epist.
1308 1072 1378 1113 13.

324 1152 546 1207 Papinius
568 1151 773 1193 sublimis
795 1156 842 1192 et
861 1150 1009 1192 celsus
1030 1148 1187 1200 Poeta,
1206 1163 1294 1192 non
1312 1149 1458 1192 hercle
1483 1150 1691 1193 tumidus.

564 1263 691 1306 Idem
711 1262 1041 1317 Epigrammate
1061 1262 1118 1304 ad
1139 1262 1430 1304 Bernartium.

727 1340 948 1396 Papinius
970 1339 1116 1382 Poeta
1135 1353 1335 1393 magnus,

553 1408 642 1450 Vel
662 1409 807 1450 dicam
827 1408 996 1462 potius,
1018 1407 1161 1449 Poeta
1183 1422 1394 1450 summus.

560 1477 688 1519 Certe
707 1477 940 1532 proximus
962 1480 1031 1518 est
1052 1475 1197 1517 Po'eta
1217 1489 1404 1527 summo,

559 1546 694 1598 Quod
714 1559 890 1588 mecum
908 1545 1099 1587 fateatur
1120 1545 1219 1599 ipse
1238 1545 1387 1588 Livor.

502 1658 642 1707 Idem,
663 1656 923 1711 Physiolog.
946 1655 1111 1696 Stoicae
1131 1654 1208 1696 lib.
1235 1666 1305 1696 ιιι.
1326 1668 1427 1710 cap.
1443 1656 1513 1698 17.

339 1738 503 1789 Docte,
523 1740 572 1778 ut
591 1735 746 1787 multa,
767 1734 958 1776 Statius,

679 1847 824 1898 Idem,
844 1847 900 1888 ad
920 1845 1072 1888 Taciti
1092 1844 1254 1888 Annal.
1275 1855 1348 1885 111.

340 1929 394 1972 In
415 1928 560 1972 Statio
579 1927 776 1970 Luxuria
795 1927 959 1981 ingenii
977 1939 1065 1968 non
1084 1925 1305 1967 indecora.

512 2024 651 2081 Dion.
668 2038 885 2081 Petavius
907 2036 960 2079 ad
978 2035 1207 2078 Themistii
1230 2034 1430 2076 Oration.
1445 2045 1509 2077 ιν.

343 2118 566 2162 Praeclare
585 2117 707 2159 istud
727 2121 774 2159 et
794 2116 1006 2171 graphice
1024 2115 1232 2157 describit
1251 2114 1436 2164 Statius,
1450 2114 1532 2156 lib.
1553 2124 1618 2154 vi.

430 2227 552 2270 Gilb.
575 2227 857 2277 Gaulminus,
878 2226 935 2268 ad
956 2225 1094 2281 Cypri
1114 2225 1334 2267 Theodori
1353 2224 1586 2267 Prodromi

790 2293 1058 2336 Amanthum
1081 2307 1182 2348 cap.
1201 2294 1246 2335 4.

349 2374 528 2417 Sciebat
546 2374 634 2416 hoc
655 2373 888 2429 Papinius,
909 2371 1146 2415 Po'ctarum
1166 2370 1470 2412 doctissimus.

350 2475 381 2519 J
386 2489 483 2517 oan.
504 2474 748 2526 Meursius‚
768 2473 827 2516 ad
846 2472 1023 2515 Librum
1045 2469 1099 2512 de
1120 2469 1291 2520 Gloria,
1308 2467 1535 2518 Auctario,
1555 2479 1596 2509 c.
1615 2466 1688 2509 29.

352 2554 525 2598 Statius
546 2553 784 2608 Papinius,
803 2550 948 2594 Po'eta
965 2550 1167 2593 eximius·

325 2654 442 2696 Lud.
462 2652 722 2703 Cresollius,
753 2651 1023 2694 Praefatione
1041 2647 1349 2692 Vacationum
1369 2643 1719 2688 Autumnalium.

361 2732 592 2787 Papinius,
612 2729 774 2783 Poeta,
792 2743 891 2774 meo
904 2729 1093 2786 Judicio‚
1111 2726 1347 2771 maximus.
