1800 3060
464 582 843 633 ELENCHUS
898 584 1441 636 ALPHABETICUS

386 721 768 756 NONNULLORUM
811 723 1087 757 SCRIPTURAE
1130 725 1531 759 COMPENDIORUM

231 1106 311 1141 Ald.
326 1111 356 1141 1.

230 1159 312 1193 Ald.
327 1165 359 1193 2.

231 1212 336 1247 Aldd.

231 1268 377 1302 Amstel.

230 1322 420 1357 Antidiatr.

232 1375 378 1418 Argent-

234 1483 356 1516 Barth.

234 1536 342 1568 Basil.
359 1541 390 1571 1.

366 1595 399 1624 2.

235 1645 360 1678 Behot.
377 1649 407 1678 1.
423 1649 454 1679 2.

238 1752 343 1785 Bern-

236 1806 332 1839 Brix.

237 1859 370 1892 Buslid.

236 1964 335 1997 eald.

239 2018 348 2051 Colin.

240 2072 342 2104 ctuc.

239 2126 334 2158 Dan.

241 2231 365 2273 Delph.

242 2285 360 2319 Diatr.

245 2444 379 2477 Domit.

247 2499 333 2531 Exc.
350 2498 458 2541 Burg.

246 2660 331 2692 Exc.
347 2658 494 2692 Cantab-

248 2713 335 2745 Exc.
351 2711 471 2745 Heius.

622 841 731 874 QUAE
753 842 807 874 IN
830 842 908 875 VV.
927 844 997 875 LI..
1020 843 1323 877 OCCURRUNT.

572 1110 688 1143 Editio
705 1109 830 1142 Aldina
845 1120 899 1143 an.
918 1114 1013 1143 1502.

744 1181 831 1190 ——
846 1174 901 1196 an.
917 1167 1014 1197 1519.

843 1223 1001 1260 utraque.

575 1272 690 1304 Editio
706 1272 1034 1305 Amstelodamensis
1049 1282 1068 1305 e
1081 1273 1280 1306 recensione
1296 1273 1444 1315 Heinsii‚
1457 1283 1511 1306 an.
1528 1275 1622 1307 1624.

575 1325 810 1359 Antidiatribe
827 1327 961 1368 Crucei,
975 1337 1075 1369 quam
1088 1327 1225 1369 scripsit
1239 1332 1362 1360 contra
1375 1327 1598 1360 Gronovium.

578 1379 694 1412 Editio
707 1380 1013 1422 Argentoratensis
1031 1392 1086 1423 ap.
1098 1382 1265 1414 Lazarum
1287 1381 1503 1423 Sehurerum,
1516 1391 1573 1414 an.
1588 1383 1683 1413 1517.

618 1433 830 1466 Achilleidos
843 1433 949 1466 libros
966 1436 1206 1477 complectens.
1419 1449 1427 1454 ¹

579 1486 708 1528 Caspai·
724 1487 887 1519 Barthius
901 1488 936 1519 in
951 1488 1110 1520 Editione
1123 1499 1183 1521 sua
1198 1489 1347 1531 Cygneae
1364 1490 1460 1520 1664.

581 1540 696 1572 Editio
718 1540 925 1573 Basileensis
945 1550 1000 1573 an.
1017 1544 1115 1574 1531.

943 1605 998 1628 an.
1016 1597 1114 1628 1541.

583 1648 663 1680 Duo
679 1648 779 1680 codd.
794 1648 1032 1690 manuscripti,
1047 1658 1190 1690 qnorum
1205 1648 1282 1681 VV.
1298 1647 1369 1680 LL.
1383 1647 1568 1689 descripsit
1591 1647 1692 1681 Adri-

623 1711 705 1733 anus
721 1702 916 1734 Behottius.

581 1754 733 1787 Joannes
748 1754 951 1787 Bernartius
965 1754 1000 1786 in
1016 1754 1104 1788 Edd.
1118 1755 1250 1787 Plantt.

585 1807 702 1840 Editio
714 1807 904 1840 Brixiensis
919 1817 973 1840 an.
989 1810 1084 1840 1485.

587 1861 706 1893 Codex
727 1861 958 1903 Buslidianus,
980 1871 1080 1904 quem
1108 1861 1251 1894 laudant
1277 1860 1479 1893 Bernartius
1501 1863 1538 1892 et
1562 1859 1693 1893 Gevar-

622 1915 702 1948 tius.

586 1968 761 2000 Domitius
777 1968 976 2001 Calderinus
990 1969 1024 2001 in
1040 1968 1200 2001 Editione
1218 1969 1370 2001 Romana
1386 1976 1441 2000 an.
1457 1968 1552 1999 1475.

582 2020 699 2053 Editio
712 2022 869 2054 Parisina
881 2022 1023 2054 Colinaei
1037 2032 1090 2054 an.
1107 2024 1205 2055 1530.

579 2074 758 2107 Emericus
773 2074 924 2107 Cruceus
939 2075 974 2106 in
989 2074 1153 2107 Editione
1168 2084 1229 2107 sua
1244 2074 1359 2108 Paris.
1374 2077 1471 2107 1618.
1486 2096 1489 2100 -

583 2127 704 2159 Codex
727 2129 978 2170 manuscriptus
1005 2128 1049 2162 P.
1069 2129 1238 2171 Danielis,
1264 2139 1365 2172 quem
1389 2129 1478 2162 citat
1501 2125 1697 2160 Fridericus

627 2180 912 2224 Lindenbrogius.

587 2234 703 2266 Editio
717 2235 897 2276 Delphina
911 2238 1032 2267 curata
1047 2245 1067 2267 a
1083 2235 1227 2268 Claudio
1241 2235 1402 2276 Berafflo,
1415 2235 1526 2267 Paris.
1540 2236 1636 2266 1685.

583 2287 748 2320 Diatribe
762 2288 905 2321 Joannis
930 2288 1099 2321 Friderici
1123 2288 1293 2321 Gronovii
1314 2289 1349 2320 in
1376 2288 1554 2330 Sylvarum
1578 2286 1700 2326 libros,

627 2341 718 2383 Hag.
739 2342 834 2375 Com.
858 2344 955 2374 1637.
977 2341 1102 2375 Altera
1127 2342 1244 2375 Editio
1270 2341 1403 2375 auctior
1423 2345 1459 2373 et
1486 2339 1700 2379 emendatior

628 2404 705 2427 cum
719 2395 823 2428 Notis
840 2395 971 2428 Handii
987 2396 1115 2438 prodiit
1130 2396 1224 2438 Lips.
1238 2398 1335 2427 1812.

589 2447 760 2481 Domitius
776 2449 979 2481 Camerinus
994 2449 1029 2481 iu
1045 2448 1208 2481 Editione
1223 2449 1390 2480 Romana.

589 2502 768 2544 Excerpta
789 2512 832 2534 ex
854 2502 973 2535 codice
994 2503 1062 2535 Ms.
1081 2502 1340 2535 membranaceo
1361 2499 1574 2533 Achilleidos
1595 2497 1701 2530 libros

632 2557 901 2598 complectente,
916 2567 993 2600 quae
1005 2556 1186 2590 nobiscum
1201 2553 1466 2589 communicavit
1475 2553 1517 2585 V.
1531 2553 1578 2585 D.
1592 2551 1702 2584 Geor-

630 2608 704 2648 gius
721 2609 868 2652 Burges.

590 2661 765 2703 Excerpta
789 2664 919 2697 codicis
941 2652 1234 2705 cantabrigiensis
1250 2669 1356 2704 penes
1377 2658 1569 2693 Editorem.

593 2713 773 2756 Excerpta
793 2726 837 2749 ex
860 2717 959 2751 codd.
981 2717 1017 2750 in
1031 2717 1202 2750 Vaticano
1218 2716 1337 2749 Romae
1352 2713 1508 2755 servatis,
1526 2721 1601 2755 quae
1616 2711 1704 2744 citat

633 2766 807 2803 Heinsius.
