1800 3060
228 203 315 245 390

724 215 765 245 P.
799 215 987 246 PAPINll
1022 216 1188 247 STATH

231 307 319 349 Sed
338 308 511 349 venient
530 307 692 363 plenis,
708 309 885 350 venient
905 310 1139 362 connubia,
1159 311 1303 354 taedis.

231 375 308 416 Sic
324 382 438 417 certe
458 376 699 431 formaeque
720 377 851 418 bonis
873 378 1098 432 animique
1118 385 1328 423 meretur:

230 442 336 484 Sive
358 442 514 497 chelyn
535 444 775 498 complexa
794 444 908 495 ferit,
929 458 1006 488 seu
1029 459 1140 488 voce
1157 451 1335 500 paterna

230 510 502 552 Discendum
526 510 674 553 Musis
695 517 839 564 sonat,
859 517 901 554 et
920 527 1018 555 mea
1038 515 1232 556 carmina
1248 516 1402 567 flectit,

230 577 435 620 Candida
456 592 534 620 seu
555 581 677 621 molli
698 581 867 624 diducit
885 582 1069 624 brachia
1088 587 1239 636 motu;

228 642 460 700 Ingenium
483 649 698 702 probitaS,
721 653 942 704 artemque
957 651 1174 694 modestia
1189 652 1339 694 vincit.

221 788 394 826 formosam
425 790 602 829 juventam.

661 788 727 820 Sed
755 787 864 820 mariti
899 788 1023 821 uenient
1057 789 1314 838 auspicati-sumis
1339 791 1486 831 facibus:
1531 792 1576 824 sic
1603 795 1686 825 certe

229 831 326 870 dignu
357 835 403 862 est
432 832 468 862 ob
497 832 630 863 eximius
659 835 726 863 tum
761 831 861 862 animi
891 841 958 861 cum
990 841 1126 872 corporis
1159 834 1265 865 dotes.-
1302 845 1355 866 seu
1387 837 1493 876 pulsat
1522 836 1687 874 citharam,

229 883 282 905 seu
294 875 378 905 canit
392 878 523 915 paterna
538 885 621 913 voce,
645 875 724 915 quod
740 874 845 905 Musoe
856 874 992 912 discant,
1018 878 1049 905 et
1074 876 1249 907 modulatur
1273 887 1379 909 versus
1393 888 1496 909 meos.-
1519 888 1572 910 seu
1587 881 1684 910 movet

229 919 346 948 teneris
369 918 468 949 modis
482 918 586 949 niveos
601 919 740 950 lacertos.
784 917 866 956 Eius
890 917 1011 948 bonitas
1031 922 1158 958 superat
1182 919 1342 959 ingenium
1357 924 1388 952 et
1401 923 1552 952 modestia
1574 925 1684 953 artem.

838 1015 973 1027 “NG“
977 1015 1075 1027 “O“

229 1085 307 1117 terit
317 1085 429 1124 vidum
445 1086 527 1118 etin
544 1087 645 1118 Notis
662 1086 849 1119 videm—62
866 1087 876 1105 ‘
894 1087 972 1120 Non
985 1087 1143 1130 intelligo
1153 1089 1212 1120 lias
1222 1090 1330 1130 plenus
1342 1092 1461 1122 taedas.-
1477 1089 1567 1122 forte
1579 1091 1687 1132 scrip-

230 1133 301 1159 tum
315 1133 390 1160 erat
401 1129 534 1169 phestis,
546 1130 569 1161 i.
583 1130 728 1167 e.sestis‚
738 1130 782 1171 ph
793 1129 894 1171 pros,
909 1136 948 1162 ut
964 1131 1104 1172 infllibris
1118 1133 1256 1173 scriptis
1269 1133 1390 1165 millies
1406 1132 1444 1164 fit
1456 1144 1466 1173 ;
1481 1134 1544 1165 hoc
1557 1143 1622 1164 non
1636 1134 1686 1165 in·

228 1172 407 1203 tellectum
421 1173 453 1203 in
464 1173 565 1214 plenis
579 1172 825 1214 degeneravit)
851 1174 1059 1206 Mara—64
1081 1174 1154 1206 Sive
1168 1175 1275 1217 chelyn
1285 1177 1443 1217 complexa
1450 1177 1531 1217 petit
1546 1177 1686 1208 Venett.

228 1213 343 1246 Parm.
360 1215 460 1247 Rom.
477 1216 614 1247 Vicent.
633 1216 737 1248 Aldd.
753 1215 860 1248 Colin.
877 1216 1007 1258 Gryph.
1023 1217 1128 1250 Basil.
1151 1218 1265 1251 Plant.
1282 1225 1409 1250 ceterae
1423 1229 1433 1258 3
1448 1218 1532 1258 ferit
1548 1229 1590 1250 ex
1606 1229 1685 1250 con-

223 1256 362 1297 jectum
379 1258 489 1290 edidit
502 1259 742 1298 Marklandus,
766 1259 835 1299 qni,
861 1269 922 1300 pro
937 1269 1009 1291 voce
1033 1264 1176 1300 paterna,
1190 1261 1286 1293 malit
1301 1262 1418 1299 etiam,
1432 1272 1504 1293 voce
1517 1272 1686 1294 canora.—

228 1303 270 1331 65
307 1301 480 1332 Livendum
518 1302 633 1341 Musis,
668 1302 722 1333 vel
751 1302 926 1333 Dicendum
956 1303 1073 1342 Musis,
1109 1304 1259 1345 conjecit
1285 1304 1374 1336 idem
1404 1305 1686 1337 Marklandus.—-

229 1345 272 1374 66
297 1343 443 1375 Grandia
465 1354 518 1376 seu
538 1345 623 1376 molli
647 1345 763 1377 Parui.
808 1345 878 1377 Pro
893 1346 1027 1387 diducit,
1050 1346 1214 1378 Heinsius
1244 1347 1288 1378 ad
1318 1347 1421 1379 Ovid.
1446 1348 1545 1380 Rem.
1569 1347 1687 1380 Amor.

888 1438 1028 1471 NOTAE

226 1502 333 1534 hacce
347 1502 423 1543 ipsa
434 1503 564 1544 Ecloga
580 1513 682 1544 supra
699 1515 706 1534 :
729 1503 739 1522 ‘
755 1504 839 1535 Tuae
853 1513 928 1544 quae

226 1563 282 1585 me
307 1554 446 1586 vulnere
473 1555 594 1596 primo,
624 1556 796 1587 Intactum
821 1555 928 1586 thala-

225 1605 301 1646 mis,
313 1609 349 1636 et
363 1605 471 1636 adhuc
477 1606 633 1646 juvenile
647 1611 830 1647 vagantem
850 1606 927 1637 Fix-

226 1657 296 1695 isti,
313 1661 372 1688 tua
386 1656 494 1689 fraena
510 1657 645 1689 libens-¹
689 1657 758 1689 Ubi
774 1656 812 1689 τὸ
829 1658 839 1675 ‘
850 1659 928 1689 tna'

225 1707 372 1748 primum
398 1707 550 1740 refertur
565 1708 607 1740 ad
623 1707 662 1739 τὸ
677 1709 687 1726 ⁴
701 1707 833 1740 frama!
870 1707 927 1738 In-

225 1756 298 1789 fra:
315 1759 324 1775 ‘
335 1758 402 1790 Sed
415 1758 554 1790 venient
565 1758 686 1799 plenis,
700 1758 838 1790 venient
849 1767 928 1789 cou-

225 1807 343 1848 nubia,
373 1808 496 1840 taedis!
538 1810 616 1842 Quo
644 1809 793 1850 vulgaris
822 1809 927 1840 lectio

225 1859 284 1889 τοῦ
296 1860 373 1891 terit
389 1859 422 1890 in
445 1859 598 1891 secundo
620 1859 683 1891 lioc
705 1859 811 1891 etiam
828 1868 926 1891 versu

226 1908 353 1940 firmari
371 1914 499 1951 potest.

256 1963 299 1993 62
316 1961 566 1999 Pleni-emeruerit
578 1960 739 2000 connubia,
750 1960 855 2002 taedis]
868 1960 926 1992 Sic

223 2019 322 2042 coma
333 2011 448 2042 Earini
461 2021 470 2042 ε
495 2011 505 2028 ‘
521 2011 565 2042 Et
578 2011 679 2051 plena
691 2010 832 2042 dederat
846 2020 926 2041 con·

223 2060 329 2092 nubia
343 2060 489 2093 dextra!
534 2060 658 2101 Pleni-⁹]
679 2061 720 2092 Id
736 2065 803 2100 est,
816 2061 925 2101 auspi-

223 2111 418 2151 elatissimis,
431 2116 468 2143 et
493 2121 571 2152 quae
596 2111 822 2151 polliceantur
844 2109 926 2141 felix

224 2166 260 2192 et
285 2170 427 2193 concors
452 2161 717 2200 matrimonium,
733 2166 794 2193 aut
822 2161 925 2192 etiam

223 2211 492 2243 amantissimum
509 2221 550 2243 ac
565 2211 692 2244 eximia
708 2211 824 2252 specie
840 2221 926 2253 prae-

222 2261 332 2294 ditum
349 2264 519 2294 maritum.

265 2314 308 2344 64
330 2312 393 2344 Seu
407 2322 477 2344 voce
487 2315 620 2354 paterna
634 2312 826 2344 Discendum
848 2311 923 2343 Mu·

223 2364 270 2395 sis
283 2366 386 2404 sonat,
401 2367 432 2394 et
446 2373 513 2394 mea
529 2363 667 2395 carmina
680 2363 804 2405 flectit]
829 2363 922 2394 Hinc

222 2413 326 2444 etiarn
355 2418 450 2454 patet
472 2413 620 2454 priorem
646 2413 803 2445 maritum
822 2413 922 2445 Clau-

222 2463 289 2495 diae
304 2462 409 2494 fuisse
424 2463 607 2494 Musicum.
650 2463 782 2495 Plinius
802 2462 845 2494 de
862 2473 921 2494 ux-

221 2523 281 2546 ore
308 2523 379 2554 sna,
398 2514 555 2554 Epistola
571 2516 622 2546 19.
643 2514 722 2545 libri
739 2513 851 2556 quarti
877 2513 919 2543 ad

221 2563 439 2606 Hispullam:
471 2564 481 2581 ⁴
502 2564 632 2595 Versus
657 2563 798 2606 quidem
827 2573 920 2595 meos

220 2619 340 2646 cantat
355 2613 548 2655 formatque
562 2614 715 2646 eithara:

263 2668 306 2697 66
330 2665 461 2697 Diducit
483 2665 638 2706 [deducit]
670 2665 798 2696 brachia
822 2665 921 2706 motu]

219 2715 424 2756 Propertius
449 2715 507 2747 lib.
523 2725 565 2747 n.
592 2716 690 2757 Eleg.
715 2719 770 2748 22.
814 2716 823 2733 ‘
841 2717 919 2747 Sive

221 2765 352 2808 aliquis*
370 2766 461 2798 molli
495 2765 637 2798 deducit
674 2767 788 2798 mollia
819 2770 918 2807 gestu

983 1503 1153 1535 Brachia:
1178 1513 1237 1535 seu
1253 1503 1365 1536 varios
1390 1503 1510 1536 incinit
1531 1512 1592 1536 ore
1616 1512 1686 1535 mo-

983 1554 1066 1586 dos.'
1108 1555 1117 1571 ‘
1131 1555 1269 1586 Ducere
1284 1553 1293 1567 ¹
1317 1555 1407 1587 enim
1434 1560 1470 1587 et
1485 1555 1495 1572 ‘
1512 1554 1683 1587 deducere

983 1603 1120 1636 brachia
1144 1602 1154 1618 '
1183 1604 1217 1635 in
1247 1604 1444 1645 saltatione,
1472 1604 1562 1636 idem
1593 1604 1684 1646 quod
1746 1627 1748 1630 -

982 1663 1132 1686 movere.
1178 1654 1244 1686 Sed
1261 1659 1298 1686 et
1318 1654 1473 1696 ‘jactare
1487 1653 1496 1668 '
1512 1654 1685 1687 dicebant.

984 1704 1186 1748 Propertius
1198 1705 1259 1737 lib.
1273 1714 1323 1737 ιν.
1342 1706 1394 1738 El.
1409 1709 1440 1737 9.
1485 1706 1496 1724 ‘
1516 1706 1632 1737 Nanus
1647 1710 1684 1737 et

981 1756 1055 1797 ipse
1072 1766 1151 1788 suos
1167 1756 1320 1788 breviter
1335 1760 1517 1788 concretus
1530 1756 1564 1787 in
1577 1761 1684 1797 artus,

978 1807 1145 1839 Jactabat
1167 1811 1303 1838 truncas
1329 1807 1371 1838 ad
1397 1817 1481 1838 cava
1507 1807 1599 1838 buxa
1613 1817 1684 1839 ma·

979 1857 1067 1890 nus.'
1101 1857 1353 1888 Chironomiam
1368 1857 1546 1899 intelligit,
1561 1866 1682 1898 nempe

981 1907 1286 1948 gesticulationem,
1294 1912 1331 1938 et
1341 1907 1570 1948 saltationem,
1581 1906 1684 1939 affee-

981 1962 1048 1994 tus,
1063 1962 1097 1988 et
1114 1966 1226 1988 mores
1244 1966 1470 1999 personasque
1486 1957 1682 1998 exprimen-

982 2011 1065 2047 tem,
1080 2012 1117 2038 et
1132 2007 1229 2048 quasi
1250 2017 1441 2038 sermonem
1465 2007 1621 2048 tacitum,
1637 2007 1682 2040 de

981 2069 1048 2101 qua
1063 2058 1248 2091 Athenaeus
1263 2058 1323 2090 lib.
1340 2067 1409 2091 xu-
1453 2059 1623 2091 Lucianus
1637 2059 1682 2091 de

979 2110 1190 2140 Saltatione:
1215 2107 1343 2145 Ἀκούω,
1367 2107 1512 2150 ἄνθρωπε,
1531 2108 1552 2140 ἃ
1574 2111 1682 2150 ποιεῖς,

979 2160 1041 2200 οὐχ
1069 2160 1128 2201 ὁρῶ
1159 2158 1262 2199 μόνον,
1288 2158 1375 2191 ἀλλὰ
1401 2159 1454 2199 μοὶ
1485 2161 1584 2193 δοκεῖς
1613 2162 1683 2193 ταῖς

978 2210 1090 2252 χερσὶν
1111 2211 1219 2243 αὐταῖς
1233 2211 1357 2242 λαλεῖν.
1392 2211 1498 2242 Audio
1511 2206 1692 2252 quaesucisJ

978 2272 996 2293 o
1010 2262 1109 2300 homo,
1122 2271 1180 2292 non
1193 2261 1280 2292 video
1290 2261 1400 2300 solum,
1409 2262 1465 2292 sed
1473 2261 1551 2292 milii
1564 2262 1682 2293 viderie

976 2313 1054 2353 ipsis
1078 2312 1220 2343 manibus
1249 2311 1342 2353 loqui.
1367 2312 1400 2343 S.
1417 2312 1610 2353 Cyprianus
1637 2312 1679 2344 de

976 2362 1206 2404 spectaculis:
1229 2366 1239 2380 ¹
1258 2361 1363 2403 Loqui
1376 2361 1491 2403 digitis
1502 2362 1680 2396 elaborat?

976 2414 1147 2446 Martialis
1162 2414 1220 2445 lib.
1237 2422 1294 2445 ιιι.
1310 2414 1411 2455 Epig.
1423 2415 1478 2446 64.
1509 2413 1519 2430 ‘
1534 2414 1678 2446 Cantica

976 2464 1035 2505 qui
1053 2464 1138 2503 Nili,
1152 2464 1210 2505 qui
1232 2463 1407 2495 Gaditana
1429 2468 1593 2504 susurrat,
1607 2465 1677 2497 Qui

975 2519 1092 2545 movet
1116 2514 1150 2544 in
1178 2513 1289 2544 varios
1314 2513 1455 2545 brachia
1483 2514 1577 2545 vulsa
1604 2523 1675 2546 mo-

975 2563 1062 2596 dos.’
1106 2564 1313 2596 Petronius:
1350 2565 1362 2582 ‘
1378 2565 1483 2595 Manu
1513 2573 1599 2604 puer
1627 2566 1675 2597 lo-

975 2614 1098 2656 quaci!
1143 2613 1370 2646 Claudianus:
1393 2615 1405 2631 ‘
1421 2614 1489 2647 Qui
1505 2620 1591 2646 nutu
1606 2625 1675 2647 ma·

975 2666 1140 2708 nibusque
1158 2665 1305 2707 loquax.'
1332 2665 1399 2698 Qui
1415 2665 1606 2707 hujusmodi
1621 2677 1675 2700 ar-

976 2722 1044 2748 tem
1067 2715 1287 2755 exercebant,
1304 2715 1513 2748 vocabantur
1527 2718 1538 2735 ‘
1552 2718 1672 2750 Chiro·

973 2765 1087 2807 nomi,'
1102 2771 1139 2798 et
1154 2767 1162 2783 ‘
1175 2765 1404 2797 Pantomimi.'
