1800 3060
1548 201 1630 243 171

1574 305 1631 344 55

647 209 922 239 SYLVARUM
957 209 1052 238 Lis.
1076 209 1107 239 1.
1133 200 1174 240 5.

187 304 277 346 Hic
291 308 335 345 te
354 303 636 357 perspicuum
656 303 828 352 melius,
848 302 1074 353 Narcisse,
1095 303 1264 345 videres
1282 318 1292 356 ;

185 371 278 414 Hic
295 371 429 412 velox
451 370 624 412 Hecate
647 370 751 411 velit
770 375 816 411 et
835 369 1050 423 deprensa
1076 371 1229 412 lavari.

186 436 306 489 Quid
326 451 436 479 nunc
455 442 596 478 strata
616 439 714 479 solo
736 438 917 479 referam
939 437 1156 488 tabulata,
1180 442 1408 492 crepantes

185 504 403 546 Auditura
421 504 552 558 pilas,
574 505 651 545 ubi
666 504 898 558 languidus
919 504 1031 557 ignis
1051 505 1216 545 inerrat

187 625 339 666 Cytherea
359 625 461 656 mallet
483 625 566 656 nasci
580 635 620 657 ex
631 625 686 656 hoc
700 625 790 657 mar-i.
826 625 891 656 Hic
906 629 947 664 te,
965 624 1126 662 chisse,
1140 625 1256 657 clarius
1269 628 1433 664 spectares,
1445 628 1475 656 et
1489 626 1624 658 conside·

182 677 280 700 mres.
325 667 390 699 Hic
412 668 508 706 agitis
522 668 629 699 Diana
651 671 771 708 optaret
794 669 899 699 tavare
923 677 956 699 se
980 670 1010 698 et
1030 668 1225 708 deprehendi.
1271 668 1358 703 Quid
1372 678 1451 699 nunc
1464 678 1625 699 memorem

122 723 128 731 ·
180 710 365 752 pavimen,
379 710 525 742 auditum
535 714 708 742 resonantes
716 711 797 752 pilas
810 711 993 750 ludentium,
1005 709 1060 742 ubi
1072 711 1172 742 adhuc
1182 710 1292 742 debilis
1298 710 1430 752 flamma
1442 715 1576 751 vagatur
1590 712 1625 742 in

783 797 1021 812 ΟΝΜΝΟ

181 852 285 886 lectio
300 859 352 886 est
366 863 408 886 ex
424 853 623 894 conjectura
645 854 786 886 Adriani
802 854 955 887 Behottii
969 865 977 886 :
1002 854 1104 885 silent
1120 858 1231 885 tamen
1248 852 1494 884 editores.—56
1523 853 1622 884 Rom.

183 901 220 928 et
245 895 378 937 Grypb.
400 897 609 938 deprehem‚·
631 897 734 929 Aldd.
757 898 1052 938 depranam—57
1082 897 1167 932 Quid
1180 920 1188 928 .
1202 919 1210 927 .
1225 916 1253 928 ..
1269 894 1435 928 tabulata?
1456 895 1624 936 crepantis,

181 939 235 980 ξι.
257 937 359 972 Aldd.
376 939 481 972 Coliu.
499 939 703 981 Gryph.&c.
747 941 874 972 Mirum
898 945 952 972 est
967 940 1174 980 interpretes
1189 938 1231 969 ad
1247 938 1280 968 h.
1303 939 1324 969 1.
1348 939 1394 969 ita
1409 938 1567 969 haesisse:
1594 940 1621 969 si

183 981 405 1024 quantitatem
419 982 475 1014 τοῦ
487 983 567 1023 ptius
582 983 717 1024 paulum
734 983 1023 1019 considerassent,
1039 983 1170 1014 scirent
1185 982 1302 1013 saltem
1321 981 1461 1012 Poetam
1478 981 1562 1022 pilas
1575 981 1621 1012 lu-

826 1068 966 1102 NOTAE

922 1133 995 1164 neis
1024 1131 1205 1171 ludebant,
1234 1131 1369 1163 interim
1405 1130 1485 1163 dum
1514 1131 1620 1173 hypo-

921 1187 1038 1214 causta
1053 1183 1275 1214 calescerent.
1292 1181 1391 1214 Quod
1406 1187 1441 1212 ut
1453 1182 1620 1222 intelliga-

179 1132 308 1172 Venns,
322 1132 437 1164 manet
450 1132 544 1164 nasci
570 1143 612 1164 ex
634 1133 710 1173 hoc,
733 1143 832 1175 quam
848 1142 868 1165 e

178 1183 277 1224 mari,
290 1193 310 1215 e
325 1193 392 1225 quo
406 1188 489 1215 nata
503 1193 578 1215 esse
594 1184 730 1216 dicitur.

221 1237 262 1266 55
289 1233 446 1274 Nereine]
468 1234 560 1266 Nota
571 1234 688 1266 fabula
702 1234 868 1270 Narcissi,

180 1283 238 1326 qui
259 1283 447 1324 spectando
462 1293 498 1315 se
513 1283 548 1315 in
563 1284 748 1315 clarissimo
762 1282 870 1323 fonte,

177 1341 251 1376 prae
265 1333 366 1365 nimio
377 1334 429 1366 sui
444 1343 557 1366 amore
570 1334 756 1367 contabuit.
778 1333 866 1366 Vide

175 1383 286 1416 Theb.
298 1394 365 1416 vn.

218 1437 262 1467 56
283 1435 419 1476 Hecate]
441 1435 564 1469 Diana.
599 1435 724 1468 Velitet
738 1437 865 1477 depren-

175 1484 335 1525 ulnam-i]
358 1486 466 1517 Notat
481 1485 642 1522 fabulam,
658 1496 726 1528 qua
740 1486 865 1518 dicitur

175 1537 316 1570 Dianam
333 1542 429 1569 tauta
442 1538 492 1569 ira
501 1538 668 1570 exarsisse
682 1538 713 1569 in
731 1537 865 1569 Actaeo·

176 1596 266 1627 nem,
294 1587 382 1629 qnod
409 1597 445 1619 se
474 1588 594 1619 nudam
632 1588 801 1619 lavantem
830 1588 864 1618 in

176 1635 273 1669 fonte
286 1637 482 1679 Gargaphie
491 1636 768 1678 deprehenderit,
782 1636 865 1668 utin

174 1695 312 1719 cervum
325 1688 418 1719 illum
434 1687 627 1719 mutaverit.

173 1757 177 1759 -
215 1739 260 1768 67
278 1735 452 1778 'crepantes
469 1737 629 1768 Auditum
639 1736 737 1779 pilas]
761 1737 863 1769 Hunc

170 1787 284 1827 ham
309 1788 402 1819 varie
440 1788 617 1828 explicant
645 1788 863 1829 interpretes.

168 1834 384 1877 Bernartius,
395 1837 437 1870 'nt
450 1842 487 1869 et
501 1838 730 1879 Mercurialis,
743 1843 778 1870 et
790 1839 863 1870 Coe-

170 1886 236 1919 llus
261 1887 471 1929 Rhodiginus
502 1897 564 1929 per
590 1892 751 1929 crepantes
769 1889 863 1929 filas,

171 1928 300 1978 giumo·
329 1937 406 1978 pice
431 1938 538 1969 initos
565 1937 708 1979 intelligi
745 1938 863 1969 existi-

170 1990 279 2027 mant,
292 1997 375 2029 quos
389 1987 423 2018 in
446 1987 558 2028 ignem
576 1988 770 2020 balneorum
785 1998 862 2019 con·

165 2035 276 2078 §icere
304 2036 472 2074 solebant,
500 2038 606 2069 sicubi
630 2037 721 2070 forte
742 2039 860 2070 restin-

172 2090 345 2127 gueretur,
371 2091 407 2119 et
425 2086 598 2119 adducunt
621 2089 731 2120 locum
746 2089 859 2120 Vitru—

171 2136 218 2168 vii
231 2136 293 2169 lib.
306 2145 341 2168 v.
360 2137 418 2168 ubi
442 2137 511 2168 ait:
536 2138 547 2155 ‘
560 2137 780 2178 Suspensurae
795 2140 861 2170 cal-

171 2185 341 2218 dariorum
365 2187 413 2217 ita
436 2191 516 2218 sunt
539 2185 714 2228 facienda»,
730 2193 769 2220 ut
793 2189 862 2229 pri-

171 2245 262 2268 mum
288 2235 577 2278 sesquipedalibus
605 2238 726 2277 tegulis
756 2240 861 2270 solum

167 2290 342 2318 sternatur
372 2285 569 2318 inclinatum
601 2286 644 2317 ad
677 2287 863 2328 hypocaus-

170 2339 254 2376 tum,
282 2336 330 2367 nti
362 2336 431 2376 pila
454 2346 531 2368 cum
555 2337 770 2378 immittatur,
795 2348 860 2370 nou

169 2386 278 2428 possit
299 2387 390 2418 intus
415 2386 599 2420 resistere!
643 2387 859 2420 Robortellns

168 2435 280 2468 fulcra
293 2437 464 2478 intelligit,
474 2447 532 2468 seu
544 2446 663 2482 parvas
673 2439 858 2479 columnas,

167 2496 243 2529 que
253 2492 349 2519 certo
363 2488 480 2519 ordine
495 2488 672 2519 collocatae
686 2488 858 2529 pavimen-

167 2542 240 2570 tum
255 2537 449 2569 balnearum
473 2538 698 2578 sustinebant,
721 2543 759 2570 ut
783 2539 858 2571 fuse

169 2589 311 2629 exponit
339 2589 373 2620 in
399 2589 628 2629 descriptione
657 2590 854 2622 sudationis

164 2637 316 2671 Pisana.
360 2639 528 2671 Domitius
561 2640 722 2681 intelligit
753 2642 856 2681 pilam

167 2697 356 2723 concavam.
390 2690 570 2722 Turnebus
582 2691 728 2733 denique
744 2697 779 2723 et
791 2692 858 2723 Ge-

167 2738 292 2771 vai-tius
317 2739 403 2781 pilas
426 2741 581 2782 lusorias,
600 2741 722 2784 quibus
738 2741 773 2773 in
788 2742 857 2774 bal·

922 1238 988 1274 tur,
999 1233 1246 1265 observandum
1260 1239 1326 1271 est,
1336 1232 1522 1272 Trigonem
1536 1231 1620 1264 fnis-

920 1293 970 1323 se,
998 1283 1273 1324 Spbaeristerium
1299 1282 1468 1324 quoddam
1495 1283 1527 1314 in
1550 1282 1620 1314 bal-

920 1343 996 1374 neo,
1011 1334 1061 1365 sic
1077 1333 1206 1365 dictum
1223 1334 1276 1365 vel
1296 1333 1386 1374 quod
1414 1333 1617 1374 triquetram

918 1395 978 1417 seu
1007 1386 1253 1426 triangularem
1290 1385 1433 1416 haberet
1462 1384 1621 1426 figuram,

919 1446 1018 1478 quam
1030 1436 1181 1477 τρίγωνον
1190 1440 1312 1467 vocant
1325 1435 1452 1475 Graeci,
1463 1435 1516 1467 vel
1526 1436 1618 1477 qnod

917 1486 1075 1518 ludentes
1097 1496 1138 1518 eo
1162 1487 1229 1517 situ
1256 1490 1397 1523 starent,
1413 1490 1450 1517 nt
1466 1486 1618 1526 triangu-

918 1537 986 1568 lum
1009 1535 1197 1569 efficerent.
1242 1536 1299 1567 Ad
1319 1534 1508 1575 hujusmodi
1537 1535 1616 1576 piiae

918 1587 1024 1619 lusum
1040 1592 1288 1626 constructum,
1304 1595 1344 1617 ac
1360 1585 1513 1626 tepidum
1528 1594 1617 1616 sem—

918 1648 981 1679 per
992 1643 1067 1670 erat
1083 1637 1128 1669 ob
1140 1636 1339 1678 adjunctum
1354 1636 1618 1677 hypocaustnm,

917 1698 962 1720 ne
986 1688 1082 1720 exuti
1107 1687 1150 1719 ad
1174 1687 1356 1718 ludendum
1379 1686 1531 1717 homines
1546 1690 1616 1718 sta-

918 1738 979 1770 tim
1003 1738 1168 1780 algerent.
1215 1736 1269 1768 Ad
1293 1737 1382 1768 bunc
1399 1737 1510 1768 locum
1536 1745 1617 1767 con-

915 1787 1080 1828 fluebant,
1105 1798 1145 1820 ac
1172 1787 1348 1827 ludebant,
1376 1787 1507 1818 interea
1533 1786 1614 1818 dum

914 1838 1124 1879 hypocausta
1132 1842 1168 1870 et
1181 1837 1380 1868 sudationes
1392 1837 1615 1868 calescerent.

915 1889 1015 1922 Quod
1044 1888 1214 1929 expressit
1243 1887 1372 1919 Statius
1400 1887 1450 1918 his
1479 1887 1611 1919 verbis:

915 1939 999 1970 ‘Ubi
1016 1937 1194 1979 languidus
1211 1938 1300 1977 ignis
1315 1937 1446 1969 inerrat
1458 1936 1614 1977 indibus,

915 1993 952 2019 et
967 1992 1103 2019 tenuem
1119 1987 1260 2018 volvunt
1284 1987 1613 2027 hypocaustavapo·

915 2038 1010 2070 rem.’
1039 2038 1138 2070 Unde
1155 2037 1327 2069 Martialis
1339 2037 1398 2069 lib.
1409 2046 1461 2069 iv.
1477 2038 1543 2078 Ep.
1560 2040 1613 2069 19.

915 2089 925 2106 ⁴
935 2089 1003 2120 Seu
1019 2089 1146 2120 lentum
1159 2097 1294 2119 ceroma
1305 2088 1401 2127 teris,
1413 2087 1612 2127 tepidumve

914 2138 1071 2178 trigona!
1107 2139 1152 2170 Et
1170 2138 1227 2169 lib.
1243 2146 1311 2170 xn.
1342 2138 1407 2177 Ep.
1423 2139 1476 2169 84.
1499 2138 1510 2154 ‘
1523 2137 1612 2178 Cap-

916 2190 1012 2222 tabat
1027 2190 1180 2231 tepidum
1197 2189 1319 2220 dextra
1338 2190 1492 2230 laevaque
1508 2189 1612 2230 trigo-

914 2250 1004 2280 nem,
1030 2240 1186 2280 Imputet
1208 2243 1370 2279 exceptas
1386 2243 1423 2268 ut
1440 2237 1502 2269 tibi
1518 2248 1612 2280 saepe

915 2290 1029 2332 pilas!
1073 2292 1157 2322 Cum
1188 2297 1301 2322 autem
1325 2290 1537 2331 hypocausta
1559 2299 1612 2322 sa-

914 2341 958 2372 tis
986 2341 1210 2380 incaluerant,
1234 2341 1311 2372 aeris
1340 2340 1453 2371 sonitu
1475 2340 1609 2381 signnm

912 2391 1072 2430 dabatur,
1101 2401 1169 2432 quo
1196 2391 1238 2421 ad
1267 2390 1422 2421 balneum
1443 2391 1610 2422 vocaban-

913 2446 979 2472 tur.
1025 2441 1116 2472 Hinc
1139 2440 1310 2472 Martialis
1325 2439 1386 2471 lib.
1403 2449 1482 2472 xiv.
1505 2441 1606 2482 Epig.

912 2493 986 2522 163.
1031 2491 1041 2508 ‘
1057 2490 1176 2521 Redde
1191 2490 1293 2531 pilam
1307 2501 1316 2521 ε
1339 2494 1440 2520 sonat
1455 2499 1501 2521 aes
1517 2490 1609 2521 ther·

910 2551 1064 2572 marum:
1087 2539 1206 2572 ludere
1222 2540 1358 2581 pergis?
1395 2540 1536 2580 Virgine
1558 2541 1608 2571 vis

911 2592 983 2622 sola
1010 2592 1100 2621 lotus
1124 2590 1220 2621 abire
1234 2590 1390 2622 domum!
1435 2590 1608 2622 Dicuntur

910 2646 1023 2671 antem
1050 2643 1208 2681 crepantes
1230 2640 1314 2681 pilae,
1334 2640 1413 2681 quia
1435 2640 1514 2671 dum
1536 2641 1607 2681 pila

910 2689 1054 2721 datatim
1070 2698 1154 2720 cava
1173 2699 1275 2721 mauu
1291 2688 1459 2728 redditur,
1472 2689 1606 2730 excipi-

910 2745 1023 2782 tune,
1052 2740 1219 2783 crepitum
1242 2740 1347 2773 edere
1368 2740 1468 2773 solet.
1511 2741 1604 2774 Hinc
