1800 3060
248 209 335 252 416

682 390 755 421 111.

751 218 791 251 Ρ.
826 219 1015 252 ΡΑΡῙΝΠ
1050 218 1215 252 ΒΤΑἸῚΙ

816 392 900 422 vm
934 386 1268 432 DOMITIANA.†

606 467 706 499 Viam
725 469 961 501 Domitianam
979 469 1064 501 mira
1080 474 1152 502 arte
1168 469 1344 502 describit.

368 548 497 600 QUIS
519 548 616 591 duri
637 549 779 591 silicis
798 551 1030 606 gravisque
1050 551 1151 592 ferri

367 617 583 659 Immanis
605 623 742 659 sonus
764 620 933 673 aequori
954 619 1252 674 propinquum
1284 632 1287 634 ’

367 685 556 727 Saxosae
576 685 695 727 latus
716 685 884 740 Appiae
905 686 1120 741 replevit?

366 752 498 794 Certe
518 765 609 794 non
628 752 813 808 Libycae
835 758 995 795 sonant
1011 758 1215 804 catervae,

367 819 469 862 Nec
489 820 583 863 dux
601 820 787 872 advena,
808 820 1002 875 pejerate
1021 821 1153 872 bello,
1671 822 1712 868 ‚5

299 950 380 988 Quis
393 951 552 984 hom-ibitis
575 953 710 994 crepitus
731 952 805 984 duri
817 952 917 984 silicis
942 955 973 984 et
992 952 1158 993 ponderosi
1178 951 1282 984 mallei
1296 951 1399 991 sem-ei
1413 952 1542 994 replevit
1555 953 1639 984 latus
1651 952 1712 984 vioe

252 994 365 1035 Appioe
378 994 532 1038 lapidum
545 999 668 1037 strutoe,
676 997 757 1037 quod
767 995 904 1027 vicinum
915 999 963 1027 est
976 995 1081 1027 mori?
1099 996 1191 1028 Certe
1198 994 1363 1035 Africana
1373 995 1470 1036 copioe
1483 1005 1544 1027 non
1557 998 1712 1037 strepunt,

861 1090 999 1102 eeeeeee

1001 1089 1099 1102 00000

299 1158 315 1187 1
342 1155 422 1192 Quis
436 1157 523 1188 duroe
537 1156 635 1188 silicis
659 1157 780 1198 scripti
796 1157 896 1189 codd.
916 1157 1130 1189 Barthii.—2
1153 1156 1307 1188 Immonis
1318 1155 1402 1188 sonis
1414 1155 1548 1196 oequoris
1562 1155 1659 1188 Rom.
1676 1160 1713 1188 et

251 1204 322 1230 vet.
338 1198 605 1240 Lindenbrogii;
630 1200 766 1231 Immani
785 1201 870 1232 sonis
890 1201 1009 1241 aequori
1023 1201 1214 1232 Parm.—⁵.
1231 1202 1253 1231 6
1276 1199 1364 1230 Edd.
1381 1203 1463 1231 vett.
1478 1198 1619 1231 Venett.
1635 1201 1665 1230 1.
1678 1202 1711 1230 2.

253 1244 286 1273 3.
302 1244 335 1274 4.
351 1242 467 1275 Parm.
479 1243 576 1275 Rom.
594 1243 733 1276 vicent.
747 1243 845 1275 Brix.
861 1242 965 1276 Aldd.
982 1243 1090 1276 Colin.
1106 1248 1142 1275 et
1153 1242 1288 1284 Gryph.
1300 1241 1447 1274 habent:
1468 1241 1626 1283 peierante
1636 1241 1711 1274 bello

910 1339 1056 1373 NOTAE

297 1405 311 1436 †
339 1402 400 1435 Via
416 1402 616 1445 Domitiana]
639 1404 719 1444 Via,
733 1414 811 1447 quae
834 1415 854 1437 a
868 1406 955 1438 late-

251 1463 290 1487 re
307 1454 371 1486 viae
388 1453 528 1496 Appiae‚
543 1455 754 1488 descendens
768 1466 860 1488 mare
877 1466 955 1488 ver-

253 1515 321 1546 sus,
337 1506 461 1537 Cumas
476 1510 512 1537 et
527 1506 692 1539 Puteolos
708 1507 867 1547 ducebat,
883 1512 957 1539 tan-

252 1561 325 1588 tum
350 1556 438 1587 coeni
460 1561 680 1588 contraxerat
701 1567 744 1589 ex
766 1557 958 1589 inundatio·

253 1607 352 1638 nibus
379 1606 567 1639 vicinorum
589 1606 781 1648 fluviorum,
796 1607 965 1641 Vulturni

253 1657 415 1693 maxime,
443 1661 483 1689 ut
511 1658 590 1689 illac
618 1658 692 1689 sine
722 1668 846 1699 magno
876 1658 957 1690 vitae

253 1707 449 1739 discrimine
461 1708 598 1739 transiri
609 1717 675 1739 non
688 1712 839 1749 poterat.
856 1708 957 1740 Hanc

253 1757 359 1799 igitur
374 1757 595 1789 Domitianus
611 1758 723 1789 curari
734 1758 841 1799 jussit
855 1767 896 1790 ac
911 1758 956 1789 la-

253 1807 392 1849 pidibus
422 1808 544 1847 sterni,
580 1807 879 1850 Domitianamque
911 1818 956 1840 ex

254 1867 316 1890 suo
332 1857 468 1889 nomine
484 1856 633 1889 vocavit.
679 1858 789 1899 Hujus
805 1859 868 1889 viae
883 1858 956 1889 Do-

252 1908 407 1940 mitianae
422 1907 578 1939 meminit
601 1907 672 1939 Dio
696 1908 789 1948 apud
812 1908 959 1949 Xipbili-

252 1967 334 1990 num
350 1958 384 1989 in
399 1957 613 1990 Domitiano.
658 1959 825 2000 Reliquiae
848 1959 958 1990 adhuc

253 2009 353 2050 hujus
370 2009 525 2039 visuntur
539 2019 548 2039 ε
573 2018 638 2040 nec
653 2018 718 2040 non
731 2009 858 2050 lapidei
874 2019 957 2050 pon-

253 2060 298 2091 tis
313 2059 422 2091 ruinae
438 2058 471 2090 in
486 2059 671 2099 Vulturno,
697 2069 796 2101 quem
819 2064 959 2099 pontem

254 2110 408 2143 construi
431 2109 536 2141 etiam
555 2109 709 2149 jusserat
731 2110 962 2149 Domitianus,

253 2165 294 2192 ut
308 2159 399 2192 infra
411 2159 595 2192 videbitur.
639 2159 770 2191 Confici
783 2160 886 2191 etiam
901 2170 958 2192 cu-

253 2210 344 2242 ravit
362 2209 577 2241 Domitianus
593 2209 682 2240 viam
696 2209 732 2240 in
744 2210 927 2250 Hispania,
940 2219 961 2240 a

253 2267 353 2303 patre
370 2260 508 2303 quidem
523 2260 725 2300 inchoatam,
734 2261 793 2292 sed
806 2261 957 2302 nequitia

253 2312 513 2354 publicanorum
540 2310 724 2343 infectam:
755 2316 795 2343 ut
820 2311 958 2343 videtur

223 2357 236 2365 ’
254 2371 299 2394 ex
313 2362 470 2404 sequenti
487 2362 725 2402 inscriptione,
737 2371 814 2403 quae
830 2362 959 2403 legitur

254 2412 406 2444 Medinae
419 2412 452 2442 in
469 2413 645 2443 columna:
662 2421 743 2444 me.
757 2420 959 2444 nonnum.

255 2471 357 2495 vnsr.
379 2471 476 2494 emes.
497 2471 584 2494 Auo.
598 2471 716 2494 GERMs
744 2471 778 2494 Ρ.
804 2472 845 2494 Μ.
867 2471 958 2494 opus

256 2521 415 2546 annau.
433 2521 622 2546 NEQUt'rlA.
638 2522 887 2545 PunnrcAnon.
904 2522 959 2544 m-

255 2570 414 2595 rem-um.
438 2571 495 2593 EA.
526 2571 656 2594 GENTE.
679 2572 790 2609 ΜΑιΕ.
811 2572 960 2595 MULTAT

258 2622 315 2646 m.
344 2621 454 2645 οΜΝι.
497 2622 549 2645 m.
595 2622 799 2645 PosTERUM.
839 2623 959 2646 MUNE-

258 2673 319 2696 mz.
335 2672 507 2696 minuce.
531 2672 630 2695 Pluv.
659 2673 820 2696 conr-'ren
839 2672 958 2696 Jussrr

258 2723 447 2746 Lxxxvnl.

302 2767 319 2795 l
346 2765 426 2800 Quis
440 2765 512 2796 duri
525 2764 636 2805 silicis,
657 2765 729 2807 ἐγὼ]
765 2765 843 2798 Hoc
859 2765 892 2797 in
909 2765 958 2797 lo·

1009 1415 1051 1437 co
1086 1403 1260 1437 ‘silicem’
1288 1409 1389 1436 vocat
1415 1403 1595 1445 Papinius,
1621 1404 1711 1445 quod

1009 1455 1100 1487 infra
1122 1457 1132 1474 ‘
1147 1455 1285 1487 saxum'
1306 1455 1370 1487 hoc
1400 1464 1500 1486 versu
1527 1454 1605 1486 ‘Illi
1630 1465 1713 1486 saxa

1008 1507 1132 1547 ligant,
1147 1515 1302 1548 opusque
1316 1505 1483 1537 nectunt?
1528 1506 1578 1537 Ea
1605 1506 1713 1538 solum

1012 1556 1104 1589 inter
1119 1552 1301 1598 utrumque
1323 1554 1528 1593 differentia,
1549 1556 1639 1597 quod
1655 1566 1713 1588 vo·

1013 1610 1173 1642 eubulum
1200 1607 1318 1640 ‘saxi’
1341 1607 1444 1639 latius
1470 1607 1627 1647 sumitur,
1647 1607 1712 1638 ‘si-

1012 1660 1106 1692 licis’
1123 1670 1203 1691 vero
1215 1658 1386 1691 strictius:
1404 1667 1480 1690 nam
1491 1657 1712 1700 per‘saxum'

1013 1711 1221 1752 intelligitur
1249 1709 1357 1740 omnis
1388 1708 1474 1750 lapis
1505 1708 1714 1749 durissimus,

1013 1772 1076 1803 per
1099 1762 1109 1779 ‘
1121 1759 1271 1793 silicem'
1294 1769 1376 1790 vero
1388 1760 1415 1791 is
1431 1763 1576 1799 tantum,
1587 1769 1631 1790 ex
1645 1769 1712 1801 quo

1011 1812 1099 1852 ignis
1116 1810 1303 1843 excutitur.
1330 1809 1398 1840 Hic
1413 1809 1516 1840 etiam
1529 1808 1712 1840 observan-

1010 1862 1091 1894 dum
1107 1866 1172 1902 est,
1187 1862 1259 1893 vias
1280 1862 1314 1893 in
1331 1862 1416 1893 urbe
1437 1861 1544 1892 Roma
1566 1859 1713 1900 primum

1011 1913 1108 1943 silice
1139 1917 1271 1943 tantum
1306 1917 1434 1943 stratas
1471 1910 1586 1950 fuisse,
1614 1914 1716 1941 extra.

1011 1972 1091 1994 vero
1117 1963 1170 1994 vel
1194 1964 1265 1994 sola
1290 1963 1416 2004 glarea,
1431 1962 1484 1993 vel
1501 1959 1626 2002 partim
1642 1960 1712 2001 gla-

1012 2021 1085 2052 rea,
1101 2013 1226 2053 partim
1251 2013 1359 2052 silice,
1372 2016 1412 2043 ut
1434 2021 1478 2043 ex
1499 2010 1632 2042 Tibullo
1653 2010 1713 2042 lib.

1015 2072 1042 2094 1.
1065 2063 1161 2103 Eleg.
1178 2066 1209 2094 8.
1222 2067 1259 2095 et
1274 2063 1391 2094 Plinio
1407 2061 1623 2094 manifestum
1637 2065 1712 2093 est:

1013 2112 1260 2154 posterioribus
1272 2122 1355 2144 vero
1371 2111 1582 2152 temporibus
1597 2119 1714 2142 omnes

1012 2161 1162 2193 silicibus
1178 2165 1303 2193 stratas
1318 2160 1438 2200 fuisse,
1453 2164 1492 2192 ut
1505 2170 1620 2192 earum
1636 2169 1712 2202 quae
1732 2167 1738 2171 ·

1013 2211 1124 2244 adhuc
1151 2217 1227 2244 tota
1243 2212 1346 2244 ltalia
1358 2216 1544 2253 supersunt
1569 2211 1715 2252 vestigia

1010 2261 1176 2294 indicant.

1053 2314 1074 2342 2
1097 2311 1230 2352 AEquon·
1252 2312 1471 2353 propinquum]
1494 2311 1584 2343 Nam
1607 2311 1662 2342 viu
1675 2311 1716 2342 il-

1011 2362 1046 2392 la
1075 2361 1198 2394 Cumas
1237 2367 1273 2394 et
1309 2362 1487 2402 Puteolos,
1525 2361 1630 2394 nrbes
1666 2362 1711 2394 ad

1011 2421 1106 2443 mare
1121 2413 1215 2452 sitas,
1230 2412 1402 2452 ducebat3
1425 2412 1504 2445 ideo
1523 2417 1627 2444 vocat
1641 2422 1710 2452 pro-

1010 2462 1161 2503 pinquum
1175 2463 1293 2503 aequori
1305 2463 1398 2494 latus.
1438 2466 1458 2477 ⁹

1057 2515 1076 2543 3
1098 2512 1227 2553 Appioe]
1248 2513 1379 2554 Supple
1398 2512 1485 2544 Viae.
1529 2510 1618 2543 Vide
1630 2511 1712 2544 Sur-

1015 2564 1215 2595 rentiniivS.
1233 2566 1285 2595 12.

1055 2618 1077 2646 4
1099 2614 1225 2655 Libyca
1239 2612 1386 2654 caterva]
1416 2611 1712 2654 Carthaginienses

1013 2665 1188 2696 exercitus
1203 2665 1290 2695 duce
1305 2662 1510 2695 Hannibale.

1057 2718 1076 2746 5
1100 2714 1181 2746 Dux
1205 2715 1334 2754 adema,
1346 2712 1482 2754 peierante
1505 2713 1595 2756 hello]
1617 2713 1713 2746 Han-

1009 2764 1101 2798 nibal
1131 2768 1198 2806 est,
1227 2763 1296 2805 cui,
1324 2768 1363 2796 ut
1384 2763 1574 2805 scriptores
1595 2773 1710 2798 omnes
