1800 3060
625 211 903 249 svnvanusi
938 214 1033 244 mn.
1067 213 1097 243 ι.
1127 202 1174 242 6.’

1541 198 1624 241 183

403 314 492 358 Hic
513 314 638 369 plebs
659 311 851 359 scenica,
870 308 1036 363 quique
1056 306 1338 348 comminutis

401 383 659 424 Permutant
678 378 830 420 vitreis
848 375 1021 431 gregale
1039 374 1198 416 sulfur.

399 450 519 492 Inter
536 461 638 502 quae
659 447 808 488 subito
827 444 991 487 cadunt
1008 443 1161 484 volatu

1565 439 1623 482 75

401 517 637 559 Immensae
659 515 881 557 volucrum
904 524 984 566 per
1004 514 1120 553 astra
1139 508 1294 558 nubes,

401 582 530 634 Quas
552 582 685 623 Nilus
703 593 847 630 sacer,
866 578 1161 631 horridusque
1186 575 1359 623 Phasis,

402 649 530 701 Quas
548 649 638 690 udo
661 647 870 690 Numidae
891 647 1040 699 legunt
1059 645 1143 686 sub
1165 642 1345 684 Austro.

403 717 580 759 Desunt
599 716 676 771 qui
696 716 898 770 rapiant3

176 840 280 868 cana:
302 836 366 868 illic
376 845 491 876 greges

178 879 240 911 vile
253 878 353 917 sulfur
368 879 486 918 fractis
507 879 629 910 citreis.
673 877 761 908 Inter

505 835 655 878 Syrorum
665 836 853 876 personant.-
874 833 925 864 hie:
939 833 1049 873 vulgus
1294 872 1301 878 ¹
1430 870 1437 877 ·
1580 872 1587 878 ·

784 885 863 917 φη,
886 876 1034 909 immenso
1059 873 1224 905 multitudo
1249 881 1354 903 astum
1368 871 1452 902 cadat
1466 873 1626 910 repentino

920 714 1132 766 sinusque
1153 710 1270 765 pleni

1061 831 1225 866 theatrale.
1241 833 1271 861 et
1287 828 1364 860 illud
1379 827 1457 868 quod
1468 830 1626 867 par-stat

178 921 294 963 volatu,
313 931 387 963 qm
408 930 494 953 sacer
510 921 615 958 Nilus,
638 923 671 952 ee
694 919 782 951 airu
808 918 934 957 Phasis,
956 927 1034 959 quas
1058 917 1203 949 Numidoe
1224 914 1350 956 capiunt
1365 913 1420 944 sub
1435 914 1494 944 udo
1507 915 1626 944 austro.

779 1003 895 1016 “0000

898 1002 1020 1015 ‘W‘

180 1058 258 1091 edd.
273 1064 356 1092 vett.
388 1059 446 1091 1110
467 1059 616 1091 correxit
631 1057 845 1090 MarkL—74
870 1056 1034 1088 Permutat
1051 1054 1154 1088 Aldd.
1172 1054 1282 1087 Colin.
1298 1053 1434 1094 Gryph.
1456 1055 1522 1084 &m
1547 1052 1627 1084 Per-

179 1105 300 1134 asem
326 1103 447 1134 venet.
474 1106 503 1134 l.
528 1107 565 1134 et
590 1102 706 1133 Parm.
733 1099 837 1142 quod,
858 1099 1004 1140 jubente
1030 1097 1250 1134 Marklando,
1274 1096 1375 1139 primi
1403 1101 1628 1137 reposuerunt

829 1183 974 1215 NOTAE

182 1248 391 1291 Capitolinus
414 1249 535 1281 Vero:
569 1249 579 1267 ⁴
593 1247 794 1281 Adduxerat
825 1256 874 1278 se-

180 1310 256 1334 cum
278 1305 315 1334 et
336 1299 514 1341 fidncinas,
526 1304 564 1333 et
579 1299 749 1338 tibicines,
762 1303 798 1330 et
812 1299 876 1330 his-

180 1350 320 1390 triones,
333 1354 369 1382 et
383 1350 497 1382 omnia
512 1350 756 1391 mancipiorum
774 1358 875 1390 gene-

181 1410 232 1441 ra,
246 1409 385 1442 qnorum
400 1399 498 1442 Syria
519 1404 556 1432 et
578 1399 784 1432 Alexandria
799 1409 875 1440 pas-

180 1450 270 1482 citur
285 1449 483 1491 voluptate!
525 1450 703 1483 Juvenalis
731 1450 802 1482 Sat.
818 1458 876 1482 ιιι.

181 1500 283 1534 ‘Jam
310 1501 441 1543 pridem
465 1502 571 1542 Syrus
595 1502 630 1534 in
648 1501 794 1534 Tiberim
816 1501 875 1533 de-

182 1549 283 1584 fluxit
297 1551 447 1585 Orontes
468 1553 514 1584 Et
528 1552 689 1593 linguam,
703 1558 739 1584 et
753 1562 876 1593 mores,

184 1606 221 1634 et
249 1611 323 1634 cum
352 1600 492 1634 tibicine
526 1602 669 1634 chordas
699 1602 877 1644 Obliquas,

183 1659 248 1684 nec
261 1660 328 1683 non
340 1651 481 1693 gentilia
491 1656 654 1694 tympana
664 1661 779 1684 secum
789 1653 878 1684 Vex-

185 1701 235 1734 it!
287 1702 366 1743 Syri
401 1711 494 1742 vero,
528 1711 571 1733 ex
605 1702 703 1743 Syria
738 1702 877 1743 regione

185 1751 291 1793 Asia»,
307 1761 382 1794 quae
397 1752 511 1784 Plinio
526 1752 693 1794 quondam
709 1757 877 1784 terrarum

183 1802 331 1834 maxima
345 1803 471 1834 dicitur
489 1808 525 1834 et
549 1803 701 1843 pluribus
714 1803 879 1835 distincta

186 1852 397 1884 nominibus:
431 1861 507 1883 nam
537 1852 756 1884 Palaestinam
787 1862 878 1884 com-

185 1901 380 1943 prehendit,
402 1901 572 1942 Judaeum,
588 1907 625 1933 et
642 1903 878 1944 Coelesyriam,

187 1952 464 1994 Pboeniciamque
477 1963 488 1991 ς
510 1958 547 1984 et
560 1963 624 1994 qua
633 1953 764 1985 recedit
774 1954 878 1994 intus,

185 2001 444 2041 Damaseenam,
459 2001 695 2043 Babyloniam,
719 2003 878 2043 Mesopo-

189 2052 339 2092 tamiam,
347 2052 542 2092 Sophenen,
555 2053 783 2094 Comagenen,
794 2053 879 2085 Adi-

187 2101 345 2134 abenem.
387 2101 530 2143 Assyria
551 2107 631 2134 ante
654 2103 746 2135 dicta
769 2108 806 2135 et
820 2104 879 2136 ubi

190 2151 346 2184 Ciliciam
382 2152 531 2193 attingit,
563 2152 759 2186 Antiochia.
811 2154 880 2186 Sed

189 2211 259 2234 non
272 2206 343 2234 tam
353 2202 423 2234 late
438 2206 534 2244 patet
542 2203 663 2244 Syria3
683 2208 881 2247 constatque

190 2257 340 2292 veteres,
363 2256 433 2284 tam
455 2252 596 2284 Graecos
609 2263 709 2295 quam
729 2254 881 2296 Latinos,

187 2303 294 2343 Syros
320 2306 356 2334 et
381 2301 552 2344 Assyrios,
571 2303 701 2344 Syriam
724 2309 760 2336 et
782 2305 883 2347 Assy-

189 2352 274 2384 riam
301 2350 509 2394 confudisse,
530 2362 697 2395 unamque
717 2355 821 2386 solam
836 2365 880 2388 ex

172 2441 179 2447 ⁶
189 2402 232 2434 iis
246 2402 376 2434 duabus
387 2407 425 2434 et
436 2402 599 2434 chaldaea
610 2401 744 2435 fecisse.

231 2454 275 2484 ⁶13
313 2452 433 2494 Quique
465 2452 660 2484 comatis
693 2454 882 2488 Per-mutant

191 2502 301 2534 uitreis
319 2503 448 2542 gregale
462 2501 579 2542 διαζῆν]
601 2503 719 2534 Innuit
734 2503 883 2537 infimam

191 2551 414 2592 plebeculam,
429 2552 463 2582 in
478 2561 544 2593 qua
558 2553 656 2584 multi
677 2554 783 2586 vitam
799 2557 883 2587 tole-

190 2601 313 2634 rabant
327 2602 578 2642 permutatione
602 2603 723 2635 mercis
737 2604 885 2637 sulfura·

196 2656 252 2690 ιε,
270 2661 347 2684 cum
368 2657 470 2694 rupto
484 2652 593 2684 vitro:
617 2653 752 2695 signate
766 2656 885 2688 exules

195 2701 307 2734 sudaei
347 2703 465 2734 Roma».
493 2703 735 2739 mendicantes.
794 2707 885 2739 Vide

197 2750 382 2786 Martialis:
416 2752 505 2786 ‘Qui
533 2753 696 2795 pallentia
721 2755 888 2789 sulfurato.

929 1245 1049 1279 fractis
1066 1247 1249 1279 Permutat
1264 1244 1406 1278 vitreis!
1428 1244 1523 1277 Idem
1538 1255 1545 1276 :
1570 1243 1580 1262 ‘
1596 1242 1629 1275 A

928 1301 1037 1328 matre
1067 1297 1190 1329 doctus
1221 1306 1286 1328 nee
1316 1304 1438 1337 rogare
1473 1294 1630 1333 Judaeus,

930 1347 1006 1378 Nec
1023 1346 1198 1380 sulfuratae
1210 1347 1324 1388 lippus
1337 1346 1473 1378 institor
1485 1344 1631 1377 mercis!

933 1398 1040 1429 Vitrea
1055 1397 1166 1436 fructa
1190 1396 1397 1439 proverbiali
1420 1395 1530 1437 figura
1549 1399 1630 1427 sunt

929 1457 984 1479 res
998 1447 1081 1478 viles
1095 1451 1132 1478 et
1145 1447 1268 1482 nullius
1282 1447 1398 1490 pretii.

971 1500 1014 1529 76
1038 1497 1200 1529 Immeasoe
1223 1498 1382 1530 volucrum
1404 1497 1514 1539 nubes]
1537 1498 1630 1530 Aves

929 1546 1017 1578 enirn
1029 1546 1119 1577 iuter
1130 1545 1280 1584 missilia,
1291 1558 1366 1590 quae
1382 1548 1632 1590 spargebantur

930 1597 964 1629 in
981 1597 1158 1638 populum.

973 1650 1014 1679 77
1039 1647 1136 1679 Nilus
1163 1646 1265 1688 socer]
1299 1649 1399 1681 Nilus
1429 1647 1553 1681 fluvius
1577 1649 1632 1681 ΔΕ·

931 1698 1039 1740 gypti.
1083 1697 1193 1739 Sacer]
1225 1699 1317 1733 Quia
1344 1700 1469 1732 divinis
1497 1701 1632 1733 bonori-

931 1749 994 1781 bus
1008 1750 1121 1781 cultus
1136 1749 1228 1790 apud
1243 1750 1437 1792 AEgyptios,
1453 1756 1492 1783 ut
1507 1752 1635 1784 docent

933 1800 1106 1833 Diodorus
1128 1802 1274 1844 Siculus,
1292 1809 1328 1835 et
1343 1803 1550 1835 Heliodorus
1575 1804 1633 1837 lib.

932 1858 1001 1882 vu.
1030 1851 1120 1883 unde
1148 1851 1239 1884 festa
1270 1852 1304 1884 in
1334 1853 1435 1895 hujus
1470 1854 1635 1886 honorem

931 1902 1053 1932 Νειλῦα
1076 1907 1209 1935 vocata.
1253 1903 1474 1945 Hom-ictusque
1506 1905 1636 1946 Phasis]

932 1951 1103 1993 Designat
1124 1953 1327 1986 Phasianos.
1370 1955 1425 1987 De
1450 1956 1555 1988 Phasi
1580 1966 1636 1988 su-

933 2011 1007 2043 pra.
1045 2002 1183 2035 Dicitur
1208 2005 1354 2037 hon—idus
1382 2006 1427 2038 ob
1456 2005 1635 2039 feritatem

934 2052 1149 2086 Colchorum.

975 2106 1019 2134 78
1042 2104 1206 2146 Numidoe]
1242 2105 1372 2139 Africae
1403 2107 1534 2148 populi.
1576 2108 1639 2140 Le·

931 2153 1030 2194 gunt]
1051 2154 1204 2187 Gallinas
1230 2156 1433 2189 Numidicas
1462 2157 1639 2199 intelligit,

934 2213 1010 2245 quae
1027 2204 1140 2235 Plinio
1156 2211 1236 2237 sunt
1251 2207 1494 2248 Meleagrides.
1539 2208 1639 2240 Colu-

933 2255 1038 2286 mella
1053 2255 1135 2287 alias
1153 2256 1327 2289 existimat
1342 2264 1378 2290 et
1394 2259 1518 2298 Varro,
1533 2259 1639 2291 crista

935 2307 1067 2340 scilicet
1081 2308 1250 2339 coerulea:
1275 2317 1351 2339 cum
1370 2309 1401 2340 N
1407 2309 1564 2341 umidicae
1586 2319 1641 2341 ru·

935 2359 1030 2391 bram
1060 2357 1221 2399 habeant,
1238 2359 1346 2399 guttis
1371 2359 1636 2401 distinguuntur.

934 2409 1107 2442 Martialis
1117 2410 1128 2427 ⁴
1136 2409 1337 2442 Numidicas
1347 2410 1516 2451 guttatas'
1528 2419 1640 2445 vocat.

935 2461 957 2493 J
962 2461 1116 2492 uvenalis
1127 2461 1137 2477 ‘
1153 2470 1233 2492 aves
1248 2460 1378 2494 Afras.'

979 2513 1023 2542 79
1045 2511 1174 2542 Desunt
1202 2511 1256 2551 qui
1279 2512 1422 2553 rapiunt,
1448 2512 1519 2553 εμπ]
1544 2513 1639 2545 Dicit

938 2564 1067 2591 tantam
1082 2570 1156 2592 esse
1171 2561 1350 2594 missilium
1364 2563 1511 2603 copiam,
1528 2568 1566 2594 ut
1582 2563 1642 2595 de-

938 2610 1005 2642 sint
1032 2611 1091 2652 qui
1116 2611 1265 2653 rapiant,
1290 2618 1326 2644 et
1342 2613 1434 2644 sinus
1451 2613 1523 2654 jam
1546 2613 1640 2654 pleni

938 2660 1101 2701 gaudent,
1115 2662 1208 2702 quod
1231 2663 1405 2704 supersint
1428 2663 1539 2696 adhuc
1561 2665 1641 2705 alia,

939 2720 1016 2752 quae
1030 2712 1220 2753 rapiantur.
