1800 3060
622 177 686 208 DE
719 177 923 208 ΡΛΡιΝιο
953 174 1148 208 surm.
1556 168 1614 211 31

256 273 410 329 wipo,
429 273 703 329 Panegyrico
723 273 781 316 ad
805 271 1049 316 Henricum
1070 283 1146 315 ιιι.
1175 271 1505 327 Imperatorem.

324 352 398 394 Ex
416 353 577 394 nostris
596 352 779 394 monitis
792 352 986 394 callebat
1004 353 1225 394 STA'rms
1247 358 1405 394 auctor

323 420 563 465 Thebanos
583 420 776 478 juvenes
796 420 942 462 mistis
963 419 1212 462 discernere
1230 419 1438 463 flammis.

401 520 562 563 Petrus
584 519 823 568 Mauritius
843 519 1002 563 Abbas
1030 520 1355 568 cluniacensis.

324 597 423 642 Vos
442 613 471 641 o
489 600 707 656 praecipui
726 599 921 647 cultores
948 599 1266 654 Philosophiae,

384 665 512 720 Quos
528 659 684 710 eadem
703 668 897 725 propriis
915 667 1083 710 educat
1101 669 1146 710 in
1165 669 1334 712 laribus
1352 684 1365 725 ;

329 734 439 790 Ejus
462 748 556 790 vos,
577 736 772 790 inquam,
790 737 883 791 poti
903 737 1114 791 pastique
1136 738 1323 792 papilla,

385 803 511 855 Quos
530 805 708 858 proprio
730 803 893 846 studiis
913 804 1068 846 imbuit
1086 818 1159 847 ore
1179 806 1336 847 sacris.

329 871 473 923 Naso,
498 872 679 923 Flacce,
702 871 847 924 Maro,
867 872 996 924 Stati,
1019 872 1211 923 Lucane,
1233 873 1411 925 Boethi,

383 940 442 983 Et
461 941 728 996 quicumque
749 946 876 983 tuum
897 941 1087 983 carmine
1106 941 1247 983 comis
1269 954 1385 996 opus
1402 955 1412 984 :

329 1009 482 1065 Hujus
503 1009 681 1052 Livoris
700 1023 784 1052 vos
804 1013 982 1063 tangere
1004 1023 1158 1052 mucro
1178 1010 1382 1062 minatur,

387 1076 480 1118 Hic
501 1081 545 1119 et
559 1076 614 1118 de
636 1082 782 1120 vestro
802 1077 967 1131 cogitat
986 1077 1142 1123 exitio.

326 1141 427 1186 Vos
446 1145 606 1186 etenim
625 1145 776 1196 laedet,
798 1146 875 1200 qui
894 1145 1167 1188 laederenon
1183 1147 1310 1188 timet
1329 1147 1468 1198 illum,

386 1211 531 1263 Quem
551 1213 722 1255 socium
739 1214 870 1256 vobis
892 1213 1142 1269 Calliopaea
1160 1214 1292 1257 dedit.

520 1303 626 1346 Gul.
647 1304 776 1346 Brito
795 1304 924 1346 initio
944 1304 1246 1359 Philippidos.

300 1379 396 1423 Aut
414 1380 490 1435 qui
509 1384 599 1423 tam
618 1382 779 1436 sapido
799 1382 1032 1425 Thebaida
1052 1384 1247 1425 carmine
1269 1383 1465 1439 scripsit,

302 1448 366 1491 Ut
386 1454 522 1504 queat
542 1450 603 1492 ad·
622 1451 803 1505 plenum
823 1451 958 1506 digno
979 1465 1217 1494 memorare
1238 1453 1377 1494 relatu

300 1517 392 1559 Tot
413 1518 560 1561 victos
578 1518 743 1570 hosteS,
763 1523 833 1561 tot
851 1519 982 1570 bella,
1002 1523 1066 1562 tot
1086 1519 1354 1561 obsidiones.

609 1606 748 1658 Idem,
762 1607 839 1649 lib.
861 1618 932 1648 lx.
953 1610 1166 1649 extremo.

391 1691 432 1732 0
452 1704 573 1732 nune
590 1691 765 1733 Lucani
785 1694 885 1733 ruat
904 1692 952 1733 in
969 1705 1055 1742 me,
1071 1692 1168 1734 sive
1187 1690 1392 1734 Maronis

391 1758 585 1812 Spiritus
602 1773 614 1811 3
636 1762 712 1800 aut
730 1759 890 1801 saltem
906 1758 1109 1801 Thebani
1130 1760 1250 1802 vatis
1270 1761 1434 1813 imago.

389 1849 503 1862 --——-
523 1831 696 1869 tantum
716 1830 763 1869 ut
782 1840 953 1869 merear
971 1827 1165 1881 vestigia
1183 1828 1380 1869 lambere
1404 1829 1517 1880 sola,

390 1893 537 1937 Unius
557 1895 714 1937 similis
734 1895 780 1936 in
803 1894 999 1937 carmine
1018 1894 1167 1937 sactus
1187 1908 1351 1937 eorum.

289 1989 344 2031 B.
363 1989 614 2031 Bernardus
633 1989 688 2031 de
711 1989 1010 2031 Conversione
1031 1989 1089 2030 ad
1112 1988 1323 2039 Clericus,
1344 2002 1444 2044 cap.
1465 1989 1506 2031 8.

221 2067 349 2115 Tune
381 2068 490 2112 mihi
525 2068 570 2109 id
605 2068 827 2110 modicum
856 2067 1193 2118 consolationis,
1224 2067 1346 2122 quod
1382 2072 1622 2122 utcumque

166 2134 386 2184 mendico,
416 2140 560 2176 tentas
591 2135 839 2190 surripere?
900 2135 1044 2185 Dixit,
1064 2139 1108 2177 et
1128 2148 1229 2176 cnm
1249 2135 1556 2189 indignatione
1578 2141 1624 2176 et

166 2202 310 2247 furore
329 2202 557 2252 recedens,
576 2205 588 2224 ‘
606 2202 758 2254 teneo,’
778 2202 937 2258 inquit,
961 2202 1258 2257 ‘longumque
1280 2202 1474 2244 tenebo!
1533 2203 1623 2248 Pa-

23 2328 36 2334 *
166 2269 260 2326 pin.
279 2268 423 2318 Theb.
445 2281 498 2310 11.
518 2269 619 2313 429.

473 2358 662 2401 Cosmas
682 2359 919 2413 Pragensis
938 2360 1066 2403 initio
1088 2359 1310 2401 Chronici.

199 2434 206 2439 ’
224 2437 279 2478 Id
301 2437 443 2479 solum
464 2450 612 2492 operoe
632 2439 816 2493 pretium
834 2438 945 2480 duxi
965 2439 1011 2479 in
1031 2451 1130 2479 meo
1151 2451 1301 2492 opere,
1317 2442 1368 2479 ut
1383 2439 1452 2480 vel
1469 2442 1533 2489 tu,
1551 2441 1625 2481 cui·

170 2516 198 2544 a
217 2504 317 2545 Deo
337 2504 497 2545 collata
516 2509 585 2546 est
604 2505 849 2559 Sapientia,
880 2506 954 2547 vel
974 2506 1053 2546 alii
1073 2505 1264 2559 potiores
1283 2506 1484 2555 scientia,
1507 2506 1625 2547 sicut

169 2571 383 2626 vitgilius
402 2573 555 2614 habuit
568 2573 715 2628 Trojae
734 2573 912 2615 excidia
931 2578 979 2614 et
999 2573 1169 2614 Statius
1187 2572 1432 2622 Thebaida,
1452 2574 1516 2614 ita
1536 2574 1624 2627 ipsi

170 2638 254 2680 hoc
274 2652 421 2681 meum
452 2653 565 2694 opus
590 2640 782 2683 habeant
799 2653 881 2695 pro
902 2640 1102 2690 materia,
1124 2652 1212 2694 quo
1240 2654 1367 2682 suam
1390 2640 1623 2683 scientiam

171 2707 355 2760 posteris
375 2707 619 2759 notificent,
641 2714 687 2750 et
706 2721 865 2753 nomen
887 2708 974 2755 sibi
993 2708 1289 2762 magnificent.
