1800 3060
153 222 242 264 556
654 233 694 262 r.
728 232 918 263 ΡΛΡιΝιι
952 232 1120 264 swern

154 326 351 379 Excidit,
372 331 416 369 et
436 327 598 369 mediis
619 329 752 370 miser
771 328 1004 382 evigilavit
1022 329 1068 371 in
1089 329 1225 371 undis
1243 329 1277 383 ;)

152 396 520 450 Parthenopeque
539 408 670 438 suum
690 396 826 449 longo
844 397 1008 451 probat
1030 398 1180 439 ordine
1200 399 1319 440 vitae.

325 461 352 488 ae
468 463 497 490 ιε
618 464 645 491 κ
763 464 789 492 ιι
911 465 940 493 *
1058 467 1086 493 ιε

154 569 360 612 aquisfdicit
381 573 413 602 te
437 580 527 602 suum
548 580 622 604 esse.
669 572 715 603 Et
737 571 771 603 in
795 571 852 604 hac
874 572 949 604 urbe
973 573 1092 613 Meton,
1112 575 1183 614 post
1207 573 1317 614 longas
1331 573 1487 609 hominum
1502 576 1624 612 oetatea,

770 678 829 690 ΝΟ

153 749 351 782 Parmensis
373 749 408 782 in
420 750 585 783 Biblioth.
600 751 754 784 Florem.
811 750 914 783 Graia
929 751 1028 790 refert
1045 751 1139 784 Helle
1154 750 1390 783 Markland-ns.
1430 751 1549 783 Graius
1563 761 1625 793 qua

150 803 253 835 puppe
267 793 419 833 mag-ister
431 794 574 826 Venett.
588 797 618 827 1.
630 797 664 826 2.
679 798 712 827 3.
726 797 760 827 4.
786 794 901 826 Parm.
918 795 1016 826 Rom.
1043 795 1182 827 vicent.
1209 793 1316 826 Aldd.
1348 794 1459 826 Colin.
1489 795 1624 836 Grypb.

153 836 261 869 Basil.
284 839 349 868 ἃς.
375 837 478 868 Graia
502 837 601 878 refert
629 837 739 873 Tiren,
769 838 867 880 Trous
893 848 954 879 qua
972 848 1073 880 puppe
1099 840 1251 878 magister
1267 838 1460 869 Gronovius
1478 837 1624 870 Heinsio
1664 859 1667 861 -

154 880 287 921 Syllog.
301 879 411 920 Epist.
429 880 530 911 Toni.
545 889 605 912 ιιι.
623 890 670 922 pp
695 883 771 913 486.
788 883 865 914 487.
912 881 1009 913 Idem
1026 881 1109 912 ibid.
1123 882 1207 922 legit
1222 891 1230 912 :
1256 880 1299 913 Te
1313 882 1455 922 degente
1475 890 1530 912 sua
1548 905 1556 914 .
1571 904 1580 913 .
1595 904 1604 913 .
1616 904 1626 914 .

158 922 263 954 Graia
291 922 389 962 refert
416 923 520 960 Siren,
547 924 658 963 Trous,
687 925 740 965 &a
788 923 951 955 Heinsius
978 924 1132 956 Gronov.
1159 925 1258 956 Τοιιι.
1289 932 1346 956 ιιι.
1370 933 1429 964 pp.
1445 926 1522 955 481.
1547 926 1625 956 482.

156 965 323 1007 Phrygius
332 976 391 1007 qua
402 976 504 1007 puppe
518 968 672 1006 magister
687 977 729 998 ex
749 968 904 1008 margine
921 968 1117 1000 Parmensis
1133 968 1167 998 in
1184 967 1347 999 Biblioth.
1360 967 1514 998 Florent.
1553 967 1624 998 Pro

158 1008 280 1040 Graius
303 1009 500 1041 Gronovius
517 1010 702 1051 aliquando
724 1010 815 1052 conj.
837 1014 960 1051 gratus,
976 1015 1066 1042 teste
1086 1011 1229 1042 Heinsio
1245 1009 1495 1042 ibidem—129
1516 1009 1626 1049 qu’or

154 1055 187 1084 et
211 1051 286 1084 inde
300 1061 390 1084 suum
406 1053 533 1085 Venet.
552 1056 582 1085 l.
606 1054 716 1085 Mater
730 1057 762 1085 et
776 1054 849 1084 inde
863 1064 953 1085 suum
969 1054 1083 1086 Parm.
1107 1053 1215 1093 Major
1226 1063 1362 1096 quoque
1377 1053 1489 1084 codex
1505 1053 1626 1084 Domi·

156 1095 218 1134 tii;
242 1094 334 1127 unde
361 1095 420 1128 ille
437 1105 446 1126 ε
474 1097 580 1128 Moeon
604 1100 634 1128 et
650 1097 724 1128 inde
739 1106 849 1135 suum5
871 1097 962 1139 quod
978 1097 1106 1129 habent
1123 1097 1224 1128 Rom.
1239 1096 1344 1128 Aldd.
1361 1096 1472 1128 Coliu.
1490 1095 1623 1137 Gryph.

154 1137 264 1170 Basil.
283 1138 399 1171 Plant.
418 1144 562 1172 eeterae.
585 1140 844 1181 Parthenopeque
869 1150 965 1172 sunm
987 1141 1075 1181 conj.
1102 1139 1342 1172 Marklandus.
1386 1140 1496 1171 Mater
1510 1140 1625 1171 etimie

152 1191 242 1213 suum
256 1183 348 1222 longe
361 1182 471 1223 probat
485 1183 594 1214 ordine
608 1183 695 1214 avito
712 1183 891 1214 Moeonideu
910 1183 1075 1215 Heinsius
1094 1184 1127 1215 in
1145 1182 1291 1215 Advers.
1318 1182 1377 1215 lib.
1390 1192 1448 1215 ιιι.
1476 1192 1553 1223 cap.
1571 1185 1624 1214 13.

155 1234 191 1264 p.
206 1226 284 1257 497.
329 1224 429 1257 Idem
456 1231 572 1258 tamen
598 1226 633 1257 in
658 1226 788 1267 Syllog.
804 1226 916 1267 Epist.
932 1227 1028 1260 Tum.
1044 1236 1103 1259 ιιι.
1121 1237 1154 1267 p.
1170 1229 1246 1258 481.
1260 1227 1460 1268 proposuit:
1478 1225 1626 1265 Excidit,

154 1268 227 1299 inde
265 1267 337 1310 (vel
366 1268 466 1310 unde)
495 1279 584 1301 suum
599 1270 691 1308 longo
704 1269 817 1310 probat
835 1270 943 1301 ordine
958 1271 1034 1302 υἱέα»
1050 1269 1252 1302 Maeonidem.
1277 1268 1473 1300 Gronovius
1496 1269 1624 1309 Syllog-

154 1311 268 1352 Epist.
283 1311 379 1343 Tom.
395 1321 451 1343 ιιι.
468 1322 501 1353 p.
518 1315 594 1344 487.
619 1313 726 1352 Major
751 1316 780 1344 et
804 1313 884 1344 unde
898 1323 987 1345 suam
1001 1314 1093 1354 longo
1106 1312 1215 1354 probat
1231 1313 1339 1344 ordine
1351 1311 1426 1343 υἱέα·
1442 1311 1626 1344 Maonides.

152 1354 346 1386 ‘Lacunam
374 1355 429 1386 hic
454 1365 530 1386 esse
546 1357 769 1397 suspicamur.
817 1355 922 1387 Certe
938 1356 1109 1388 neminem
1124 1355 1316 1387 mortalium
1333 1355 1409 1387 haec
1422 1355 1627 1396 compositu-

155 1406 243 1436 rum,
266 1401 305 1429 ut
335 1398 508 1430 constanti
524 1399 697 1431 sententia
713 1398 858 1440 intelligi
875 1399 1007 1440 possint
1021 1410 1031 1438 ;
1055 1399 1119 1431 nisi
1135 1400 1163 1431 si
1186 1398 1323 1430 codices
1337 1397 1453 1440 aliqui,
1469 1396 1625 1430 omnibus

154 1440 322 1472 hactenus
352 1441 432 1472 visis
461 1442 630 1479 meliores,
662 1443 941 1484 supervenerint.
995 1443 1080 1474 Dixi
1108 1442 1151 1474 de
1173 1442 1308 1474 lacuna.
1365 1442 1491 1473 Potest
1521 1440 1624 1472 etiam

155 1483 365 1525 superfluum
390 1484 446 1516 hic
477 1485 606 1527 aliquid
631 1495 718 1524 esse,
735 1485 828 1527 quod
845 1486 951 1517 tantis
966 1485 1120 1518 tenebris
1130 1485 1245 1518 omnia
1262 1484 1390 1517 induat.
1435 1485 1555 1516 Sermo
1569 1489 1626 1516 est

155 1526 201 1558 de
217 1528 342 1559 Moeone
356 1527 516 1569 quodam,
541 1538 642 1570 quem
659 1528 735 1571 quis
751 1532 787 1560 et
805 1528 894 1560 unde
909 1530 957 1560 sit
971 1538 1071 1561 nemo
1087 1529 1196 1561 novit.
1225 1529 1287 1560 Est
1301 1537 1378 1560 mox
1394 1527 1438 1560 de
1454 1527 1626 1566 Maeuiae,

155 1570 179 1602 i.
191 1580 222 1603 e.
245 1569 412 1611 Homero,
433 1573 477 1603 ‹le
502 1582 568 1614 quo
589 1572 760 1604 certarint
774 1571 876 1603 nrbes
889 1573 1020 1604 multae.
1065 1572 1167 1613 Mihi,
1189 1571 1216 1603 si
1233 1571 1335 1603 detur
1349 1570 1624 1610 audacia‚Papi-

156 1613 232 1644 nius
254 1613 435 1655 reliquisse
449 1615 692 1656 perhibeatur:
716 1615 855 1646 Maeonis
868 1615 941 1647 inde
956 1625 1044 1648 suum
1058 1615 1150 1655 longo
1163 1614 1275 1656 probat
1289 1614 1397 1646 ordine
1409 1618 1512 1646 vatem
1526 1613 1626 1645 Maeo-

154 1656 280 1694 nidem;
302 1657 434 1699 aliaeque
445 1679 453 1688 .
469 1681 478 1690 .
490 1681 499 1690 .
516 1681 525 1690 .
540 1658 708 1700 Diripiunt
719 1669 732 1696 ;
754 1661 931 1699 cunctoeque
952 1659 1085 1700 probant
1095 1669 1106 1690 .-
1122 1668 1182 1690 non
1206 1657 1347 1689 omnibus
1370 1657 1423 1689 ille
1449 1657 1560 1696 Verus,
1573 1658 1626 1697 ξε.

156 1700 305 1739 Moeonis,
326 1700 348 1732 i.
365 1710 396 1731 e.
412 1711 470 1732 ora
483 1702 537 1732 vel
554 1704 648 1743 regio
664 1702 715 1733 sic
731 1702 909 1733 nominata
926 1713 936 1742 3
960 1711 1060 1744 quam
1076 1701 1234 1742 suspicor
1249 1710 1317 1732 non
1331 1701 1431 1741 longe
1447 1699 1543 1731 Sellis
1566 1699 1626 1730 ab·

155 1741 288 1774 fuisse.'
312 1743 430 1775 Barth.
475 1745 552 1776 ‘De
575 1745 616 1776 iis
643 1744 896 1786 desperandum
921 1749 987 1786 est,
1011 1745 1123 1777 donec
1149 1744 1344 1775 inveniatur
1369 1743 1480 1775 codex
1506 1742 1626 1784 aliquis

154 1786 214 1826 qui
239 1787 353 1819 locum
375 1788 537 1828 suppleat
551 1798 562 1819 z
586 1788 667 1820 mibi
682 1789 774 1820 enim
790 1788 928 1820 minime
944 1788 1086 1820 dubium
1102 1793 1157 1819 est
1173 1797 1275 1819 unum
1292 1796 1427 1818 versum
1443 1785 1626 1825 excidisse,

154 1829 928 1916 zssi'izssss‘sssstkizffiffufflessi2¹¹5335333?
954 1831 1163 1907 {33:533
1189 1831 1262 1906 ‘32²0'
1287 1828 1627 1914 ⁴¹:3²3.::-¹.³::..‘³:¹}::.}‡

1161 1898 1172 1916 ‚
1257 1896 1266 1906 fl

828 1972 973 2004 NOTAE

156 2050 312 2078 natorem
335 2046 432 2078 navis
453 2046 581 2087 AEneae,
597 2047 655 2089 qui
670 2057 789 2080 somno
806 2047 866 2079 ob·

157 2101 255 2129 rutus
270 2098 304 2130 in
320 2106 414 2130 mare
429 2097 545 2139 lapsus
562 2102 629 2138 est,
643 2099 771 2141 quique
787 2108 866 2131 cum

155 2153 382 2190 experrectus
412 2149 637 2190 tentavisset,
670 2155 706 2181 et
739 2155 866 2181 terram

152 2199 227 2241 jam
265 2199 566 2241 apprehendisset,
601 2210 621 2232 a
649 2201 866 2232 Veliensibus

157 2249 291 2282 occisus
322 2252 387 2282 est.
442 2250 573 2282 Postea
605 2260 687 2282 vero
722 2251 866 2282 Lucanis

158 2300 362 2341 gravissima
397 2306 497 2342 peste
533 2301 784 2341 laborantibus,
815 2311 869 2333 re-

157 2351 299 2392 spondit
321 2352 497 2383 oraculum
520 2361 639 2384 manes
667 2352 823 2384 Palinuri
848 2363 868 2384 a

156 2401 377 2433 Veliensibus
413 2402 520 2434 occisi
556 2403 744 2445 placandos
781 2414 868 2438 esse.

158 2452 216 2484 Illi
253 2452 367 2494 itaque
407 2459 630 2486 consecratus
667 2460 723 2487 est
759 2455 866 2496 lucus,

158 2507 381 2544 erectumque
411 2506 668 2547 cenotaphium,
702 2507 868 2548 locusque

160 2553 220 2586 ubi
236 2553 393 2594 sepultus
409 2552 476 2585 fuit
490 2555 645 2587 Palinuri
661 2566 785 2587 nomen
811 2566 867 2588 ae·

159 2604 266 2646 cepit.
312 2602 384 2635 Pro
413 2604 534 2637 Graius
559 2612 688 2646 autem,
705 2617 771 2649 quo
795 2607 869 2649 epi-

160 2656 258 2687 theto
273 2654 456 2686 Palinurus
467 2655 623 2696 insigniri
637 2667 703 2689 non
719 2663 868 2699 poterat,

158 2707 217 2748 qui
247 2707 366 2749 Phryx
389 2711 466 2739 erat
489 2712 548 2739 aut
565 2708 746 2750 Trojanus,
768 2720 868 2752 repo-

161 2759 232 2791 suit
267 2758 463 2791 Gronovius
489 2761 616 2801 gratus,
643 2761 715 2792 sive
747 2762 866 2794 AEneae

162 2812 234 2844 sive
244 2811 404 2852 Teucris,
414 2812 486 2844 sive
496 2812 561 2854 ipsi
575 2812 723 2855 denique
737 2815 864 2857 puppi:

920 2057 998 2080 narn
1012 2047 1212 2090 frequenter
1226 2047 1371 2089 legimus
1385 2044 1538 2088 gaudere
1555 2048 1627 2076 tee-

921 2104 958 2132 ta
973 2104 1009 2131 et
1030 2100 1126 2132 locos
1141 2098 1324 2141 praesentia
1339 2097 1420 2129 boni
1435 2095 1576 2137 domini,
1590 2100 1627 2127 et

921 2160 1055 2183 rursum
1072 2160 1217 2182 moerere
1233 2149 1322 2181 illius
1338 2148 1505 2180 discessu.

965 2205 1028 2234 129
1050 2202 1306 2243 Parthenopeque
1335 2200 1459 2242 [Maon
1485 2202 1517 2232 et
1538 2197 1627 2239 inde]

921 2264 1012 2286 suum
1032 2254 1126 2294 longo
1144 2253 1258 2294 probat
1279 2253 1387 2285 ordine
1400 2252 1477 2284 ritae
1492 2251 1628 2283 Moeom'-

921 2304 996 2345 den]
1018 2304 1120 2336 Mens
1148 2303 1278 2336 Statii:
1304 2304 1490 2343 Maeonem,
1515 2312 1534 2334 a
1559 2311 1626 2344 qno

922 2356 1095 2388 Homerus
1111 2355 1360 2396 descendebat,
1386 2358 1422 2386 et
1436 2353 1526 2385 unde
1542 2353 1626 2385 Με-

921 2405 1040 2437 ouides
1066 2410 1223 2446 vocatur,
1249 2414 1341 2436 nunc
1363 2403 1525 2436 decidere
1547 2411 1626 2435 con-

921 2455 1136 2496 troversiam,
1172 2465 1250 2497 quae
1277 2454 1322 2486 de
1352 2452 1537 2486 Maeonidae
1564 2460 1625 2484 seu

923 2507 1067 2539 Homeri
1089 2507 1202 2549 patria
1223 2510 1300 2539 orta
1326 2505 1432 2538 fuerit
1451 2505 1543 2536 inter
1570 2506 1624 2534 tot

922 2559 1039 2600 urbes,
1053 2563 1089 2591 et
1105 2558 1252 2600 probare
1267 2557 1381 2589 Sellen
1397 2556 1461 2597 ipsi
1476 2553 1624 2596 patriam

921 2609 1041 2651 fuisse,
1077 2610 1205 2652 quippe
1237 2618 1314 2641 cum
1347 2611 1463 2639 tamus
1499 2603 1625 2645 Poeta,

922 2665 1072 2703 quantus
1095 2659 1260 2701 Papinius
1282 2662 1380 2699 pater
1400 2655 1530 2692 extitit,
1556 2665 1624 2687 non

923 2711 956 2743 in
973 2711 1040 2743 alia
1054 2710 1147 2742 nasci
1164 2707 1314 2751 potuerit
1323 2705 1421 2747 urbe,
1431 2715 1531 2747 qnam
1547 2713 1623 2747 qnae

919 2762 1031 2804 ipsum
1057 2761 1242 2793 Homerum
1265 2757 1413 2790 omnium
1438 2755 1623 2787 Poetarum

919 2813 1110 2855 principem
1136 2810 1244 2844 dedit.
1290 2808 1400 2848 Longo
1413 2803 1625 2846 ordinavisse]
